3374 5528
657 334 819 406 measa
1198 421 1200 425 ,
1348 353 1414 424 5¹5

60 551 118 591 res.
162 526 194 598 4)
215 531 385 604 Impossibile
416 531 523 587 omnino
544 539 603 598 est,
632 548 726 589 reram
746 532 817 588 Solis
838 550 857 588 a
876 535 964 590 Terra
984 535 1143 591 distantiam
1164 534 1218 591 hac
1237 535 1345 592 raticm
1365 537 1413 592 de·

62 619 227 670 monstrate.

151 702 218 762 ιω,
244 693 530 767 „illustraturusillnd
545 695 716 767 diagramma
736 693 812 748 brari
827 696 1028 760 commentario,
1051 698 1121 767 quod
1141 695 1275 751 neminem
1296 696 1413 763 noverit,

62 778 110 850 qni
130 773 375 831 demonstrationes
396 775 480 829 hasce
506 778 539 830 ad
561 776 715 829 umbilicum
743 775 890 844 perduxit“
913 782 977 834 haec
995 785 1147 848 praemittit:
1178 778 1413 847 Hipparchum

61 857 219 928 Kepleri,
241 855 339 909 librum
353 855 398 907 diu
419 855 611 920 desideratum,
632 857 751 910 nondum
771 856 835 909 mihi
857 857 973 929 contigit
994 857 1094 920 ridere,
1117 858 1188 911 forte
1209 857 1274 929 quia
1294 860 1413 915 nondum

61 939 173 994 editum.
215 938 296 992 certo
321 943 414 989 tamen
444 952 619 1006 praesumere
640 936 734 999 ausim,
757 943 844 989 totam
866 937 936 990 hanc
957 946 1045 991 artem
1066 938 1094 991 in
1114 938 1162 991 illo
1183 937 1253 992 libro
1268 938 1413 1009 perfectis·

62 1020 130 1074 sime
151 1017 233 1072 tradi.
275 1016 363 1069 Valde
384 1023 475 1072 metuo
501 1019 620 1073 auctoris
649 1027 763 1071 mortem
793 1033 930 1086 uunquam
956 1035 1008 1071 non
1030 1025 1234 1087 praematuram
1261 1034 1310 1072 nos
1332 1026 1413 1074 tanto

61 1101 195 1154 thesauro
216 1097 347 1167 privasse.
384 1097 452 1151 Utut
471 1098 515 1158 sit,
538 1099 663 1153 effectum
685 1097 838 1167 operia-ut
859 1097 916 1166 ipse
939 1103 1072 1161 testatur,
1094 1099 1122 1152 in
1142 1098 1300 1169 praeceptis
1322 1099 1414 1155 Tabu-

60 1182 152 1235 larum
174 1176 411 1246 Rudolphinarum
424 1179 525 1248 prodiit
545 1195 582 1233 ex
598 1177 756 1248 Hipparcho
777 1193 827 1230 suo
848 1178 979 1241 deductis,
1002 1195 1073 1250 quae
1094 1187 1159 1233 sunt
1179 1179 1287 1233 omnino
1301 1178 1415 1235 veritati

61 1267 265 1319 consentanea,-
295 1250 555 1328 hypotheses'ejus
585 1259 660 1312 inde
677 1264 839 1311 exstructae
870 1259 986 1314 omnium
1013 1261 1090 1313 solae
1115 1259 1286 1331 geometriae
1312 1265 1342 1315 et
1361 1258 1416 1319 sibi

62 1341 236 1413 undiquaque
257 1337 447 1402 consentiunt,
478 1340 549 1393 unde
570 1338 638 1392 satis
669 1337 838 1408 intelligenti
867 1347 911 1392 est
931 1339 1113 1404 manifestum,
1134 1339 1286 1410 Keplerum
1306 1339 1416 1395 unicum

61 1419 270 1494 diagrammatis
290 1418 372 1487 hujus
394 1419 507 1472 solidam
528 1419 659 1474 habuisse
680 1417 816 1473 notitiam.
846 1419 938 1474 Facile
959 1427 1011 1481 est,
1034 1436 1052 1473 a
1071 1420 1228 1490 praeceptis
1249 1420 1305 1474 suis
1327 1428 1416 1477 totam
1510 1417 1516 1437 '

62 1512 151 1557 ortem
163 1501 318 1559 addiscere
339 1499 406 1552 nihil
428 1500 481 1553 hac
501 1506 633 1569 exparte
654 1506 706 1559 est,
728 1500 799 1569 qnod
820 1498 848 1552 in
868 1500 991 1570 Keplero
1012 1501 1151 1555 desideret
1172 1507 1286 1571 praeter
1306 1502 1415 1557 demon·
1480 1548 1483 1556 .

62 1581 223 1636 strutiones.
266 1581 325 1633 Has
346 1586 437 1632 autem
454 1579 515 1647 jam
536 1579 586 1633 tibi
607 1579 727 1634 exhibeo
749 1587 801 1632 etc.

142 1661 325 1732 Diagramma
344 1659 510 1729 Hipparchi,
532 1667 613 1731 pergit
630 1664 785 1723 Horroccins,
816 1664 861 1714 est
889 1658 1029 1715 inventum
1050 1660 1315 1733 ingeniosissimum,
1337 1661 1415 1729 cuius

62 1741 179 1798 artificio
199 1740 288 1803 Solis,
318 1739 413 1793 Lunae
441 1746 471 1794 et
490 1742 604 1794 umbrae
625 1740 774 1794 Terrestris
796 1739 988 1794 semidiametri
1009 1746 1039 1795 et
1064 1741 1227 1810 parallaxes
1248 1742 1439 1814 geometrioe'

62 1825 136 1878 inter
165 1838 195 1875 ae
226 1826 431 1874 connectuntur.
472 1820 581 1874 Dicitur
601 1820 771 1891 Hipparchi,
803 1821 930 1890 quoniam
951 1819 973 1874 is
997 1817 1080 1881 (teste
1102 1816 1227 1887 Theona)
1248 1822 1416 1893 peculiarem

63 1909 216 1959 tractatum
247 1901 280 1954 de
309 1916 361 1954 usu
390 1899 450 1969 ejus
471 1901 650 1970 conscripsit,
680 1907 710 1954 et
739 1918 775 1955 ex
796 1900 845 1954 illo
870 1900 1075 1972 magnitudines
1097 1909 1127 1955 et
1153 1902 1305 1957 intervalla
1333 1902 1415 1968 Solia,

61 1985 160 2041 Lunae
181 1988 212 2037 et
231 1981 333 2036 Terrae
354 1981 560 2036 demonstrarit.
583 1981 697 2044 Primus,
729 1983 799 2052 quod
821 1981 914 2044 scitur,
936 1980 1248 2053 diagrammatishujus
1269 1989 1366 2038 auctor
1385 1989 1417 2039 et

62 2067 192 2121 inventor
212 2061 266 2116 fuit
284 2060 512 2115 Aristarchus
534 2061 655 2120 Samius.
684 2062 893 2117 mathematicus
914 2060 1030 2116 esimius
1052 2069 1082 2116 et
1102 2063 1288 2118 astronomiae
1307 2063 1424 2134 Pyctes.

62 2145 178 2220 goricae
199 2145 231 2197 de
253 2143 357 2195 Terrae
377 2148 451 2195 motu
474 2148 608 2204 sectator,
636 2141 714 2195 annis
739 2137 795 2195 160
815 2158 841 2195 a.
863 2159 890 2195 n.
912 2141 962 2196 Ch.
983 2141 1010 2195 in
1032 2142 1152 2197 Graecia
1170 2145 1280 2197 florens.
1324 2142 1417 2212 Hujus

62 2241 133 2297 opus
155 2225 188 2278 de
208 2221 442 2294 magnitudinibus
464 2228 493 2275 et
514 2222 669 2276 intervallis
683 2221 754 2276 Solis
775 2234 804 2275 et
818 2222 913 2275 Lunae
935 2220 1083 2277 etiamnum
1104 2230 1217 2278 exstare
1231 2224 1339 2287 dicitnr,
1361 2240 1415 2297 ego

62 2322 130 2361 rero
151 2305 269 2359 nondum
289 2302 357 2356 iliud
371 2300 434 2355 ridi.
462 2306 548 2369 (limat
565 2307 606 2358 hio
624 2310 650 2358 in
668 2313 792 2372 tempore,
810 2321 856 2374 qno
875 2307 986 2358 floruisse
1004 2309 1065 2358 dicit
1082 2310 1251 2362 Aristarchum
1269 2310 1416 2363 Horroccias

62 2398 108 2451 per
127 2376 179 2433 100
197 2396 293 2439 annos,
320 2381 367 2430 nisi
391 2395 463 2444 qnam
489 2381 559 2444 ponit
584 2394 700 2429 numerus
720 2377 788 2435 tto,
814 2373 973 2443 corrigendos
991 2380 1016 2429 ln
1037 2377 1103 2438 280,
1122 2382 1268 2432 tribuendus
1285 2388 1325 2445 est
1342 2382 1416 2435 aurosi

65 2462 251 2531 mpograpluico.
288 2459 356 2524 Opna
374 2460 510 2510 Aristarchi
535 2459 613 2509 edidit
630 2456 706 2509 latine
725 2474 820 2510 versum
839 2460 869 2511 G.
889 2458 973 2509 Valla.
992 2458 1057 2511 Van.
1080 2459 1168 2518 1498.)
1196 2454 1415 2527 Diagrarnmatia

64 2536 172 2609 proprii
187 2551 265 2590 nsum
278 2533 456 2590 Aristarchus
471 2534 614 2606 ignorasse
628 2532 736 2587 ridetur
748 2532 930 2604 Lansbergic,
953 2533 1071 2589 fortasse
1092 2537 1163 2606 quod
1184 2552 1237 2589 nec
1256 2535 1315 2604 ipse
1335 2550 1415 2591 usum

65 2618 128 2688 sjns
149 2616 275 2687 perfecte
295 2612 439 2686 intelligit.
483 2613 582 2668 Paucis
604 2618 726 2680 (centnm)
749 2623 813 2683 post
831 2614 1022 2670 Aristarchum
1043 2615 1122 2669 annis
1143 2615 1319 2686 Hipparchus
1339 2616 1415 2671 Rho·

66 2699 126 2753 dius
148 2699 254 2766 (verimi
272 2698 405 2764 Bithynos)
429 2696 542 2749 eandem
573 2694 831 2748 demonstrationem
860 2693 994 2764 peculiari
1015 2703 1137 2750 tractatu
1165 2695 1312 2767 exposuit,
1342 2696 1420 2750 unds'

65 2777 160 2834 vocari
181 2777 255 2831 solet
273 2775 426 2845 Hipparchi
446 2774 634 2847 Diagramma
661 2774 746 2829 Liber
766 2773 824 2844 ipse
837 2774 937 2845 periit,
959 2781 991 2828 at
1011 2776 1206 2831 demonstratio
1227 2778 1300 2847 apud
1320 2774 1430 2831 Ptole.

66 2875 174 2916 mum
195 2862 299 2913 exstat.
542 2870 546 2879 ·
1057 2889 1059 2894 ·

143 2940 449 3009 Longomcntanns
470 2941 638 3001 (Ashonomis
654 2938 754 2993 Dentes
771 2946 795 3005 p:
816 2937 875 2991 tta.
897 2936 958 3002 sta)
980 2934 1053 2989 hano
1066 2941 1189 2990 veterum
1204 2933 1427 3003 demonstratio-j

64 3039 126 3077 nem
146 3021 183 3074 ad
204 3033 269 3073 sues
289 3016 467 3087 hypotheses,
489 3015 611 3086 Tychoni
626 3015 746 3069 maxima
765 3021 897 3085 exparte
911 3023 1049 3087 acceptas,
1072 3014 1206 3085 applicat.
1234 3012 1429 3085 At-quoniam'

63 3120 118 3158 non
140 3100 268 3172 quadrat,
290 3113 350 3151 eam
364 3095 465 3165 rejicit,
487 3097 596 3166 culpam
616 3095 762 3165 conjiciens
784 3095 811 3149 in
825 3095 1004 3149 retractiones
1026 3095 1163 3150 radiorum
1175 3094 1320 3160 Solarium,
1341 3096 1415 3151 hanc

62 3196 258 3259 amparem
279 3177 383 3231 irritam
403 3176 549 3230 iacientes.
1242 3196 1247 3207 ·
1423 3180 1427 3189 '

143 3257 385 3329 Lansbergius
405 3261 464 3310 tcto
488 3254 695 3311 Uranometriae
716 3255 786 3309 libro
806 3272 885 3310 nsum
906 3261 936 3310 et
949 3255 1152 3324 praestantiam
1172 3255 1412 3314 demonstrationis

60 3341 252 3415 depraedicat
272 3339 320 3392 ubi
340 3337 431 3392 nescio
452 3352 523 3407 qnae
544 3335 723 3407 magniloqua
742 3338 776 3388 de
797 3352 849 3389 sna
868 3336 954 3406 ipsius
975 3337 1048 3388 nuda
1068 3343 1097 3389 et
1117 3335 1232 3406 simplici
1246 3336 1307 3404 ejus
1321 3337 1412 3409 expli·
1429 3392 1432 3397 ,

60 3425 192 3486 mione,
223 3422 257 3474 de
285 3417 477 3491 hypothesium
506 3410 677 3488 propriarum
699 3416 880 3469 consonantia
899 3416 1031 3478 mirabili,
1053 3414 1168 3469 aliorum
1189 3417 1361 3493 absurditate
1381 3424 1412 3474 et

58 3508 136 3561 inter
167 3518 198 3556 se
227 3498 412 3570 discrepantia
440 3497 510 3553 omni
537 3499 594 3552 iere
615 3495 720 3567 pagina
744 3497 879 3556 inculcat,
909 3497 1007 3550 librum
1037 3511 1114 3549 suum
1144 3503 1275 3569 tanquam
1295 3497 1411 3568 Lydium

57 3586 186 3659 lapidem
215 3582 250 3636 ad
279 3581 434 3651 probandas
463 3578 579 3632 aliorum
608 3577 775 3647 hypotheses
797 3578 984 3631 commendans
1014 3576 1139 3645 posteris.
1179 3575 1219 3633 dt
1239 3594 1329 3648 pauca
1347 3578 1409 3641 iste,

56 3672 180 3741 praeter
199 3661 337 3732 speciosos
359 3660 463 3723 titulos,
485 3661 519 3713 ad
540 3675 634 3712 reram
653 3655 859 3728 diagrammntis
881 3655 962 3724 hujus
984 3663 1111 3710 naturam
1130 3659 1321 3728 exponendam
1334 3664 1409 3714 attu-

56 3750 102 3812 lit,
126 3743 210 3801 simui
231 3759 291 3796 cum
310 3739 541 3795 demonstratione
562 3755 581 3792 a
599 3739 738 3792 veteribus
767 3745 883 3807 accepta
907 3738 1026 3807 ipsorum
1047 3737 1130 3791 etiam
1151 3754 1256 3793 errores
1277 3737 1408 3794 retinens.

55 3830 122 3888 Neo
142 3824 289 3898 quidquam
309 3820 372 3876 nori
392 3821 420 3873 in
441 3826 521 3874 tanta
540 3820 683 3872 verborum
704 3818 783 3888 copia
803 3836 851 3871 nos
872 3819 978 3882 docuit,
1009 3824 1121 3888 praeter
1141 3819 1247 3873 unicum
1267 3818 1409 3874 theorma

56 3906 150 3983 paulo
177 3903 292 3959 faciliori
311 3903 389 3956 modo
409 3899 587 3970 propositum,
609 3906 639 3952 et
658 3903 744 3952 totum
765 3898 831 3952 iilud
853 3915 871 3952 a
890 3898 1013 3968 Keplero
1035 3899 1196 3963 suffuratus,
1218 3897 1297 3968 cnjus
1317 3898 1407 3954 divino

56 3991 148 4062 plane
169 3983 282 4056 ingenio
302 3980 475 4055 ignorantiae
506 3987 535 4034 et
564 3978 742 4033 absurditatis
771 3986 864 4032 notam
894 3978 1059 4049 iniquissime
1080 3977 1180 4044 inurit,
1208 3978 1356 4050 suiipsius
1375 3995 1407 4035 re

57 4083 132 4125 vera
151 4063 308 4139 ignorantia
330 4060 528 4117 absurditatem
548 4059 611 4115 mihi
633 4060 814 4131 detegendam
834 4059 999 4130 relinquens.

145 4144 281 4212 Quocirca
312 4143 482 4214 diagramma
509 4140 578 4194 illud
606 4139 819 4210 Hipparchicnm
844 4139 969 4210 sequenti
999 4138 1191 4194 commentario
1214 4139 1407 4195 illustrandum

59 4230 179 4291 senen,
201 4223 323 4283 collectis
344 4223 472 4277 inunum
494 4237 591 4291 corpus
613 4219 827 4274 theorematibus
848 4219 1005 4290 praecipuis
1035 4219 1139 4274 abillo
1160 4219 1264 4284 enatia3
1295 4235 1349 4275 non
1370 4221 1406 4274 ad

60 4308 306 4370 demonstrandam
318 4303 390 4361 Solis
410 4301 576 4366 distantiam,
598 4317 678 4371 quam
699 4317 835 4370 nunquam
855 4301 909 4354 hac
928 4300 1034 4355 ratione
1056 4298 1184 4364 invenies,
1205 4302 1253 4355 sed
1273 4302 1308 4354 ad
1329 4301 1405 4355 dete·

61 4392 174 4467 gendos
193 4402 299 4443 errores
320 4383 479 4445 nonnullos,
501 4399 568 4454 qnos
590 4383 625 4436 ab
646 4381 810 4451 antiquitate
832 4381 947 4435 traditos
969 4379 1145 4450 amplectitur
1164 4380 1252 4434 adhuc
1271 4379 1405 4452 religiosa
1428 4450 1431 4455 .

61 4472 145 4530 nimia
159 4467 309 4524 recentium
324 4464 484 4524 credulitas;
505 4465 540 4516 ad
555 4463 731 4516 cohibendam
744 4461 909 4534 Lansbergii
923 4461 1095 4517 vanissimam
1109 4458 1304 4533 arrogantiam,
1326 4459 1404 4529 mans

62 4550 198 4625 imperita
216 4546 383 4603 trscmtom
403 4543 549 4598 miserrime
564 4546 731 4612 depravatur
747 4541 917 4612 ingeniosum
931 4543 983 4597 hoe
996 4541 1146 4603 inventum
1168 4541 1203 4595 ad
1216 4539 1405 4596 vindicandam
1428 4558 1431 4565 ·

62 4629 184 4706 Keplesl
205 4626 314 4691 famatu,
335 4624 467 4680 immerito
489 4639 507 4678 a
527 4623 698 4694 Lansbergio
719 4623 878 4677 laceratam.
1426 4666 1443 4679 ,.

141 4707 190 4761 flia
201 4706 342 4773 praenatis
354 4703 499 4754 Horroccius
511 4703 615 4753 absolvit
625 4701 772 4765 propositam
785 4700 1016 4751 demonstrationem
1025 4697 1095 4749 simili
1107 4711 1157 4764 qua
1167 4696 1290 4762 neptem
1300 4696 1405 4760 tatiana
1418 4754 1422 4761 ·

66 4780 262 4834 theomsts'bua
279 4777 414 4832 tredecim,
432 4773 521 4825 additis
539 4774 727 4838 problematibus
745 4780 851 4838 septem.
871 4786 966 4836 semper
983 4771 1115 4835 respitiens
1133 4767 1166 4819 ad
1184 4767 1360 4835 lamberglam
1378 4774 1405 4821 st

65 4852 179 4906 Tabulas
195 4849 373 4917 Budolphinas.
409 4845 481 4896 Haeo
498 4853 631 4912 sequnntur
648 4846 732 4909 capita
749 4841 775 4901 d,
789 4845 818 4894 ln
836 4843 923 4911 quihus
941 4841 1084 4909 Lansbergii
1101 4839 1251 4905 hypotheca
1266 4840 1405 4893 accurati·

66 4926 210 4981 minat.
235 4916 718 4988 mantuanensem,
742 4915 934 4982 qnitnrsttqas
954 4912 1062 4979 μω
1085 4913 1177 4966 albata
1215 4911 1405 4967 mm

1135 4997 1195 5030 ΟΝ
