3368 5534
738 310 901 366 romum
1223 300 1227 307 ’
1426 308 1491 384 51⁷

145 489 249 555 utrae
266 487 391 548 Lensrls,
418 502 520 556 psarmn
538 488 582 539 ills
598 489 719 547 totalimn,
737 491 802 541 hacc
819 491 960 555 partialium
978 490 1083 543 'l'elluris
1099 491 1227 558 eclipsium
1244 505 1323 545 sauss
1341 495 1432 553 existit
1450 497 1494 550 da-

145 556 296 615 enins'vle
322 562 360 612 Ex
376 575 478 629 qnorum
495 570 584 626 postea
600 564 793 626 comparatione,
812 563 938 612 advocatis
955 564 982 612 in
994 563 1129 615 subsidium
1145 565 1204 628 ipsis
1221 563 1378 616 luminarium
1391 569 1495 620 motibus

145 640 330 699 lampermngne
353 635 502 684 currentium
523 635 667 690 momentis,
692 637 837 698 praecipuas
855 635 981 699 eclipsium
999 634 1162 686 Terrenorum
1180 635 1282 700 phasee,
1301 638 1496 705 magnitudines,

145 707 276 763 imminue,
293 705 351 756 locs
367 712 394 755 et
411 704 553 754 durationes
572 704 604 753 ad
622 705 722 769 quodvis
740 705 889 754 novilunium
908 706 1055 771 investigare
1078 705 1171 757 docuit
1209 707 1271 757 Cum
1288 724 1345 759 vero
1363 713 1496 763 maximum

145 778 172 827 Ιι
188 790 221 829 ee
239 778 315 827 eitum
333 782 401 827 esset
417 784 577 829 momentum,
595 782 624 824 nt
641 776 877 826 semidiametrorum
896 777 957 826 disci
975 776 1091 833 Terreni,
1110 778 1210 829 umbrae
1228 781 1429 847 penumbraeqoo
1446 782 1496 833 Lu.

145 848 230 904 urle,
257 855 378 915 usqum
395 848 563 911 primariorum
582 846 707 897 Terrenae
735 846 852 913 eclipseos
876 846 1050 898 elementorum
1069 847 1248 899 determinatae
1266 853 1420 916 quantitates
1437 868 1497 920 geo·

145 920 256 971 meleis
267 919 517 970 demonstrationibus
528 918 679 976 fulcirentur,
697 919 722 968 id
735 921 812 983 ipsum
825 935 855 968 ex
868 919 1047 985 diagrammate
1059 920 1213 984 Hipparcheo
1225 928 1353 985 praestare
1366 938 1497 991 aggressus

145 996 184 1043 κ
199 990 325 1055 Keplerus
350 999 435 1040 noster
451 993 477 1041 in
496 1005 585 1054 opere,
614 992 653 1039 cui
675 1006 765 1040 nomen
790 990 851 1039 lecit
867 989 1091 1055 Hipparcho,
1118 992 1160 1041 ubi
1178 992 1233 1056 plns
1251 992 1302 1043 lere
1328 994 1497 1046 admirationis

145 1068 255 1115 mer
281 1063 408 1127 ingenium
432 1061 567 1117 humanum
595 1062 627 1110 sd
653 1064 820 1127 cognitionem
842 1076 942 1125 operum
961 1060 1024 1111 Dei
1043 1065 1108 1112 riom
1126 1063 1237 1120 moliens,
1256 1078 1329 1129 quam
1348 1081 1424 1131 opera
1442 1069 1497 1132 ipse

145 1138 255 1185 naras
271 1147 318 1198 pax
334 1147 362 1182 se
379 1132 459 1182 bruta
484 1132 544 1196 lpse
561 1147 617 1181 rsro
636 1133 725 1182 calculi
745 1134 830 1196 capite
847 1134 924 1182 etism
941 1132 1040 1182 exhibet
1060 1133 1185 1184 Bicciolus
1202 1136 1228 1184 in
1246 1136 1403 1187 Astrouomia
1420 1140 1496 1189 reior-

145 1200 219 1255 ἢ
235 1212 263 1255 et
280 1206 307 1253 in
319 1203 465 1269 ΔΙωιςωω
482 1218 535 1260 suo,
554 1204 579 1252 in
597 1218 644 1268 quo
663 1204 735 1252 simul
755 1206 883 1253 memorati
904 1205 976 1253 modo
988 1204 1174 1270 disgrsmmstis
1191 1214 1274 1270 partes
1286 1207 1382 1273 aliquas
1394 1209 1497 1261 demon·

145 1282 227 1327 share
252 1277 381 1327 mnititur.
427 1272 639 1335 Quemadmodum
664 1277 739 1324 etiam
757 1274 914 1338 Keplerianis
940 1275 1042 1325 ulterius
1060 1277 1198 1327 excolendis
1221 1283 1317 1342 tempus
1335 1279 1435 1345 ahqued
1451 1283 1497 1330 im·

145 1344 256 1411 pdere'
274 1346 343 1396 haud
360 1347 457 1411 gravati
473 1352 532 1395 sunt
548 1344 700 1403 Bullialdue,
719 1346 852 1410 Psgauus,
870 1346 987 1402 Wardns,
1008 1347 1155 1398 Horrocoius
1174 1348 1264 1414 aliique
1281 1348 1320 1398 his
1337 1352 1497 1410 recentiores,

145 1432 250 1483 pum
266 1418 391 1469 meditata
406 1416 446 1466 hic
465 1431 585 1480 exponere
603 1432 650 1466 uec
668 1419 741 1481 spatii
759 1432 806 1467 nec
823 1419 929 1468 instituti
948 1419 1011 1468 ratio
1023 1420 1149 1482 permittit.
1182 1418 1268 1469 Redeo
1280 1421 1361 1483 potius
1373 1422 1498 1486 adipsum

145 1488 253 1553 [qimi
271 1503 333 1553 opus
349 1487 516 1553 postremum
533 1490 559 1538 in
576 1503 623 1552 quo
641 1503 669 1538 se
687 1488 782 1538 laudati
801 1489 986 1554 diagrammatis
1005 1490 1240 1540 demonstrationem
1253 1491 1369 1542 demtum
1380 1507 1434 1543 esse
1443 1496 1498 1557 lam

145 1560 175 1611 ln
190 1560 309 1624 Epdteme
326 1574 374 1610 sua
390 1553 565 1610 Astronoroise
584 1560 768 1624 (lopernioanae
790 1562 943 1623 promiserat
980 1559 1031 1610 Sed
1048 1568 1184 1624 temporum
1202 1576 1301 1612 snorum
1318 1564 1409 1626 minna
1424 1578 1497 1631 prae·

145 1630 247 1697 pediam
264 1637 354 1681 auctm
370 1630 464 1681 loemm
480 1631 575 1681 huncce
592 1646 664 1680 suum
681 1633 708 1680 in
724 1631 805 1681 lucem
823 1632 895 1681 edere
913 1646 963 1681 nou
980 1633 1068 1695 potuit,
1087 1640 1143 1682 utut
1160 1632 1222 1696 Imp.
1235 1633 1359 1685 ldstthlse
1376 1635 1498 1702 glorimae

145 1718 224 1755 Ιι.
248 1702 392 1767 petentibus
410 1702 559 1752 comestis
587 1702 727 1752 exhibitum.
763 1702 993 1766 Hipparchus
1020 1704 1047 1752 in
1065 1703 1127 1752 duas
1144 1711 1229 1767 partes
1247 1704 1375 1763 dividitur,
1394 1721 1497 1772 quarum

145 1776 214 1839 pit
230 1773 396 1823 fundamenta
412 1776 496 1838 optics
513 1789 609 1830 eorum,
627 1787 692 1838 quae
709 1772 742 1823 ad
761 1774 897 1823 doctrinam
916 1775 1055 1838 eclipticam
1074 1777 1214 1825 accuratius
1233 1778 1424 1828 maminandsm
1440 1794 1494 1844 per-

145 1846 240 1903 thnt,
257 1846 421 1902 smmum
439 1851 466 1894 et
482 1844 637 1910 generalibus
655 1847 752 1908 opticae
778 1845 970 1895 theorematibus
996 1847 1136 1909 praemissis
1153 1847 1218 1896 iuter
1235 1847 1287 1896 alia
1303 1850 1357 1913 agit
1376 1849 1406 1899 de
1418 1850 1498 1917 figura

146 1916 213 1985 adil
231 1924 260 1967 et
276 1916 397 1972 umbem,
425 1914 456 1965 de
473 1916 626 1966 dimensione
643 1917 830 1976 refracdonum,
850 1915 881 1966 de
898 1916 1073 1980 parallaxibus,
1093 1917 1125 1967 de
1143 1917 1293 1982 dispersione
1311 1919 1374 1969 lucis
1391 1921 1498 1972 siderum

145 1988 175 2039 h
190 1988 294 2039 Lunam
312 1994 339 2037 et
357 1986 473 2044 Terram,
500 1990 526 2036 in
554 1989 636 2052 specie
660 1987 722 2037 lucis
740 1986 831 2037 Solaria
857 1989 884 2037 ln
902 1987 1014 2044 Lunam,
1034 1987 1121 2037 Lunae
1138 1990 1165 2039 in
1183 1988 1299 2047 Terram,
1318 1998 1344 2039 et
1361 1990 1453 2044 Terrae
1470 1994 1497 2044 in

145 2058 263 2117 Imm
296 2060 417 2122 posterior
442 2060 521 2122 ipsam
548 2058 675 2123 eclipdum
701 2059 838 2108 doctrinam
865 2057 980 2115 exhibet,
1005 2064 1032 2108 et
1052 2058 1220 2111 Ptole-aicae
1245 2061 1354 2111 methodi
1377 2063 1496 2127 nticula,

146 2130 281 2196 d'npsndia
298 2135 326 2180 et
342 2143 436 2180 moses
453 2129 568 2189 ostendit,
586 2131 744 2179 ssiamctriae
761 2129 917 2180 theoremate
934 2130 1093 2185 demonstret,
1111 2131 1236 2196 multaque
1247 2138 1336 2182 notatu
1347 2132 1425 2199 digne
1441 2150 1496 2200 pro·

145 2204 218 2269 pult
235 2202 268 2252 de
287 2200 413 2252 homenis
430 2199 494 2251 Solis
513 2208 540 2251 et
550 2202 638 2252 Lunae
650 2201 814 2257 obsenmdis,
833 2201 864 2251 de
881 2208 950 2251 motu
968 2200 1055 2252 Lunae
1073 2201 1159 2251 diurno
1177 2210 1204 2252 et
1220 2202 1316 2253 horario
1334 2206 1361 2254 in
1378 2208 1495 2269 eonlunc·

145 2274 258 2325 tinibus
277 2278 305 2323 et
321 2272 513 2337 oppositionibus
532 2272 687 2332 inveniendo,
707 2271 738 2321 de
755 2280 824 2323 motu
842 2278 868 2322 st
880 2272 970 2338 angulo
989 2271 1127 2322 latitudinis
1144 2288 1196 2323 uns
1207 2288 1263 2326 sum
1275 2273 1363 2325 Lunae
1373 2277 1495 2341 persilui

145 2358 212 2409 μη
228 2342 347 2397 methodo
374 2343 540 2407 inquirendis,
566 2347 671 2408 itemque
690 2343 721 2393 de
739 2344 907 2393 obseruatione
924 2344 997 2406 hujus
1015 2344 1100 2410 anguli
1125 2346 1188 2395 citra
1211 2347 1333 2396 maximae
1358 2346 1496 2399 latitudinis
1595 2390 1598 2397 .

146 2416 390 2481 metiemur,
413 2414 444 2464 de
470 2414 570 2464 umbrae
589 2414 769 2464 semidiametro
787 2417 854 2464 varie
871 2415 1024 2480 inquirenda,
1043 2415 1074 2465 de
1088 2414 1151 2464 Solis
1168 2416 1299 2480 parallaxl,
1317 2418 1451 2470 altitudine
1468 2428 1494 2471 et

323 2488 397 2535 tium
409 2485 504 2535 illorum
516 2498 641 2550 corporum
654 2487 720 2535 varie
733 2485 886 2551 detegendis,
905 2486 935 2536 do
948 2486 1081 2536 commodis
1094 2486 1199 2553 denique
1210 2488 1268 2538 inde
1278 2491 1305 2537 in
1317 2491 1494 2557 geographiam

145 2564 175 2611 ι
188 2560 220 2611 in
236 2558 345 2622 rehquas
362 2558 481 2607 ecimtim
498 2557 705 2614 redundantibus,
725 2564 753 2605 ut
770 2557 901 2606 multarum
919 2557 1044 2621 eclipsium
1062 2564 1115 2607 tam
1133 2557 1255 2609 Solarium
1272 2573 1347 2624 quam
1360 2560 1494 2613 Lmsrinm

145 2618 219 2697 hta
235 2628 418 2693 Keplerianam
435 2627 581 2693 hypothesin
607 2641 710 2678 examen
729 2627 853 2690 adiectum
871 2635 977 2678 taceam
1015 2628 1065 2678 Sed
1082 2629 1123 2678 his
1140 2629 1210 2688 liber,
1228 2631 1414 2682 immortalitate
1432 2647 1493 2684 sane

147 2700 326 2769 finitima,
344 2702 415 2762 mins
432 2701 492 2756 tibi,
510 2699 586 2750 lector
603 2699 746 2763 mhophile,
766 2708 937 2764 argumentum
954 2699 1059 2750 breviter
1076 2703 1191 2764 exposui,
1210 2701 1315 2752 allectus
1333 2703 1431 2767 quidem
1448 2705 1496 2755 luit

147 2770 287 2839 aKsplero
297 2776 381 2821 nostro
398 2778 425 2821 et
435 2769 578 2835 imperatori
591 2768 714 2821 Matthiae
732 2771 920 2835 gloriosissimae
937 2773 1069 2820 memoriae
1082 2772 1185 2833 oblatus,
1205 2778 1234 2822 at
1245 2772 1275 2822 ob
1287 2775 1389 2835 injurias
1400 2775 1495 2827 illorum

147 2850 287 2909 morum
303 2841 389 2906 perfici
406 2848 433 2892 et
448 2841 561 2906 publicae
578 2841 627 2891 luci
645 2843 732 2905 exponi
749 2857 798 2890 nou
816 2843 903 2905 potuit
928 2841 963 2891 Ut
980 2848 1064 2892 tamen
1082 2856 1113 2892 ne
1131 2845 1266 2909 ignorares,
1283 2844 1331 2894 hoc
1342 2845 1494 2897 celeberrimi

147 2916 259 2967 usseris
276 2915 453 2963 monimentum
470 2913 552 2963 adhuc
567 2927 694 2978 superesse
713 2919 740 2962 et
755 2914 781 2962 in
799 2927 882 2963 casses
899 2927 967 2963 meos
983 2914 1110 2971 incidisse,
1136 2923 1162 2966 te
1178 2915 1247 2966 hisce
1265 2917 1393 2967 sudorem
1411 2918 1494 2969 tacere

147 2986 417 3050 nnintmpestirum
433 2984 506 3045 duxi,
533 2985 560 3033 in
577 2999 617 3035 me
633 2984 706 3034 simul
723 2986 855 3048 recipiens,
880 2985 941 3034 nihil
958 2986 1150 3036 intermissurum
1165 3001 1208 3036 me
1225 3000 1289 3044 esse,
1307 2987 1372 3052 quod
1389 2989 1422 3039 sd
1440 2989 1491 3041 sdi-

148 3054 243 3109 finem
260 3057 466 3122 prsutmfinimi
487 3055 559 3118 huius
577 3058 656 3119 operis
673 3048 846 3105 matursudhm
863 3056 913 3105 ullo
931 3056 1002 3105 modo
1020 3057 1141 3120 pert'nere
1159 3057 1291 3114 ridebitur,
1315 3058 1399 3110 euos
1415 3060 1492 3111 hemo

148 3128 321 3195 ptrldmtis,
339 3140 403 3192 quse
420 3126 533 3176 subsidiis
551 3127 582 3176 ad
601 3126 736 3175 studiorum
752 3126 980 3176 mathematicorum
998 3129 1207 3178 continuationem
1224 3143 1298 3194 quam
1315 3131 1421 3181 maxime
1446 3146 1491 3183 ne·

149 3200 266 3253 flatile
281 3198 379 3248 labores
395 3213 464 3249 meos
480 3197 625 3255 sublevabit,
643 3212 744 3263 quorum
761 3197 801 3246 hic
818 3213 863 3261 per
883 3213 979 3248 omnem
996 3200 1074 3247 ritem
1090 3199 1145 3248 finis
1164 3202 1209 3250 erit
1226 3202 1322 3261 unicus,
1340 3208 1369 3251 ut
1385 3208 1492 3254 naturae

149 3284 247 3323 m
262 3270 344 3335 magis
359 3271 488 3336 magisque
506 3268 662 3334 detegantur,
680 3274 753 3333 atque
771 3267 819 3316 hac
836 3272 941 3326 ratione,
960 3283 1010 3334 qus
1026 3269 1095 3318 nulla
1112 3273 1216 3336 eogitari
1234 3278 1317 3334 potest
1332 3272 1425 3331 melior,
1442 3274 1488 3324 hu-

149 3343 219 3393 -l
236 3343 336 3408 genens
353 3340 420 3390 salus
437 3347 615 3407 promoveatur.
650 3340 680 3390 In
697 3354 788 3405 genere
806 3340 871 3389 enim
886 3340 978 3402 judicio
996 3340 1060 3389 illius
1078 3340 1214 3392 Verulsmii
1232 3341 1288 3403 (lib
1305 3341 1338 3392 11.
1358 3344 1390 3395 ds
1407 3359 1489 3413 augm.

151 3409 255 3475 seht)
263 3427 308 3477 pro
321 3418 388 3462 certo
399 3412 546 3469 habendum,
565 3425 668 3476 magnos
677 3412 704 3461 ln
716 3411 788 3460 rebus
800 3417 904 3461 naturae
918 3412 1007 3461 abditis
1026 3412 1138 3462 eruendis
1157 3421 1182 3463 es
1199 3414 1337 3463 reserandis
1351 3430 1492 3482 progressus

151 3484 191 3535 ela
207 3483 263 3535 heri
275 3497 357 3549 posse,
376 3483 422 3532 nisi
441 3483 474 3533 sd
485 3484 651 3547 experimenta
662 3481 768 3532 Vulcani
789 3488 815 3530 ct
827 3481 932 3532 Daedali
950 3481 988 3532 rel
1001 3485 1165 3547 cujuscunque
1178 3484 1277 3534 alterim
1289 3488 1386 3550 generis
1398 3495 1492 3538 sumtus

151 3554 253 3609 finde
269 3553 462 3619 suppeditentur.
488 3553 527 3602 'ln
544 3568 608 3613 raro,
626 3554 659 3601 mi
678 3552 819 3616 astrophile,
838 3553 966 3604 conahhus
983 3555 1052 3612 meis,
1070 3568 1131 3618 quos
1147 3555 1173 3604 in
1191 3555 1356 3607 nobilissimae
1372 3559 1492 3609 ocimum

150 3623 847 3681 hmmtumetornsmentumeenderehiuolacile
865 3625 989 3690 intelligis,
1008 3624 1462 3696 ismetremtusmexrotosge.

241 3696 386 3759 Ssribehsm
402 3695 502 3761 Lipu'se
518 3695 595 3761 pridie
613 3695 677 3746 lion.
695 3695 757 3746 Dec
778 3693 854 3745 1708.

155 4010 159 4017 '
241 4012 515 4085 hamtum'operis
532 4016 641 4082 inscripti
657 4015 885 4081 Hipparchus
903 4014 991 4066 emens
1008 4027 1058 4081 qus
1075 4017 1180 4067 ocemrit
1197 4016 1410 4071 insedicelorma
1426 4022 1490 4087 tpph

150 4090 335 4147 mrim,
352 4090 380 4138 in
396 4089 519 4154 proposito
531 4096 690 4154 susceptoque
708 4086 808 4138 consiho
820 4093 1001 4151 permanentes,
1020 4088 1150 4138 immnuta
1166 4087 1268 4153 Kepleri
1286 4104 1361 4155 opera
1371 4091 1421 4143 hse
1437 4092 1490 4144 edi·

148 4148 222 4217 'he
234 4158 382 4227 csdlgsndi3
401 4165 428 4209 et
444 4162 552 4225 quamde
570 4174 644 4225 segre
654 4159 786 4209 ierendum
804 4159 845 4215 sit,
863 4157 927 4222 quod
938 4157 1058 4222 Keplsrus
1076 4158 1218 4211 inchoatum
1235 4174 1285 4211 uon
1303 4162 1405 4212 absolm
1421 4177 1489 4227 opus,

151 4232 332 4291 Umbro
347 4230 407 4282 illud
424 4231 468 4281 alii
483 4231 672 4296 permittendum
689 4245 743 4281 esso
761 4243 904 4285 csmemus,
921 4231 970 4292 qui,
989 4238 1018 4278 ut
1033 4226 1149 4280 Herelius
1166 4231 1233 4289 dicit,
1252 4248 1332 4283 remrn
1349 4235 1441 4298 perissa
1457 4234 1490 4282 sit

152 4307 251 4371 ..etio
268 4303 393 4361 abundem
411 4315 508 4367 sparsas
525 4305 704 4362 annotationes,
726 4316 789 4366 quae
807 4300 839 4350 ed
857 4315 908 4350 ren
925 4301 1056 4364 pertinent,
1074 4316 1119 4350 nos
1136 4302 1181 4352 sub
1198 4302 1272 4353 hnem
1283 4304 1463 4370 subjungemus·

403 4656 666 4725 Kepbmsmhbns,
693 4671 752 4723 quos
776 4654 1489 4721 ipsspublieijnn'slecituecnoninlltsrisprirstis,

147 4674 210 4741 μ’*
243 4658 484 4789 με’-ΞΜ,
509 4729 540 4781 de
565 4728 659 4781 edendo
676 4728 722 4779 hoc
739 4741 812 4793 opere
828 4728 937 4791 scripsit,
958 4729 1087 4792 mucosis
1102 4726 1225 4777 exhibent
1259 4725 1367 4778 Primum
1383 4728 1489 4778 occurrit

189 4806 193 4813 “
359 4799 460 4851 archi
485 4802 510 4851 ln
529 4800 721 4861 „Potentibus”
744 4798 849 4864 operas
872 4796 939 4859 (Vol.
957 4796 990 4847 ll.
1006 4811 1066 4864 pag.
1084 4794 1148 4856 did)
1165 4797 1190 4846 h.
1209 4812 1232 4847 e.
1260 4811 1325 4848 suno
1353 4794 1435 4855 sete,
1462 4804 1489 4847 et

168 4864 173 4871 '
405 4884 435 4923 es
451 4870 489 4923 his
505 4872 594 4929 rubis,
613 4866 746 4936 Keplerum
764 4871 850 4927 mem
867 4875 989 4939 tempore,
1012 4883 1060 4934 quo
1078 4868 1193 4933 Opticsm
1215 4869 1370 4934 comonpsit,
1392 4869 1488 4919 initum
