3368 5534
280 313 343 383 ¹02
701 317 805 371 Literaa
821 270 924 381 Kapleri
942 315 1093 382 aliommqua
1110 318 1212 367 mutuae

276 496 311 559 In
334 499 364 569 3(
386 490 407 556 2
431 491 480 555 vel
502 490 534 557 3‘
558 492 665 556 deesse
688 501 760 575 puto
783 502 816 555 et
838 494 905 556 huic
929 502 961 556 et
983 492 1114 573 antiquis
1143 491 1381 574 hypothesibus,
1404 491 1486 557 torte
1506 499 1639 573 propter

193 622 199 632 ·
279 585 389 646 falsam
422 582 637 645 assumtionem
670 583 700 646 in
729 589 767 656 it.
813 582 944 654 Namd
974 582 1080 644 habuit
1112 601 1190 643 anno
1221 578 1274 645 93.
1308 581 1338 642 in
1364 583 1390 654 00
1416 578 1458 659 Θ
1490 598 1638 663 maguam

277 673 479 737 latitudinem.
527 670 590 734 Sed
613 691 673 735 non
695 672 800 747 video,
825 673 979 752 ³quomodo
1002 671 1153 751 corrigere
1176 669 1308 749 possim,
1340 668 1382 732 ιιι
1397 672 1509 734 nullum
1536 671 1637 735 dahi-

277 773 412 826 mentum
442 761 589 825 inferatur
620 761 694 823 loeis
726 761 857 840 reliquis.
909 761 953 825 Et
983 768 1084 823 tamen
1114 767 1244 839 possunt
1272 760 1348 821 haee
1376 757 1409 824 3¹
1440 760 1471 823 in
1501 757 1637 839 ΗΘ

254 850 397 916 'elticere
421 851 461 912 ad
484 850 695 932 apparentiam
722 847 872 913 10-1t¹.
919 848 983 913 Sed
1005 858 1039 911 et
1060 848 1141 911 aliud
1165 858 1216 910 est
1245 849 1323 929 quod
1356 849 1496 913 desidero
1518 850 1553 913 iu
1577 849 1638 912 baa

277 941 457 1025 hypothesi:
491 958 596 1018 nempe
625 939 703 1019 quod
726 939 766 1001 ad
795 939 942 1001 insaniam
975 957 1068 1018 usque
1099 938 1285 1001 contendens
1308 957 1431 1001 oausam
1462 939 1638 1002 naturalem

279 1032 450 1111 contingere
474 1048 532 1091 non
556 1046 687 1107 possum,
713 1048 766 1090 cur
788 1036 830 1104 (ς,
854 1029 902 1091 oui
925 1036 1013 1091 tantu
1036 1046 1103 1089 eum
1125 1027 1340 1107 probabilitate
1363 1028 1493 1091 libratio·
1507 1028 1541 1091 iu
1565 1029 1637 1090 dis·

277 1129 375 1184 metro
399 1119 586 1181 tribuebatur
609 1120 673 1190 (res
697 1117 775 1180 enim
799 1117 886 1180 nobis
909 1119 947 1179 ad
962 1118 1089 1180 virtutes
1112 1117 1302 1196 magneticas
1323 1117 1447 1198 pulchre
1469 1118 1636 1181 admodum

276 1208 458 1282 recidebat),
482 1208 582 1287 potins
606 1206 680 1268 velit
702 1207 746 1269 ire
771 1206 888 1288 ellipsin
912 1207 961 1268 vel
985 1205 1012 1268 ei
1033 1206 1203 1286 proximam
1224 1206 1313 1269 viam.
1360 1207 1505 1270 Fortasse
1529 1215 1635 1270 mmau

277 1307 360 1380 puto,
385 1298 513 1359 virtutes
536 1296 723 1375 magneticas
746 1314 805 1357 non
828 1293 948 1358 omnino
971 1296 1120 1375 respicere
1144 1295 1236 1364 sinus,
1261 1295 1315 1357 aed
1338 1295 1419 1358 aliud
1442 1295 1571 1378 aliquid.

368 1386 496 1449 Omnino
530 1386 612 1464 sapit
644 1384 846 1464 magneticam
869 1385 930 1446 vim
962 1384 1189 1458 eecentricitas,
1213 1392 1248 1447 ut
1271 1393 1321 1445 est
1342 1385 1372 1446 in
1397 1381 1635 1450 Commentariis

279 1478 370 1541 meis:
396 1485 430 1538 ut
453 1477 478 1538 si
502 1475 610 1554 globus
633 1482 659 1545 ο*
683 1474 809 1536 baberet
831 1493 919 1535 axem
942 1473 1144 1553 magnetieum
1173 1492 1231 1535 uno
1259 1474 1329 1554 polo
1360 1471 1400 1551 Θ
1426 1483 1633 1557 appetentem,

278 1570 374 1631 altero
399 1565 574 1645 fugientem,
599 1581 693 1643 eoque
717 1583 774 1624 axe
797 1563 1000 1642 porrigeretur
1022 1563 1052 1624 in
1077 1562 1280 1641 longitudines
1297 1562 1424 1638 medias,
1447 1572 1519 1627 tunc
1542 1583 1634 1647 qnam

249 1674 254 1683 ·
278 1657 329 1721 diu
351 1664 491 1717 versatur
514 1654 543 1715 in
568 1652 769 1715 descendente
793 1652 997 1727 semicirculo,
1015 1653 1145 1714 maxime
1168 1653 1197 1713 in
1214 1651 1399 1731 longitndine
1423 1653 1534 1729 media,
1557 1673 1632 1736 por·

277 1746 351 1825 rigit
381 1745 485 1824 polum
522 1751 715 1822 appetentem
745 1761 851 1804 versus
882 1741 943 1819 Θ,
985 1743 1086 1822 itaque
1120 1759 1239 1821 semper
1268 1741 1308 1802 sd
1332 1738 1373 1818 Θ
1405 1743 1545 1818 accedit,
1577 1743 1633 1807 aad

174 1834 179 1847 '
277 1834 408 1899 maxime
430 1833 459 1895 in
484 1830 668 1912 longitudine
701 1830 815 1905 media,
846 1828 919 1893 nihil
943 1832 973 1893 in
1005 1831 1170 1910 apsidibus.
1216 1830 1258 1891 Et
1287 1838 1358 1892 tuno
1384 1831 1414 1892 in
1448 1833 1632 1896 noendmta

276 1923 466 1987 seruieirculo
490 1920 656 2000 aequaliter
680 1918 856 2000 ιιιςίιιιΘ.
896 1921 1049 1983 Fortassis
1072 1919 1174 2000 itaque
1190 1920 1297 1992 (liceat
1315 1919 1392 1982 enim
1416 1920 1499 1996 mihi
1518 1921 1631 2002 jucun·

277 2012 402 2079 dissime
425 2010 568 2083 Fabrici,
597 2009 666 2072 dum
689 2019 788 2071 tecum
812 2010 916 2090 loquor
939 2009 1091 2078 exerceri,
1119 2010 1189 2071 dum
1212 2028 1354 2071 exerceor
1385 2010 1549 2091 prolicere)
1572 2011 1633 2075 alia

172 2120 176 2127 ·
276 2103 379 2185 aliqua
401 2102 450 2163 lex
473 2107 539 2175 est,
564 2117 623 2180 qua
644 2117 769 2180 magnes
792 2098 902 2179 aliquis
930 2099 1063 2178 fugitet
1085 2098 1235 2179 sequitur,
1269 2118 1358 2180 quam
1381 2098 1476 2163 sinus.
1523 2100 1629 2163 Posito

378 2261 434 2328 ra·
452 2256 495 2309 ³⁴·
598 2188 803 2357 tilieti
829 2187 1382 2357 ,lllttltttttfqtlllt
1400 2196 1445 2338 :l
1468 2188 1631 2353 tii&

405 2404 424 2447 g
564 2380 584 2419 1
598 2379 632 2428 ut
655 2366 758 2429 Solem
781 2367 893 2428 habeat
915 2367 945 2428 in
969 2367 1048 2428 linea
1070 2364 1138 2440 BC,
1163 2385 1207 2428 sc.
1231 2365 1260 2427 in
1284 2366 1328 2441 K,
1351 2384 1390 2428 ea
1412 2367 1454 2428 sit
1475 2368 1630 2448 proportio

381 2458 443 2526 ’,Γ
472 2472 507 2507 u·
600 2456 765 2518 celeritatis
789 2456 855 2533 ejus
877 2456 907 2516 iu
931 2455 1102 2517 accedendo
1126 2455 1164 2517 ad
1188 2455 1374 2518 celeritatem
1397 2456 1428 2518 in
1451 2457 1631 2531 mosomus,

321 2566 325 2573 ·
353 2560 371 2595 ”e
444 2576 462 2611 κ
600 2564 667 2606 cum
690 2544 783 2607 habet
807 2542 909 2607 Solem
933 2545 962 2606 iu
982 2545 1020 2617 D,
1045 2542 1194 2624 quaeest
1216 2545 1370 2624 proportio
1393 2545 1632 2620 ainus(versua)

435 2720 462 2771 *x
600 2741 705 2802 parra,
729 2722 788 2783 imo
814 2724 874 2783 lere
894 2723 982 2801 justa
1004 2741 1058 2802 pro
1082 2723 1232 2803 particula
1259 2722 1442 2796 librationis,
1465 2743 1521 2805 pro
1546 2745 1633 2788 men·

489 2796 497 2815 '
681 2831 689 2884 ;
714 2811 784 2891 quid
808 2811 833 2870 si
850 2830 921 2891 orgo
944 2812 1044 2889 potius
1068 2813 1111 2873 sic
1126 2812 1167 2873 sit
1186 2811 1261 2874 haec
1284 2831 1401 2893 quoque
1425 2831 1498 2876 vers
1520 2814 1632 2877 eeleri-

600 2901 685 2967 mis,
709 2911 743 2961 ut
765 2900 821 2964 lte
846 2901 884 2961 ad
907 2900 963 2962 BD
987 2909 1039 2960 aut
1066 2902 1127 2963 alia
1150 2901 1275 2981 aliqua?
1312 2901 1392 2964 Nam
1415 2902 1441 2963 si
1464 2903 1560 2965 etiam
1583 2902 1632 2965 iu·

281 2992 460 3054 haereamus
485 2992 552 3053 huic
576 2990 736 3073 hypothesi
759 2990 958 3068 magnetum,
982 2990 1149 3052 rationibus
1177 2991 1354 3071 quibusdam
1376 3010 1519 3072 cogemur
1540 2992 1634 3056 alium

279 3081 411 3163 aliquem
434 3081 554 3142 modum
577 3099 730 3163 quaerere.
779 3079 920 3149 Primum,
945 3079 971 3139 si
995 3076 1036 3155 Θ
1060 3090 1092 3141 et
1115 3081 1178 3159 poli
1207 3080 1369 3158 magnetici
1391 3081 1430 3157 D,
1454 3081 1484 3143 A
1507 3091 1582 3144 sunt
1602 3082 1633 3144 iu

279 3171 385 3232 eodem
409 3170 499 3250 plano
523 3169 693 3241 cerentrici,
716 3187 775 3229 nou
790 3167 933 3230 debemus
957 3169 1127 3248 suspicione
1143 3170 1273 3249 quadam
1295 3169 1421 3243 turbari,
1444 3171 1531 3250 quasi
1551 3171 1633 3235 aliud

282 3260 441 3321 dicendum
465 3260 506 3319 sit
529 3262 567 3319 de
597 3258 693 3320 solido
723 3257 858 3336 corporis
880 3259 1070 3336 planetamm
1102 3259 1210 3337 globo,
1244 3258 1325 3319 aliud
1358 3259 1396 3320 de
1424 3259 1537 3322 circulo
1568 3262 1633 3341 ejus

283 3349 425 3410 masiano.
472 3347 552 3409 h'auu
575 3348 673 3428 posito
698 3347 775 3426 quod
799 3347 962 3425 posuimus,
985 3347 1093 3426 globus
1115 3358 1199 3408 totus
1222 3357 1376 3427 potestate
1399 3348 1514 3410 divisus
1538 3351 1632 3413 intel·

280 3438 385 3517 ligitur
408 3438 439 3499 in
463 3437 594 3498 infinitos
617 3436 746 3497 circulos
767 3436 950 3515 parallelos,
982 3436 1153 3497 amaximo
1181 3438 1318 3518 utrinque
1341 3438 1380 3498 ad
1404 3439 1560 3513 minimos,
1582 3438 1632 3521 qui

279 3545 384 3587 omnes
407 3526 575 3606 aequaliter
599 3545 703 3586 versus
717 3522 760 3602 Θ
783 3534 870 3587 erunt
894 3525 1040 3604 dispositi,
1065 3527 1168 3605 itaque
1191 3527 1346 3605 proportio
1369 3527 1503 3589 mauebit
1526 3529 1633 3590 eadem

280 3615 489 3694 multiplicatis
513 3616 657 3676 terminis.
704 3612 753 3675 Sit
776 3634 848 3693 ergo
871 3614 973 3676 rum
995 3614 1122 3675 circulus
1144 3615 1270 3695 quilibet
1292 3615 1322 3676 in
1341 3634 1465 3697 corpore
1487 3615 1633 3696 planatae

281 3705 446 3783 parallelus
469 3705 648 3771 eccentrico.
672 3712 703 3764 et
726 3702 768 3764 sit
791 3703 859 3763 FDl
882 3703 1088 3764 semicirculus
1120 3712 1281 3784 appetens,
1304 3705 1375 3766 Far
1398 3705 1535 3785 fugiens,
1560 3705 1634 3769 Sale

281 3792 313 3853 in
335 3792 378 3855 Bi
400 3805 544 3854 versante
567 3796 600 3855 lit
630 3791 856 3873 aequilibrium.
889 3792 1019 3870 quiade
1048 3793 1252 3865 semicirculo,
1284 3792 1334 3874 qui
1356 3792 1423 3856 Soli
1451 3795 1631 3869 obvertitur,

279 3900 322 3942 sc.
349 3882 444 3950 uls.
478 3882 632 3944 dimidium
654 3883 698 3944 Dl
730 3893 780 3942 est
812 3892 977 3959 appetens,
1009 3882 1161 3943 dimidium
1184 3882 1229 3943 la
1253 3882 1388 3963 lugiens3
1410 3882 1484 3946 Sole
1506 3903 1581 3949 raro
1602 3886 1632 3947 ἰ

279 3970 337 4033 BK
360 3982 511 4041 versante,
535 3971 740 4033 semicirculus
763 3968 852 4033 ucat
875 3970 1092 4041 consideratur,
1117 3972 1145 4032 in
1169 3990 1227 4050 quo
1243 3970 1287 4033 Rl
1310 3980 1383 4034 sunt
1404 3984 1509 4053 partas
1532 3992 1632 4056 appa-

282 4068 395 4131 tentes,
419 4060 468 4123 lhl
483 4061 644 4137 fugientes.
682 4059 765 4121 Pone
779 4058 825 4121 lG
848 4060 1005 4139 aequalem
1020 4060 1077 4129 ihi,
1103 4061 1194 4140 igitur
1212 4058 1257 4121 lG
1281 4061 1497 4126 annihilabitur
1518 4064 1561 4126 ab
1574 4063 1632 4126 ll

281 4148 474 4229 Relinquitur
497 4147 555 4211 tte}
580 4149 829 4210 considerandum
852 4167 905 4228 pro
928 4168 1067 4211 mensura
1090 4150 1263 4229 appetentis
1287 4151 1451 4215 facultatis
1499 4152 1562 4216 Ubi
1585 4153 1632 4216 ΙΙ

279 4240 532 4317 complementum
556 4252 602 4298 est
632 4239 671 4299 sd
696 4238 736 4299 lt'*
759 4239 926 4298 discessum
953 4240 1095 4317 planetae
1118 4240 1157 4299 ab
1185 4256 1322 4317 apogam
1344 4252 1377 4301 et
1399 4240 1447 4302 lG
1469 4243 1633 4317 similitsr3

279 4348 351 4405 engo
376 4326 436 4388 till
467 4346 554 4387 sucus
584 4341 630 4387 est
664 4328 772 4406 duplus
796 4327 834 4387 ad
859 4325 900 4387 tc
923 4328 1089 4389 decessum
1119 4328 1159 4388 ab
1185 4347 1332 4406 apogaeo.
1378 4329 1498 4400 Quodsi
1526 4342 1634 4413 partes

280 4431 459 4496 appetentes
484 4434 578 4495 aeque
611 4418 724 4476 multae
755 4435 874 4496 semper
905 4428 1083 4497 appeterent
1115 4417 1283 4496 aequaliter
1314 4437 1488 4500 quocunqne
1521 4422 1634 4502 angulo

281 4505 376 4573 ΒΗΚ,
402 4504 491 4569 GBK
513 4506 579 4575 isc..
605 4520 675 4565 tunc
698 4507 819 4567 tsnaino
841 4507 995 4568 dmoessrm
1017 4507 1056 4566 ab
1079 4524 1215 4585 apogaeo
1245 4507 1403 4571 metiretur
1424 4512 1633 4590 appetentiam

280 4608 312 4654 et
335 4596 510 4677 aequalibus
540 4596 725 4675 temporibus
757 4597 893 4674 aequalis
925 4610 1009 4657 esset
1038 4596 1250 4657 distantiarum
1277 4603 1304 4665 ὀ
1332 4618 1352 4658 a
1383 4595 1425 4674 Θ
1453 4600 1633 4663 iniuria,

280 4682 342 4743 Sed
366 4685 586 4747 otausideraada
616 4683 709 4745 οιὶιιιι
742 4685 885 4747 tortitudo
914 4686 1027 4763 auguli.
1071 4684 1152 4746 Nam
1175 4684 1248 4746 Sole
1271 4686 1300 4746 io
1324 4687 1367 4748 Bl
1389 4700 1543 4763 emta,
1573 4688 1633 4752 etsi

280 4772 354 4833 uibil
379 4788 577 4854 ‹speramntar
598 4774 643 4836 ,hl
667 4774 827 4853 fugientes.
851 4795 909 4836 nuru
932 4789 1032 4836 tamen
1056 4774 1099 4836 Dl
1124 4785 1318 4856 appeterent,
1339 4776 1411 4857 quia
1432 4779 1536 4859 auguli
1558 4778 1633 4843 Dm
