3368 5534
222 293 287 362 112
637 296 737 350 hlteeue
755 295 857 363 Keplerl
875 295 1025 364 altorumque
1042 301 1145 350 mutuae

217 489 290 542 quen
308 479 474 541 maequatam
492 475 641 536 anomaliam
660 478 796 536 οοιιιιιιιιιι.
816 484 843 529 et
859 489 934 528 mam
954 482 980 527 et
995 475 1119 542 integram
1136 474 1369 543 prosthaphaeresin
1386 488 1433 543 μ
1451 476 1569 529 Μ

218 549 322 598 mem
339 545 418 597 semel
436 553 535 598 tantum
554 548 691 600 adhibitam
709 557 754 600 toa
770 548 912 614 hypothesis
930 548 1063 607 exhiheret,
1082 556 1151 600 certe
1168 548 1304 602 mridmilis
1320 554 1397 602 esest
1423 549 1462 603 Δι
1478 547 1570 601 Μ·

216 620 280 670 uam
299 632 383 669 reram
401 634 451 668 non
469 619 572 683 praehet
588 622 740 685 geometrica
758 621 885 672 dimensio.

235 694 239 703 “
305 689 509 770 Keplerus:
546 691 614 755 Non
644 694 819 773 perpendis,
856 693 1062 755 Ptolemaeum
1097 690 1268 773 duplicasse
1304 710 1360 774 pro
1393 689 1572 775 aequatione

118 816 121 823 ·
220 779 424 860 computanda
446 780 701 843 eccentricitatem
724 782 824 854 illam,
858 801 945 862 qnam
975 780 1169 844 insinuabant
1201 780 1385 857 distantiae,
1417 799 1476 845 seu
1497 779 1574 863 qnod

217 868 296 933 idem
320 874 377 942 est,
403 868 658 933 eccentricitatem
680 889 734 951 per
757 871 951 951 aequationes
975 870 1127 933 inventam
1149 870 1316 934 bisecuisse
1339 890 1396 953 pro
1418 869 1573 933 distantiis

215 957 443 1038 computandis:
468 976 537 1020 nam
560 981 578 1021 a
602 966 704 1022 centro
728 959 886 1022 eccentrici
911 958 1091 1034 distantiae,
1120 967 1266 1023 acentro
1290 957 1467 1041 aequantia,
1491 958 1573 1040 cuius

171 1094 175 1099 .
216 1055 267 1109 est
290 1046 400 1127 duplex
422 1046 633 1111 eccentricitas
656 1047 773 1129 prioris,
797 1048 992 1131 aequationes
1016 1048 1155 1130 pendent
1203 1049 1316 1128 Igitur,
1339 1056 1505 1131 autequam
1527 1066 1572 1133 que

217 1154 345 1217 arguas,
375 1134 582 1199 Ptolemaeum
613 1137 692 1200 idem
725 1137 885 1201 facientem
915 1157 1017 1219 argue.
1063 1136 1129 1216 Ego
1158 1136 1326 1219 simplicem
1353 1137 1404 1201 bis
1432 1135 1572 1213 adhibe,

217 1224 268 1290 ille
293 1223 474 1305 duplicatam
500 1227 593 1289 semel
617 1225 748 1298 (duabus
770 1235 886 1301 tamen,
915 1235 949 1289 nt
974 1227 1056 1308 prius
1080 1226 1206 1302 dictum,
1232 1225 1494 1309 operationibus»
1523 1244 1571 1291 ree

220 1313 325 1377 eudem
349 1312 436 1376 redit.
482 1313 600 1377 Deinde
623 1315 775 1397 perpende
799 1334 931 1378 causam.
978 1316 1095 1378 Natura
1121 1335 1169 1378 me
1192 1315 1282 1398 jubet
1313 1313 1570 1380 ecceutricitatem

156 1422 160 1431 ·
217 1402 266 1466 hie
299 1401 457 1478 adhibere3
485 1422 554 1465 nam
581 1405 676 1487 primo
705 1405 915 1468 eccentricitas
944 1403 1017 1467 facit
1043 1404 1185 1485 planetas
1213 1426 1232 1468 a
1255 1403 1329 1469 Sole
1358 1403 1516 1486 longiores
1540 1410 1571 1467 st

219 1491 264 1554 sic
287 1491 466 1555 naturaliter
482 1493 640 1568 tardiores,
665 1495 735 1575 quia
749 1503 819 1557 eunt
834 1494 864 1556 in
885 1494 997 1556 virtute
1012 1492 1191 1569 remissiori3
1215 1493 1323 1557 deinde
1338 1493 1448 1558 eadem
1462 1511 1569 1557 eccen-

218 1580 336 1643 tricitae
361 1581 434 1643 facit
458 1582 549 1644 etiarn
581 1602 668 1646 arcus
699 1584 797 1665 optice
828 1582 980 1646 breviores
1011 1583 1084 1648 fieri.
1134 1583 1203 1648 Non
1235 1582 1337 1664 itaque
1368 1600 1497 1646 necesse
1525 1586 1571 1646 est

216 1677 259 1742 ut,
282 1669 360 1751 quod
382 1670 537 1749 postulas,
561 1673 745 1751 geometrica
767 1692 850 1736 mera
873 1672 918 1746 (h.
943 1692 969 1734 e.
994 1681 1035 1735 ut.
1051 1680 1181 1736 mentem
1212 1681 1296 1735 tuam
1319 1669 1490 1735 rectissime
1512 1689 1564 1733 ex·

222 1757 358 1839 primam,
374 1759 476 1840 optiea
490 1764 585 1833 mera)
601 1761 643 1823 sit
656 1761 832 1844 hypothesis
847 1761 1067 1842 aequationem,
1091 1762 1236 1824 exhibens
1254 1770 1350 1825 totam
1365 1759 1572 1841 aequationem

220 1848 251 1911 in
284 1847 393 1928 angulo
425 1847 569 1929 trianguli
601 1851 767 1933 aequaturii
799 1860 901 1914 stante
936 1849 975 1913 ad
1006 1851 1273 1913 circumferentiam
1307 1850 1356 1913 rel
1389 1848 1496 1913 circuli
1525 1846 1569 1911 vel

221 1935 345 2017 ellipsis.
382 1935 417 2000 Si
440 1937 519 2000 enim
542 1939 613 2002 nihil
628 1939 686 2003 nisi
705 1941 845 2021 opticum,
870 1941 899 2003 h.
915 1960 942 2001 c.
963 1947 997 2001 ut
1020 1948 1052 2001 tn
1075 1940 1124 2002 hic
1147 1940 1193 2003 ais
1216 1939 1442 2021 geometricum,
1469 1937 1568 2019 ingrt-

223 2025 343 2088 deretur
366 2025 512 2089 calculum
536 2047 643 2101 meum,
667 2030 877 2093 excluderetur
899 2029 990 2109 igitur
1006 2027 1133 2113 physica
1147 2028 1312 2093 retardatio
1330 2048 1385 2090 seu
1399 2027 1572 2091 Pmlemaeo

222 2114 433 2178 eccentricitas
455 2118 631 2197 aequantis3
655 2119 714 2180 etsi
736 2139 794 2183 non
819 2120 886 2182 ideo
909 2117 1122 2197 geometricum
1146 2138 1204 2181 non
1228 2127 1292 2193 est,
1317 2116 1396 2199 quod
1419 2115 1572 2200 physicum

221 2213 279 2266 est.
325 2203 446 2267 Etenim
469 2205 551 2268 illam
574 2207 808 2271 retardationem
831 2207 1004 2292 physicam,
1028 2226 1105 2288 qnae
1128 2208 1163 2270 lit
1183 2227 1239 2288 per
1260 2205 1485 2286 elongationem
1506 2202 1571 2285 pla-

220 2299 310 2355 netae
334 2312 353 2352 a
375 2291 457 2366 Sole,
481 2313 568 2375 spero
592 2317 863 2377 yeopeepseceaeoc
885 2296 1038 2358 adhibere.
1080 2296 1141 2359 Vel
1164 2315 1202 2358 ex
1224 2296 1292 2376 ipsa
1315 2293 1469 2358 mentione
1492 2291 1570 2374 pini

220 2388 308 2463 patet
329 2380 404 2443 haec
428 2385 603 2462 geometria.
650 2386 757 2467 Itaque
781 2406 798 2448 o
822 2386 956 2457 Fabrici,
989 2384 1046 2447 etsi
1077 2383 1125 2447 bis
1149 2385 1278 2448 adhibeo
1302 2382 1567 2457 eccentricitatem,

219 2479 321 2534 tamen
345 2470 521 2554 hypothesis
546 2494 612 2537 mea
634 2484 683 2537 est
705 2475 888 2556 geometrica
912 2484 944 2536 ut
967 2494 1133 2556 quaequam
1156 2475 1226 2536 alia.

627 2564 818 2614 Fabricius:
837 2563 866 2614 ln
884 2579 914 2614 eo
932 2563 1025 2622 labora,
1044 2565 1105 2614 utai
1117 2563 1220 2628 planeta
1237 2562 1297 2613 inE
1316 2559 1408 2613 circulo
1427 2560 1572 2611 ωωιίιὴ

320 2631 374 2698 Fig.
394 2628 437 2682 37.
537 2635 578 2693 ait,
597 2635 664 2685 ΒΕΔ
682 2642 762 2686 tutam
779 2635 1009 2699 presthaphaereaiu
1026 2637 1097 2686 istim
1114 2635 1162 2687 loct
1188 2634 1304 2686 exhibeat
1321 2640 1347 2685 et
1365 2630 1410 2682 ΕΒ
1429 2631 1572 2683 Ma·

539 2720 623 2756 reram
640 2707 721 2756 simul.
759 2709 793 2757 Δι
810 2707 869 2756 illud
888 2722 938 2756 uon
956 2707 1008 2756 fieri
1035 2714 1117 2771 potest
1141 2723 1185 2771 per
1208 2705 1336 2757 dimidiam
1363 2702 1573 2754 assumam·

540 2780 584 2829 AB
603 2778 745 2829 adhibitam.
783 2778 867 2839 Quare
884 2779 905 2827 ai
924 2779 950 2827 ia
968 2778 1046 2842 ellipsi
1064 2786 1109 2828 tua
1126 2779 1229 2843 planeta
1247 2774 1434 2827 somersetiam
1452 2774 1494 2825 vel
1510 2771 1572 2825 iao

364 2885 449 2931 =1›
538 2842 1574 2985 ruaneustrnrutl0u¹tfsumur.¹etl²r:

465 3020 483 3063 ς
539 2994 561 3042 ai
579 2992 630 3048 het,
648 2993 800 3057 geometrica
818 2994 872 3043 erit
911 2993 946 3041 Δι
962 2994 988 3042 in
1006 2999 1052 3042 tua
1069 2992 1163 3056 ellipal,
1191 2994 1270 3057 posito
1288 2989 1392 3055 planeta
1409 2989 1436 3039 iu
1455 2986 1495 3044 0.
1518 2992 1576 3038 ιιι

540 3063 585 3113 ΒΔ
604 3070 658 3114 tota
676 3065 859 3127 aequationem
877 3071 924 3121 eet,
943 3079 989 3116 uec
1008 3064 1051 3116 BG
1070 3064 1198 3122 marmus,
1216 3072 1246 3114 ut
1263 3061 1371 3114 debuet»
1402 3058 1431 3111 st
1447 3074 1509 3119 rece
1523 3058 1574 3124 pb·

540 3135 1192 3201 netamrereraponisinalioloon,quaminc,
1212 3130 1575 3200 curqumomcm

540 3207 744 3272 coaequationem
762 3201 885 3272 inquietet

627 3277 831 3359 Keplerne:
862 3278 946 3340 llaec
977 3285 1124 3358 arguunt,
1150 3286 1181 3341 te
1213 3277 1366 3340 involvere
1399 3281 1432 3337 te
1466 3273 1573 3355 ipsum.

540 3365 659 3428 Tribuis
684 3366 765 3435 mihi,
789 3367 868 3447 quod
892 3367 951 3430 alio
975 3367 1042 3429 loco
1070 3366 1256 3448 aequationia
1287 3364 1428 3446 angulum
1451 3362 1573 3444 compu-

539 3463 616 3529 tem,
642 3456 701 3518 alio
726 3455 751 3520 C
774 3457 928 3538 planetam
952 3456 1103 3530 collocem,
1129 3466 1163 3520 ut
1185 3456 1210 3519 si
1236 3456 1320 3521 CBA
1343 3453 1386 3516 sit
1407 3460 1575 3534 coaequata

540 3545 706 3619 anomalia,
731 3564 789 3607 non
814 3545 856 3607 sit
878 3555 980 3607 tamen
1005 3542 1058 3607 CB
1082 3544 1228 3608 distantia
1251 3545 1354 3625 jueta,
1377 3560 1432 3605 nec
1455 3538 1484 3604 G
1506 3541 1574 3622 pla·

538 3642 618 3695 neta.
664 3634 776 3714 lnjuria
799 3633 870 3696 mihi
893 3635 937 3697 fit.
984 3634 1047 3695 Imo
1072 3632 1097 3697 G
1122 3642 1170 3696 est
1191 3635 1324 3716 planeta,
1350 3630 1403 3696 CB
1427 3628 1575 3693 distantia

215 3724 320 3805 justa,
354 3721 439 3786 ABG
468 3731 645 3804 coaequata.
697 3724 740 3784 Te
770 3743 842 3786 vero
872 3723 929 3785 hoc
959 3721 1097 3802 impedit,
1132 3723 1209 3804 qnod
1243 3720 1328 3786 ACB
1364 3719 1574 3800 aequationem

219 3833 277 3876 non
306 3811 486 3875 constituam
509 3822 541 3875 et
571 3821 670 3874 tamen
702 3811 786 3876 ABG
816 3820 1012 3894 coaequatam
1043 3811 1150 3874 dicam.
1196 3809 1370 3874 desuevisti
1398 3808 1478 3871 enim
1506 3807 1574 3871 huic

220 3900 340 3976 rationi,
365 3921 442 3982 quae
461 3902 552 3978 valet,
576 3922 642 3964 cum
665 3902 806 3982 planetae
829 3902 889 3962 iter
907 3902 948 3963 sit
971 3900 1107 3963 circulus.
1139 3901 1184 3965 nt
1205 3899 1356 3981 perpende
1375 3916 1501 3961 causam
1523 3916 1575 3961 cur

219 3990 269 4054 hic
291 3990 355 4053 lieri
378 3990 435 4053 hoc
458 4009 515 4053 non
538 3991 645 4076 possit,
669 3991 749 4053 nullo
774 3990 890 4073 quidem
915 3991 1032 4052 damno.
1070 3991 1150 4053 Nam
1174 3989 1200 4052 si
1223 3989 1309 4054 BOA
1331 3987 1462 4051 dicerem
1487 3985 1571 4069 opti-

220 4099 286 4143 mm
309 4078 528 4161 aequationem,
553 4080 636 4145 CAF
659 4088 742 4143 esset
766 4081 916 4142 anomalia
944 4080 1091 4154 eccentri;
1121 4087 1155 4142 at
1178 4098 1235 4141 non
1259 4086 1321 4150 est,
1354 4076 1425 4158 quia
1446 4072 1501 4139 PG
1525 4084 1576 4139 est

218 4170 283 4243 illa,
306 4176 338 4232 et
359 4168 484 4231 FE‘est
506 4169 571 4248 ejus
595 4189 701 4231 nomen
725 4170 774 4231 vel
797 4168 987 4250 nuncupatio,
1013 4176 1153 4250 utsupra
1176 4168 1299 4231 dictum.
1341 4164 1394 4229 FC
1418 4184 1491 4227 vero
1514 4184 1574 4228 nou

219 4264 408 4322 mensuratur
431 4258 469 4319 ab
493 4259 602 4338 angulo
617 4259 710 4333 Fac,
734 4257 804 4341 qnia
827 4269 875 4320 est
898 4258 1137 4322 circumferentia
1160 4277 1217 4319 non
1232 4256 1344 4332 circuli,
1369 4254 1423 4318 sed
1442 4253 1574 4336 ellipsis.

220 4348 317 4412 blisso
341 4345 432 4427 igitur
456 4348 564 4427 angulo
589 4347 687 4422 ΒΘΑ,
717 4355 921 4429 computamus
950 4348 1090 4428 angulum
1113 4346 1196 4411 ABC
1229 4365 1282 4427 per
1306 4343 1359 4408 CT
1381 4352 1414 4406 et
1436 4342 1501 4419 ΤΒ,
1525 4341 1576 4407 vel

220 4456 274 4520 per
297 4435 351 4501 CB
374 4444 407 4497 et
428 4437 496 4504 ΒΤ;
530 4446 654 4518 utraque
688 4438 765 4499 enirn
800 4437 889 4499 datnr
916 4438 955 4498 ad
986 4437 1164 4518 positionem
1194 4435 1286 4517 ipsine
1315 4432 1367 4496 FC
1399 4431 1429 4495 h.
1453 4450 1480 4493 e.
1509 4431 1573 4495 Fu.

220 4526 268 4589 Ex
284 4524 391 4609 quibus
415 4524 562 4601 intelligis
577 4536 608 4588 et
622 4545 750 4589 errorem
769 4536 850 4589 tunm
866 4525 947 4589 circa
970 4546 1066 4588 meam
1090 4534 1219 4587 mentem
1238 4534 1270 4588 et
1284 4523 1417 4607 ejusdem
1436 4540 1572 4585 cauum.

311 4614 500 4666 Fabricius:
520 4614 640 4678 Physleae
658 4615 867 4680 multiplicationis
885 4629 988 4666 canaam
1006 4630 1055 4665 non
1074 4614 1182 4665 mundis
1199 4629 1246 4667 nec
1264 4628 1347 4665 reram
1369 4613 1500 4663 udonem.

309 4687 507 4765 Keplerus:
532 4686 594 4748 Sed
618 4706 672 4749 nec
695 4706 782 4765 porro
806 4688 906 4750 dicere
930 4688 1057 4768 amplius
1079 4687 1205 4767 poteris,
1229 4694 1261 4751 ta
1282 4686 1424 4767 ignorare
1446 4702 1573 4747 causam

223 4775 366 4856 physicae
391 4776 658 4857 multiplicationis.
696 4777 774 4838 Dum
797 4778 876 4839 enim
900 4777 1065 4858 multiplico
1089 4774 1324 4841 eccentricitatis
1336 4772 1492 4839 dimidium
1507 4773 1572 4847 (vei

220 4882 276 4946 pro
298 4883 336 4927 ea
363 4865 495 4928 odorem
527 4866 647 4929 maximi
670 4864 811 4946 trianguli
843 4867 874 4931 in
897 4867 1029 4931 secunda
1051 4865 1223 4943 redactum)
1243 4862 1277 4933 iu
1296 4862 1381 4931 smus
1399 4862 1572 4927 momulus
