3368 5534
281 326 324 395 84
700 328 802 381 literae
819 327 921 395 Kepleri
940 328 1091 395 aliorumque
1108 334 1211 380 mutuae

284 508 355 592 quia
396 508 498 582 addis,
540 514 571 570 te
604 510 726 590 sperare
766 508 992 571 satisfacturam
1031 506 1307 584 observationibus,
1343 513 1375 571 et
1402 507 1641 591 cogitationibus

282 597 452 661 effinxisse:
478 616 535 659 non
560 598 685 673 faciam,
709 598 824 660 inutilis
847 597 941 660 labor.
988 595 1032 660 Es
1056 598 1149 660 etiam
1172 598 1347 660 irritandus.
1392 597 1460 679 Ego
1483 616 1559 661 vero
1583 616 1641 660 uon

281 696 317 750 ut
339 695 371 749 tu
395 686 604 766 praeconcipio
628 686 776 767 integram
810 686 1009 768 hypothesin,
1043 705 1130 767 quam
1162 695 1272 768 postea
1302 686 1427 769 probem
1459 687 1543 749 bona
1576 704 1641 768 spe.

279 775 361 839 Nam
385 776 472 839 fallet
495 795 550 836 nos
574 782 728 837 aeteruum
752 795 822 857 spes
847 777 931 837 haec.
976 774 1080 838 Pauca
1102 796 1180 858 pono
1212 775 1425 857 principiorum
1451 777 1537 851 loco,
1573 776 1641 838 inde

280 884 390 950 sequor
413 864 650 927 observationes.
750 889 754 895 ·

369 953 420 1017 Ad
443 954 566 1016 ultimas
590 952 620 1016 7.
646 949 731 1028 (17.)
756 953 829 1034 Maj.
857 949 953 1016 1603.

368 1043 416 1106 De
440 1044 642 1124 computanda
665 1043 812 1105 distantia
835 1039 917 1104 Solis
942 1049 973 1103 et
995 1040 1107 1103 Terrae
1132 1042 1282 1123 quereris,
1312 1049 1343 1105 te
1376 1040 1520 1105 confundi
1544 1040 1642 1105 mrbus

282 1133 389 1207 modis,
413 1153 500 1195 uuum
519 1140 633 1213 optare.
670 1132 716 1194 At
730 1150 786 1212 ego
803 1151 841 1192 ne
856 1131 1078 1203 confunderem,
1093 1131 1184 1192 tertio
1207 1133 1274 1194 loco
1297 1139 1328 1193 te
1353 1132 1392 1193 ad
1416 1131 1643 1194 similitudinem

281 1221 471 1306 quaerendae
495 1221 658 1283 distantiae
683 1220 764 1283 Solis
789 1229 819 1281 et
843 1221 953 1283 Martis
977 1219 1128 1299 ablegari.
1175 1220 1244 1300 lpse
1274 1239 1346 1283 vero
1378 1220 1493 1302 primus
1521 1221 1642 1296 modus,

282 1312 309 1375 si
332 1312 447 1374 minuta
471 1320 636 1384 sectemur,
670 1310 763 1372 habet
794 1310 873 1371 lianc
905 1311 1003 1390 ipsam
1032 1309 1160 1371 similem
1184 1310 1386 1390 operationem
1410 1319 1442 1372 et
1464 1309 1642 1373 verissimae

282 1410 342 1463 est.
380 1399 537 1462 Secundus
562 1419 632 1461 vero
656 1398 884 1479 compendiosus
901 1399 1019 1478 quidem
1036 1404 1067 1459 et
1081 1398 1110 1459 in
1131 1418 1250 1460 sensum
1267 1400 1338 1461 nihil
1355 1408 1472 1481 peccat,
1498 1398 1643 1462 distrahit

281 1496 383 1554 tamen
409 1488 512 1554 Solem
535 1490 566 1551 in
590 1488 766 1569 operatione
790 1509 809 1550 a
832 1487 1028 1549 similitudine
1053 1496 1231 1550 ceterorum.

371 1597 467 1677 Igitur
489 1596 547 1658 hoc
571 1595 649 1657 habe
672 1605 881 1676 praeceptum:
915 1594 1036 1674 cognito
1066 1613 1137 1657 vero
1168 1595 1233 1656 loco
1257 1593 1339 1657 Solis
1363 1594 1388 1656 si
1412 1594 1498 1675 cupis
1531 1595 1604 1677 ejus
1624 1617 1644 1658 a

280 1685 376 1748 Terra
399 1685 576 1747 distantiam
601 1704 801 1763 cognoscere,
834 1684 961 1765 primum
994 1684 1078 1756 ride,
1112 1692 1257 1764 quantum
1289 1683 1327 1745 ab
1360 1700 1498 1763 apogaeo
1528 1684 1642 1760 distet;

281 1774 390 1838 deinde
414 1775 492 1836 adde
526 1775 593 1836 hnic
627 1775 791 1836 distantiae
825 1773 863 1835 ab
896 1791 1032 1853 apogaeo
1057 1772 1211 1835 dimidiam
1236 1772 1446 1855 aequationem
1469 1774 1538 1853 ejus
1570 1773 1641 1847 loci:

251 1856 372 1927 ¹tertio
402 1864 468 1926 dic:
498 1873 532 1926 ut
555 1865 638 1925 sinus
668 1864 757 1943 hujus
781 1872 888 1924 auctae
912 1862 1077 1924 distantiae
1093 1862 1131 1922 ab
1146 1881 1281 1943 apogaeo
1297 1862 1337 1924 ad
1356 1869 1463 1937 totum,
1489 1862 1534 1925 sic
1560 1863 1642 1925 sinus

280 1954 361 2021 illius
385 1972 475 2015 verae
499 1953 664 2015 distantiae
688 1954 727 2015 ab
752 1971 888 2034 apogaeo
913 1952 951 2012 ad
975 1950 1153 2013 distantiam
1173 1950 1255 2014 Solis
1278 1960 1310 2013 et
1328 1950 1452 2014 Terrae.
1491 1952 1527 2015 Iu
1541 1950 1643 2015 Marte

280 2052 355 2125 puto
378 2043 593 2125 propemodum
616 2041 696 2104 idem
726 2042 824 2104 locum
852 2040 1041 2115 habiturum,
1073 2047 1107 2101 tu
1139 2040 1204 2122 ipse
1236 2040 1401 2122 periculum
1435 2040 1542 2103 lacius
1590 2038 1643 2105 Sin

282 2142 383 2195 autem
409 2132 502 2194 nimia
525 2130 736 2194 ecceutricitas
760 2152 818 2192 non
843 2131 902 2192 sert
925 2131 982 2191 hoc
1006 2130 1227 2210 compendium,
1259 2150 1347 2193 mane
1371 2148 1445 2210 ergo
1468 2129 1499 2193 iu
1522 2129 1643 2213 proprio

282 2223 371 2285 modo
396 2222 489 2283 hierti
514 2221 679 2301 adscripto.

305 2338 311 2349 ·
375 2329 555 2383 Fabricius.
584 2345 634 2380 uon
653 2334 800 2393 exspectaus
818 2325 921 2391 Repleri
939 2338 1065 2389 respousa,
1084 2324 1124 2375 die
1144 2322 1230 2387 18128.
1250 2325 1318 2376 lunii
1344 2324 1408 2376 haec
1437 2324 1506 2376 dedit
1521 2324 1644 2391 Keplsro:

281 2400 360 2452 Juxta
379 2410 448 2447 tuam
467 2399 614 2462 hypothesin
642 2398 754 2464 exempla
782 2398 875 2462 aliquot
893 2397 918 2458 ό
939 2397 1077 2452 calculari,
1105 2396 1150 2447 sed
1168 2398 1278 2451 ren’tatis
1304 2412 1406 2462 scopum
1424 2412 1473 2447 uon
1494 2398 1643 2463 subparum

280 2471 347 2536 quod
366 2484 522 2534 speraveram
540 2472 601 2521 lore.
638 2472 718 2521 l'ideo
742 2470 851 2519 noudum
875 2469 990 2519 sufficere
1015 2474 1085 2519 tuam
1109 2467 1257 2532 hypothesin
1282 2469 1501 2519 observationibus.
1540 2468 1596 2535 Ego
1613 2484 1642 2519 er

280 2544 356 2593 variis
383 2543 502 2606 exemplis
527 2545 639 2607 cognovi.
668 2549 761 2591 motum
779 2541 904 2604 quendam
931 2555 1042 2590 murrum
1069 2541 1314 2590 commensurabilem
1340 2539 1421 2591 Solari
1447 2542 1531 2590 inesse
1556 2539 1641 2592 Narti-

279 2612 438 2676 Acronychia
455 2614 605 2676 respondent
623 2614 761 2676 hypothesi,
780 2622 808 2662 at
824 2615 849 2661 iu
866 2612 927 2660 locis
946 2622 1017 2662 extra
1035 2613 1186 2674 acronychia
1203 2626 1252 2661 nou
1271 2614 1339 2663 item
1368 2612 1425 2662 h'on
1443 2611 1548 2669 sufficit,
1567 2612 1641 2665 aliu

281 2700 373 2753 ponere
391 2688 604 2734 ecceutricitatem
622 2701 665 2750 pro
684 2685 809 2735 dstautiis
827 2685 853 2733 iu
871 2683 962 2734 circulo
979 2682 1084 2740 Martis,
1110 2684 1156 2733 sed
1180 2692 1278 2747 oportet
1295 2686 1371 2734 etiam
1390 2686 1485 2733 motum
1504 2692 1641 2737 eommun-

280 2758 356 2808 tlcuis
373 2755 464 2806 hlautis
483 2771 593 2805 aunuum
612 2757 782 2809 considerare.
802 2757 827 2803 iu
846 2771 893 2819 quo
913 2756 991 2803 omum
1009 2754 1138 2805 dirersitas
1156 2753 1235 2810 latet,
1254 2771 1304 2804 uon
1323 2758 1348 2804 iu
1366 2756 1418 2820 ipso
1437 2754 1496 2804 orbe
1514 2762 1563 2804 aut
1579 2754 1642 2807 orb

280 2828 370 2881 nares
389 2827 552 2881 dimensione.
578 2827 622 2878 sed
648 2829 706 2877 orhe
729 2840 819 2877 annuo.
858 2826 933 2876 hliror
951 2826 1040 2891 igitur.
1064 2834 1089 2875 te
1108 2827 1133 2875 in
1152 2826 1269 2890 exemplis
1287 2827 1334 2876 hoc
1353 2842 1402 2876 uon
1428 2824 1641 2877 mtmadvsffl

280 2901 346 2950 Vade
365 2899 517 2962 exemplum:
538 2912 605 2948 auno
618 2897 696 2947 1587.
716 2895 741 2945 9.
754 2898 811 2947 lan.
830 2897 854 2946 h.
867 2913 900 2946 m.
920 2906 1002 2947 exstat
1013 2897 1123 2959 Treboni
1142 2897 1168 2958 d
1188 2899 1213 2946 in
1233 2894 1319 2945 2⁰d'i‘
1332 2900 1397 2953 ’ἐς
1418 2893 1496 2946 1602.
1518 2895 1562 2947 l&
1575 2897 1642 2951 dui

279 2972 306 3024 h.
328 2968 369 3020 to.
390 2986 414 3034 p.
435 2987 467 3019 m.
487 2969 512 3030 ὀ
530 2974 602 3032 juxta
627 2985 710 3020 meam
732 2980 848 3019 exactam
874 2969 1068 3018 observationem
1093 2966 1247 3019 11127043‘
1268 2969 1310 3044 ψ.
1346 2970 1403 3021 lna
1426 2968 1574 3034 hypothesis
1599 2970 1642 3021 dat

281 3038 332 3092 28ο
353 3039 393 3089 12¹
415 3041 455 3115 ψ,
474 3044 495 3090 si
514 3054 582 3091 recte
601 3044 708 3091 memini
746 3040 788 3090 Sit
807 3042 883 3090 etiam
902 3043 928 3090 iu
947 3040 1002 3090 aliis
1020 3055 1084 3106 quae
1102 3041 1203 3091 adhibui
1222 3040 1347 3106 exemplis.

374 3112 457 3173 Quare
470 3122 498 3162 ut
512 3113 654 3179 diligentius
667 3124 736 3162 tuam
748 3111 895 3175 hyperbata
908 3113 1049 3162 consideres
1061 3127 1159 3176 moneo,
1171 3120 1197 3162 et
1208 3119 1302 3161 mamm
1315 3112 1516 3162 commutationis
1529 3112 1642 3164 asach

280 3196 308 3237 et
327 3187 433 3250 penitius
452 3187 586 3234 examines.
625 3185 697 3236 llaec
715 3198 777 3233 sane
795 3198 851 3234 eum
869 3199 914 3248 per
939 3183 1062 3234 caleulum
1081 3198 1140 3234 reru
1164 3184 1348 3237 adinreuerim.
1373 3183 1449 3234 libere
1467 3184 1513 3234 tibi
1531 3184 1640 3236 mter

280 3274 331 3309 nou
350 3272 404 3306 sum
422 3259 521 3306 eeritm.

370 3326 455 3386 Miror,
476 3328 646 3392 Copemicum.
666 3326 900 3392 negromooaaum.
919 3326 1089 3377 Ptolemaeum
1107 3334 1134 3376 et
1146 3326 1208 3378 alios
1226 3340 1256 3376 ex
1275 3325 1445 3378 observatione
1463 3325 1549 3392 aliqua
1568 3329 1640 3379 semi·

282 3401 398 3450 diametri
418 3401 482 3448 orbis
502 3403 577 3449 annui
606 3403 785 3463 proportionem
804 3399 836 3448 ad
856 3400 939 3448 orbem
957 3397 1047 3449 llartis
1070 3401 1190 3462 inquirere
1215 3399 1335 3459 maiae,
1359 3413 1409 3448 uon
1434 3399 1508 3449 aliter
1526 3412 1559 3450 ac
1577 3402 1599 3450 si
1616 3402 1641 3450 ia

282 3473 372 3523 ceteris
391 3474 427 3522 ita
446 3486 540 3536 quoque
560 3480 641 3525 esset.
670 3484 725 3520 maur
750 3482 836 3520 tamen
855 3484 884 3519 es
903 3472 1021 3519 universis
1048 3472 1166 3535 exemplis
1191 3470 1264 3535 longe
1283 3470 1333 3519 alia
1361 3471 1432 3520 detur
1456 3470 1641 3522 semidiametfl

280 3544 365 3595 orbis‚
383 3543 456 3605 idque
480 3548 552 3604 juxta
570 3558 644 3607 quam
664 3544 752 3592 virtute
777 3543 951 3592 distantiarum
970 3542 1015 3602 (de
1040 3542 1194 3604 acrouyehiis
1211 3556 1277 3592 nuuc
1296 3541 1395 3606 loquor.
1412 3555 1445 3590 ue
1464 3541 1641 3593 &undam

284 3616 391 3664 mutatio
410 3616 434 3662 iu
460 3616 515 3665 aliis
542 3614 602 3664 locis
629 3615 699 3665 uobis
717 3614 758 3664 hic
780 3615 911 3678 quicquam
939 3611 1066 3675 objiciat).
1093 3616 1115 3662 si
1137 3615 1282 3663 &mutiam
1310 3613 1485 3676 acrouychiam
1511 3615 1639 3671 nussum.

284 3686 403 3749 angulum
422 3686 576 3749 parallaseos
594 3697 621 3735 et
639 3685 758 3752 angulum
782 3688 981 3736 commutationis
1006 3699 1080 3736 rarae
1098 3686 1136 3735 rel
1161 3686 1305 3735 &tantiam
1323 3685 1349 3747 d
1370 3685 1472 3734 alinea
1496 3694 1640 3752 maeqnata

281 3758 356 3806 medii
376 3768 456 3805 motus
476 3757 561 3816 (biduo
581 3768 640 3809 aute
659 3757 696 3807 rel
710 3767 766 3821 post
790 3752 815 3820 (f
830 3756 856 3817 δ
871 3764 898 3807 et
912 3753 967 3817 Θ),
987 3766 1014 3807 et
1026 3759 1061 3807 sie
1075 3771 1090 3807 a
1102 3758 1229 3822 posteriori
1247 3757 1399 3821 inquisiverit
1417 3756 1640 3811 mmmmm

281 3843 311 3878 es
329 3829 367 3877 bis
386 3844 430 3890 per
448 3831 627 3892 proportionem
647 3832 731 3895 anguli
751 3831 783 3879 ad
802 3828 947 3878 mundam
966 3827 991 3889 0⁸
1013 3828 1071 3895 ιζ»
1097 3829 1171 3878 datur
1193 3828 1377 3878 semidiameter
1405 3829 1508 3878 minima
1531 3831 1558 3879 iu
1577 3831 1642 3895 pmi-

281 3913 347 3965 μου
367 3899 392 3959 ς’
407 3912 432 3948 et
451 3903 559 3949 maxima
577 3904 602 3949 in
616 3916 736 3966 apogaeo.
755 3912 885 3965 propterea
903 3900 968 3963 quod
980 3899 1020 3949 hie
1038 3901 1134 3967 longior
1146 3901 1196 3951 illic
1215 3901 1309 3949 bmrior
1327 3898 1448 3949 distantia
1459 3901 1500 3949 alt
1530 3899 1641 3961 Quaere,

281 3971 403 4036 quomodo
417 3971 566 4034 Copemieus
584 3972 711 4023 adhibitae
730 3973 865 4022 dimutiae
878 3970 903 4031 ἐ
917 3971 1068 4022 adminiculo
1086 3986 1169 4022 reram
1187 3973 1366 4036 properarem
1384 3970 1480 4020 urbium
1498 3972 1644 4025 adium

282 4042 411 4107 potuen‘t?
441 4042 491 4091 Cur
508 4044 717 4093 semidiamerrum
740 4046 804 4095 orbis
823 4045 900 4093 mmet
922 4044 1050 4094 inventam
1068 4045 1158 4109 ubique
1181 4045 1325 4098 maurit.
1343 4058 1400 4094 cum
1417 4042 1464 4094 hcc
1484 4057 1644 4111 nequaqum

284 4114 330 4163 dat
348 4129 375 4163 re
393 4113 472 4163 cera?
501 4114 623 4164 Examina
641 4128 668 4164 tu
687 4119 771 4167 omnia
789 4113 939 4178 acrourchia
958 4116 1027 4171 loca.
1055 4116 1093 4166 rel
1117 4118 1198 4180 potius
1222 4128 1287 4179 quae
1309 4114 1383 4164 hiduo
1401 4122 1462 4165 aste
1479 4114 1520 4166 vet
1538 4110 1643 4181 poste

280 4199 354 4235 retas
383 4188 544 4249 contingunt.
569 4202 628 4249 erpo
651 4202 709 4237 sera
736 4188 921 4237 semidiameter
938 4187 1122 4237 semidiameter
1140 4201 1198 4237 rera
1216 4202 1265 4237 nou
1284 4188 1344 4241 erit,
1362 4186 1409 4235 uisi
1426 4199 1493 4251 quae
1510 4201 1542 4238 ex
1559 4186 1645 4239 madia

280 4256 441 4318 dimautiaff
459 4253 547 4304 10000
564 4258 637 4307 datur
655 4261 680 4306 iu
694 4260 780 4308 mediis
799 4259 867 4310 locis.
888 4268 913 4308 et
931 4260 1031 4309 retineri
1049 4272 1134 4308 tamen
1152 4258 1319 4322 iubypotbeai
1337 4272 1385 4307 uec
1397 4256 1642 4322 pommedetsn

279 4328 337 4379 aroc
356 4343 457 4392 queque
474 4340 534 4390 pato
562 4330 665 4379 multum
693 4331 842 4380 dimmimtis
870 4332 992 4380 accidere.
1031 4331 1069 4380 Tu
1092 4330 1192 4395 quidem
1220 4330 1431 4380 semidiamemum
1454 4329 1521 4378 urla's
1547 4331 1644 4382 aaa·

281 4402 411 4451 mmmm
433 4404 507 4463 juata
532 4400 660 4450 dimidiam
689 4405 901 4452 ecceutricitatem
924 4401 989 4451 Solis
1014 4400 1099 4457 ruoth
1123 4402 1169 4451 sed
1193 4416 1280 4465 parum
1298 4401 1345 4450 boc
1364 4410 1403 4450 est
1420 4400 1454 4450 ad
1472 4402 1644 4454 uuanda·

283 4470 352 4521 ullam
371 4472 547 4527 direrutatm
568 4472 598 4521 de
617 4488 667 4537 qua
686 4488 732 4538 ego
751 4488 817 4522 nunc
837 4475 924 4529 scribo,
945 4489 1001 4523 cum
1019 4489 1052 4524 ea
1070 4484 1142 4524 tauta
1160 4476 1202 4531 sit,
1224 4482 1320 4537 quauta
1337 4482 1376 4522 est
1394 4482 1450 4522 tota
1467 4475 1644 4527 eoeaufficb

285 4542 382 4592 hlautis.
420 4542 521 4604 Quaeso
539 4542 599 4592 mihi
617 4544 682 4593 huuc
701 4545 792 4593 nodum
810 4545 885 4594 latius
911 4545 1033 4610 explices.
1057 4559 1116 4594 nam
1134 4559 1174 4593 me
1192 4548 1253 4594 mire
1273 4543 1433 4608 perturbavit.
1471 4544 1527 4610 Ego
1544 4546 1571 4594 im
1590 4544 1643 4596 eal·

285 4615 392 4663 mando
411 4630 477 4665 nunc
496 4615 567 4678 plura
579 4618 686 4667 invenio.
706 4630 779 4680 quam
795 4630 904 4680 unquam
922 4626 1056 4681 putassem.
1081 4616 1183 4677 Quaeso
1201 4616 1260 4666 mihi
1273 4617 1305 4666 ad
1324 4618 1408 4664 ommia
1425 4616 1502 4665 semel
1520 4616 1645 4668 romb

287 4694 313 4733 rt
330 4686 362 4736 tle
381 4691 430 4737 tuis
448 4686 624 4751 hypothesibus
652 4689 754 4738 uenus
780 4688 904 4747 adrchas,
932 4692 1077 4753 praesertim
1101 4689 1165 4753 qaod
1193 4689 1226 4737 ad
1253 4688 1462 4738 semidiamem
1480 4686 1546 4738 orna
1563 4689 1643 4739 αι’

284 4760 383 4809 namet
403 4760 476 4824 idque
494 4775 537 4823 per
555 4760 701 4823 exemplum.

373 4830 420 4879 llus
440 4844 554 4895 exparte
572 4834 634 4881 satis
646 4832 766 4895 perplexis
785 4832 863 4881 verbis
881 4830 951 4883 addit
962 4831 1089 4883 Fabricius
1108 4832 1134 4879 in
1145 4829 1266 4882 schedula
1281 4832 1433 4897 paratim:
1452 4828 1498 4891 .Ρ.
1511 4826 1541 4881 8.
1554 4828 1641 4893 Que-

281 4896 342 4951 sitm
363 4904 539 4969 auiaquisitio
559 4901 1642 4970 eemmcnmaoapoattputctpadmtdiosareaseta'amlasdstrcsb.
