3368 5534
185 302 248 370 118
570 259 578 275 .
600 305 701 356 Liberae
720 305 822 371 Ksplcri
840 304 991 371 aliommque
1009 310 1111 356 memte

149 546 152 551 .
180 481 265 547 Quare
284 484 375 549 absque
393 482 568 546 impedimento
586 497 635 532 non
654 497 749 546 semper
767 497 877 546 possum,
902 482 967 548 qnod
984 483 1090 533 maxime
1110 495 1175 532 oure.
1214 480 1318 548 Cogita,
1344 481 1424 543 mes.
1451 481 1536 535 hius

178 557 213 605 nul
231 555 352 620 Kopion,
381 563 409 605 ut
436 561 524 618 speres
550 556 591 603 ris
608 555 770 619 progrediaris
788 563 814 602 et
832 556 916 604 omnis
939 556 1045 618 penitius
1069 553 1210 617 speculeris,
1229 555 1280 604 sire
1298 555 1324 604 in
1343 561 1390 605 tus
1407 553 1536 618 hypothesi

178 628 230 676 sire
250 642 294 691 per
312 640 438 678 excessum
457 627 538 688 potins
564 627 661 682 circuli,
688 633 717 673 ut
740 627 860 675 rationem
885 625 942 676 inde
965 640 1048 675 reram
1072 631 1100 674 et
1121 624 1264 674 istillimsrn
1288 638 1371 684 erun,
1389 625 1533 691 usqum

178 695 246 749 Nsnr
265 704 321 750 tuus
339 699 427 749 modus
446 696 509 746 adeo
527 696 662 747 laboriosus
680 705 707 745 et
724 697 858 753 taediosus.
877 705 905 746 ut
922 697 1000 760 prinso
1019 697 1109 745 intuitu
1126 695 1266 746 autemut
1284 693 1329 747 lo.

265 771 463 850 Keplerus:
503 769 613 829 Mirum
641 779 722 830 tuam
751 768 925 830 audaciam!
968 768 1050 830 Tune
1081 785 1128 828 me
1156 785 1303 847 provoces
1326 768 1532 849 confingendi·

176 859 417 940 hypothesibus?
464 855 541 918 Cum
564 877 620 937 ego
643 859 797 937 planetam
814 879 832 918 a
849 858 960 919 circulo
982 857 1080 917 dicam
1103 855 1231 936 ingredi,
1254 864 1287 948 tu
1306 858 1396 937 paris
1420 858 1532 921 taciens

177 947 253 1011 dicis
278 949 389 1028 egredi.
438 944 572 1008 Obviant
595 946 687 1026 igitur
711 947 837 1007 invicem
861 966 945 1008 meus
969 953 1000 1007 et
1027 953 1096 1006 tuus
1118 944 1203 1006 Mars
1231 944 1261 1008 in
1286 946 1439 1027 augustiis
1462 965 1531 1028 por·

65 1070 73 1082 ·
175 1044 284 1112 tarum,
308 1038 376 1100 vide
401 1046 469 1098 uter
492 1035 607 1098 sortior.
655 1035 723 1096 Non
749 1035 808 1096 tert
830 1055 914 1096 meus
937 1035 1015 1096 hunc
1039 1034 1197 1098 aemulum.

389 1124 440 1188 Sic
465 1144 578 1205 quoque
604 1124 772 1187 Alexandri
795 1143 960 1204 pugnacem
985 1124 1106 1185 imitate
1128 1122 1284 1204 phalanga

477 1212 573 1276 Simia
597 1215 656 1276 lert
678 1214 809 1276 humeris
834 1213 947 1276 Martis
971 1213 1033 1274 tela
1058 1213 1130 1285 suis,

386 1303 479 1364 Tela:
505 1303 558 1364 sed
583 1305 705 1365 avulsos
729 1321 820 1364 curva
842 1302 929 1365 Jovis
953 1302 1059 1363 arbore
1083 1319 1193 1375 ramos,

478 1390 563 1463 Quos
586 1411 695 1472 magno
718 1392 828 1454 boreas
851 1393 962 1471 impete
986 1391 1097 1453 suevit
1121 1389 1211 1465 humi,

390 1482 455 1543 Aut
478 1481 568 1561 longa
591 1501 735 1543 annorum
758 1482 853 1543 series
876 1480 1049 1561 putredine:
1075 1479 1155 1542 hello

466 1569 622 1640 ,Omnibus
647 1578 679 1632 ut
702 1570 821 1650 possint
842 1591 901 1632 nou
925 1578 1024 1631 tamen
1049 1578 1122 1650 apta
1145 1567 1218 1648 geri.

265 1656 330 1736 Ego
354 1661 393 1721 mi
410 1660 528 1721 Fabrici
546 1679 603 1720 non
618 1659 730 1739 ingenii
749 1660 948 1732 volubilitate,
974 1678 1030 1720 uon
1046 1658 1166 1738 poetica
1188 1664 1240 1718 sut
1253 1654 1384 1735 pictoris
1399 1656 1529 1736 fingendi

172 1747 296 1809 licentia
329 1769 392 1810 sum
418 1750 573 1823 inductus,
607 1758 640 1811 ut
663 1749 809 1821 dicerem,
834 1749 949 1826 ingredi
972 1749 1104 1810 Martem
1135 1747 1173 1809 ad
1202 1745 1313 1819 latera,
1344 1745 1400 1807 sed
1424 1747 1529 1810 ohser-

171 1836 324 1898 vationum
349 1838 578 1900 Brahennarum
601 1839 681 1898 filum
707 1838 1035 1918 demonstrationesque
1059 1844 1182 1897 secutus
1206 1834 1345 1898 invictas.
1391 1835 1439 1898 ru
1463 1837 1530 1899 licet

171 1924 286 2004 fingas,
311 1929 387 2006 quod
413 1928 466 1989 tibi
491 1928 582 1988 animi
607 1927 698 1990 libido
714 1928 808 1989 dictet
831 1936 862 1988 et
886 1927 1023 2006 fatigeris
1039 1927 1077 1987 ad
1100 1935 1226 1986 mortem
1250 1942 1354 2004 usque,
1378 1924 1529 2005 ingenium

169 2016 313 2097 perdens,
339 2017 395 2078 hoc
420 2018 492 2092 scio,
518 2026 548 2078 te
573 2018 686 2079 frustra
709 2017 830 2096 fatigari
855 2024 886 2078 et
909 2027 1009 2079 actutu
1034 2034 1140 2094 agere,
1173 2033 1241 2075 cum
1271 2013 1373 2094 potius
1396 2014 1528 2078 animum

171 2113 203 2167 et
226 2103 338 2183 ingenii
363 2107 422 2168 vim
447 2106 485 2166 sd
510 2117 594 2168 certa
617 2107 784 2177 transfers,
817 2114 848 2166 et
872 2106 941 2185 quia
964 2105 1114 2184 cupiditas
1137 2111 1190 2165 tua
1212 2101 1384 2182 ingeniique
1408 2103 1528 2167 volubi-

170 2191 243 2255 litas
274 2195 450 2257 destituitur
479 2195 516 2256 ab
546 2195 660 2257 invicta
691 2195 866 2258 fortitudine
885 2195 1044 2256 insistendi
1069 2192 1185 2273 coeptis
1213 2200 1245 2252 et
1268 2212 1287 2253 a
1313 2192 1527 2271 prudentiain

168 2282 336 2363 deligendis
361 2284 529 2358 laboribus3
554 2286 718 2364 aggredere
743 2285 834 2363 igitur
846 2283 1063 2363 Ephemerides
1087 2301 1125 2343 ex
1148 2281 1260 2343 tabulis
1279 2281 1344 2359 jaun
1371 2283 1475 2357 iactis,
1496 2292 1528 2345 nt

167 2391 261 2451 opera
293 2373 348 2434 tibi
382 2392 439 2435 non
470 2374 513 2435 ita
535 2375 644 2435 misere
667 2384 789 2454 pereat,
823 2373 891 2454 quin
916 2373 1015 2454 potius
1040 2371 1175 2452 adspiret
1197 2371 1234 2433 ad
1267 2370 1390 2451 aliquod
1422 2373 1527 2435 mcum

166 2460 327 2542 publicum.
368 2461 430 2524 Sed
454 2472 486 2523 et
509 2463 582 2524 illud
607 2482 665 2523 nou
689 2473 769 2524 recto
794 2462 895 2537 habet,
920 2462 1004 2541 cujus
1027 2480 1120 2523 causa
1144 2459 1310 2522 introducis
1334 2459 1428 2523 istam
1453 2481 1525 2523 eva·

166 2550 330 2630 gationem.
380 2550 483 2614 Causa
506 2552 593 2625 enim,
620 2572 670 2613 cur
695 2571 731 2613 ex
756 2547 775 2613 3
800 2551 986 2631 ucronychiis
1010 2570 1068 2613 uou
1091 2549 1191 2631 possit
1214 2548 1325 2630 aliquid
1349 2550 1428 2613 certi
1451 2570 1524 2614 oon·

165 2639 260 2713 cludi,
296 2648 345 2703 est
377 2639 452 2703 haec
486 2640 567 2714 sols,
601 2641 680 2721 quod
713 2640 837 2702 liberam
870 2638 1063 2721 relinquimus
1091 2639 1254 2700 sectionem
1287 2639 1523 2703 eccentrieitstis

166 2728 335 2809 sequentis.
382 2731 427 2792 At
459 2730 485 2791 si
509 2729 671 2808 imperetur
694 2740 793 2804 certa,
819 2728 847 2790 h.
872 2748 898 2789 e.
923 2720 1067 2803 binoctio,
1094 2730 1157 2808 jam
1181 2727 1301 2789 omniuo
1331 2727 1438 2808 aliqua
1461 2730 1523 2791 lor·

164 2830 263 2880 matur
286 2818 464 2900 hypothesis
486 2840 504 2880 s
527 2817 546 2880 3
572 2819 768 2899 acrouychiis,
793 2818 975 2880 necessitate
994 2817 1187 2898 geometrica,
1210 2817 1274 2878 sive
1292 2816 1358 2897 jsrn
1381 2817 1523 2882 circulum

163 2924 260 2989 ponas
294 2910 358 2969 sive
395 2908 513 2988 ellipsin
543 2907 606 2967 sive
640 2927 845 2988 quamcunque
869 2907 993 2987 figuram
1025 2906 1139 2970 itineris
1162 2905 1334 2986 planetarii.
1384 2906 1431 2969 ‘lu
1455 2926 1524 2972 vero

163 2995 276 3058 videris
299 2997 439 3060 conlundi
468 2997 545 3058 iuter
578 2997 652 3058 haec
684 2998 756 3058 duo:
791 2996 883 3058 nihil
907 2997 1083 3059 concludere
1107 3002 1138 3057 et
1171 2995 1306 3058 falsum
1334 2995 1522 3062 concludere.

164 3082 274 3148 Posito
307 3084 473 3148 bisectione
498 3096 528 3146 et
552 3087 651 3165 posito
675 3087 804 3158 circulo,
830 3096 891 3146 tres
916 3085 1113 3167 acronychiae
1145 3103 1203 3146 uon
1228 3083 1409 3146 concludunt
1441 3087 1523 3156 aiud.

164 3194 223 3236 non
242 3176 424 3237 concludunt
448 3176 593 3237 incertam
617 3177 664 3236 vel
688 3194 796 3255 vagam
820 3175 1010 3256 hypothesin,
1037 3174 1201 3236 sedunam
1225 3182 1346 3235 certam.
1386 3175 1433 3236 At
1455 3175 1524 3259 quis

166 3262 246 3325 ialsa
276 3265 334 3326 fuit
365 3265 475 3349 positio
505 3264 622 3339 circuli,
648 3264 766 3327 -lalsem
798 3264 888 3326 etiarn
918 3264 1098 3326 concludunt
1126 3261 1316 3345 hypothesin.
1363 3263 1523 3329 falsitatis

164 3370 238 3415 vero
262 3374 356 3416 causa
385 3374 441 3415 non
468 3362 514 3416 est
538 3356 604 3416 sola
632 3353 698 3427 illa,
734 3373 821 3433 quum
847 3363 878 3416 tu
903 3354 995 3415 infers
1021 3350 1072 3416 15‘
1102 3352 1269 3432 parallnxis
1301 3370 1354 3413 seu
1377 3354 1522 3433 prosilis·

165 3442 323 3523 plraeresis
354 3445 565 3525 aequationunr
591 3443 736 3515 eccentri‚
773 3444 825 3503 sed
850 3452 968 3505 mutata
997 3442 1141 3504 linearum
1166 3441 1320 3522 longitudo
1344 3441 1383 3503 sd
1414 3442 1521 3507 latera

164 3529 243 3595 Nam
259 3534 336 3612 quod
359 3533 470 3594 attinet
494 3533 683 3594 latitudinem
710 3533 837 3606 lunulae,
863 3532 956 3593 ellicit
970 3533 1044 3592 haec
1061 3531 1179 3612 quidem
1195 3530 1308 3612 aliquid
1331 3531 1361 3591 in
1377 3534 1521 3611 prosthe-

164 3621 304 3703 phseresi
329 3624 555 3704 aequationum,
590 3621 725 3683 sednon
750 3621 1040 3695 elficitmariurum,
1071 3620 1124 3682 ubi
1156 3620 1287 3682 maxima
1316 3627 1365 3683 est
1394 3619 1521 3685 latitudo

165 3710 295 3775 lunulae.
344 3712 378 3773 Iu
404 3712 554 3774 anomalia
577 3719 744 3792 coaequata
767 3707 814 3785 0⁰,
839 3704 907 3785 90⁰,
937 3705 1024 3783 180⁰,
1049 3705 1142 3784 270⁰,
1166 3705 1250 3773 360⁰
1278 3711 1435 3774 evanescit
1462 3712 1523 3775 ists

166 3800 452 3880 prosthaphaeresis
477 3810 508 3863 et
530 3802 655 3881 pluneta
679 3810 833 3879 spectatur
857 3819 894 3861 ex
917 3798 989 3862 Sole
1014 3800 1077 3872 (vel
1101 3800 1202 3880 quasi)
1226 3799 1331 3862 eodem
1355 3799 1433 3874 loco,
1457 3799 1521 3862 sire

164 3888 195 3951 in
220 3889 330 3951 circulo
355 3900 458 3952 currat
481 3891 544 3952 sive
567 3891 596 3951 iu
621 3890 729 3970 ellipsi.
769 3891 813 3951 At
837 3884 1520 3968 inanomaliacosequstsw,135',225⁶.

71 4028 79 4051 ,
111 4054 114 4061 Ι
161 3972 464 4055 315⁰estmaxima,
488 3997 583 4060 neque
607 3989 709 4040 tamen
736 3975 797 4052 15⁴,
822 3979 875 4040 sed
900 3979 958 4040 uisi
982 3978 1070 4040 fallor
1092 3973 1134 4041 δ’.
1173 3977 1221 4040 Ac
1244 3996 1280 4039 ne
1305 3976 1380 4040 haec
1402 3979 1521 4061 quidem

49 4054 72 4087 '⁸'
112 4066 347 4148 *·-=simpliciter‚
373 4068 427 4129 sed
450 4069 656 4131 tantummodo
679 4076 759 4144 tuuc,
786 4086 852 4129 cuns
875 4068 1001 4147 planeta
1016 4087 1053 4129 ex
1068 4066 1178 4130 circulo
1198 4066 1237 4129 ad
1260 4065 1376 4148 ellipsis
1391 4069 1521 4133 circum·

57 4180 82 4197 ¹·
103 4176 134 4225 ,·
160 4157 319 4221 serentiam
343 4158 511 4237 ingreditur
539 4158 567 4219 iu
592 4157 660 4219 sinu
683 4165 765 4220 recto
788 4158 956 4219 anomaliae
980 4156 1120 4220 eccentri.
1167 4154 1201 4217 si
1224 4174 1294 4218 vero
1317 4165 1449 4237 ponatur
1471 4158 1519 4221 in-

160 4247 246 4327 gredi
280 4248 307 4308 in
341 4248 425 4308 radio
460 4247 599 4308 veniente
632 4265 669 4306 er
703 4254 805 4308 centro
839 4247 1013 4321 eccentrici,
1046 4255 1118 4308 tnnc
1151 4245 1240 4327 plane
1271 4245 1345 4308 nihil
1375 4247 1519 4310 sensibile

159 4345 292 4398 mutatur
316 4335 344 4397 in
369 4336 566 4415 aequatione;
591 4336 692 4416 itaque
709 4337 804 4396 omnis
822 4355 914 4398 causa
936 4333 1081 4398 salsitatis
1104 4334 1318 4416 hypotheseos,
1343 4353 1420 4416 qnae
1444 4354 1519 4400 rsu-

159 4424 245 4499 citur‚
272 4427 299 4487 iu
325 4425 391 4486 sols
415 4422 639 4486 abbreviatione
664 4425 809 4486 linearum
832 4435 902 4488 tuuc
927 4424 1076 4488 consistit.
1124 4423 1262 4505 Denique
1286 4423 1384 4495 video,
1408 4434 1441 4488 te
1469 4422 1519 4491 lh‘

159 4522 191 4575 et
227 4515 416 4577 latitudinem
456 4515 574 4576 lunulae
607 4514 744 4594 accipere
773 4533 826 4593 pro
858 4515 971 4578 eodem.
1018 4513 1162 4576 Latitndo
1200 4512 1334 4588 lunulae,
1365 4532 1444 4595 quse
1479 4514 1519 4578 ah

160 4605 326 4666 eccentrico
350 4604 481 4666 Telluris
504 4622 557 4665 seu
581 4602 663 4665 Solis
693 4612 741 4664 est
763 4612 902 4666 resecata
925 4604 1037 4676 (indice
1066 4611 1191 4665 secante
1222 4620 1310 4664 arens
1336 4597 1376 4666 1ο
1399 4603 1430 4667 1’
1456 4600 1520 4669 13”

162 4690 301 4754 dimidiae
321 4694 509 4774 aequatiouis
525 4692 622 4767 Solis)
638 4701 687 4753 est
705 4692 753 4768 15,
777 4695 877 4755 verius
896 4689 945 4769 16,
970 4693 1101 4774 qualium
1116 4692 1218 4756 radius
1237 4689 1376 4757 100000.
1415 4694 1519 4776 Atque

158 4778 213 4840 hae
234 4802 305 4842 sane
334 4779 371 4844 16
392 4783 556 4863 particulae
572 4803 638 4844 cum
653 4782 720 4843 sinu
744 4793 825 4844 recto
840 4783 1009 4845 anomaliae
1025 4781 1155 4846 eccentri
1181 4790 1360 4845 accrescunt
1372 4782 1402 4847 in
1417 4782 1518 4865 longi·

157 4868 277 4933 tudines
300 4872 425 4934 medias.
457 4874 504 4935 At
525 4874 628 4936 lunula
643 4871 785 4934 shlsrtis
807 4872 976 4935 eccentrico
998 4872 1110 4936 circulo
1135 4872 1303 4935 sumenda
1325 4871 1421 4937 hehst
1442 4872 1519 4939 lsti—
