3374 5528
566 340 629 394 Pars
650 343 742 394 Prima.
779 343 862 410 Caput
879 345 925 397 VI.
1232 324 1237 331 ’
1358 344 1420 417 195

70 524 182 600 puncto
206 522 243 594 t;
268 526 301 582 et
322 520 506 600 respondeat
527 521 602 583 haec
625 522 802 605 hypothesis
826 523 962 586 omnibns
985 522 1061 586 locis
1085 524 1255 588 observatis
1271 526 1327 588 sub
1344 527 1422 591 arti-

71 609 155 672 culos
178 609 379 689 oppositionis
402 610 544 690 planetae
569 631 634 673 cum
657 612 755 674 medio
779 613 845 675 loco
870 612 960 674 Solis.

162 694 242 770 Quid
266 698 357 779 igitur
381 700 675 780 est,'Keplere‚
713 703 791 783 quod
815 703 864 763 hic
887 702 1041 765 desideres
1063 703 1094 765 in
1119 703 1307 783 Copernico?
1330 692 1420 767 Anne

69 787 330 851 observationibus
353 807 407 850 seu
431 798 669 852 astronomorum
692 790 906 872 experimentis
935 810 1030 871 negas
1060 793 1137 854 hanc
1161 791 1342 875 hypothesin
1365 812 1420 872 per

69 877 170 939 omnia
192 878 396 957 respondere?
442 879 477 941 Id
501 878 618 958 quidem
633 878 700 959 ‘jam
725 900 784 941 non
807 880 916 959 agitur.
957 881 1062 960 Neque
1087 901 1153 960 ego,
1177 901 1245 944 cum
1268 882 1346 943 hunc
1369 883 1419 945 la·

68 968 173 1029 horem
196 966 379 1046 suspicarer,
402 967 441 1028 ab
464 968 726 1030 observationibus
749 969 778 1030 in
804 969 955 1031 diversam
979 971 1161 1033 sententiam
1185 970 1444 1035 sumunductna

68 1054 132 1119 Sed
154 1056 211 1117 hoc
234 1065 282 1119 est
305 1056 382 1136 quod
406 1056 593 1118 desideravi:
622 1058 828 1122 Oorstiaaetor
846 1060 888 1135 oo
910 1066 944 1121 at
963 1066 1042 1122 secet
1065 1062 1271 1123 eccerdricam
1292 1061 1329 1123 ia
1343 1085 1371 1140 χ,
1387 1057 1420 1135 ξς

67 1153 98 1207 et
120 1146 238 1226 circcg
259 1151 406 1209 comatae
421 1153 579 1228 punctam
590 1150 762 1222 sectatrici,
787 1149 871 1230 quod
885 1149 928 1210 ait
940 1171 966 1220 a,
991 1156 1250 1230 comaectctarqtca
1266 1168 1337 1212 com
1350 1155 1377 1224 o,
1394 1152 1420 1211 2.

69 1234 151 1298 Cam
173 1255 246 1318 arpo
269 1258 310 1316 χτ
332 1236 480 1298 metiatur
502 1235 653 1316 sapidam
675 1241 744 1317 χλτ,
769 1236 907 1319 clipeatus
927 1257 999 1299 aero
1021 1243 1095 1318 χότΙ
1111 1239 1214 1323 mcy'or
1236 1237 1278 1300 ait
1304 1235 1420 1320 capulo

68 1328 130 1408 χλι
144 1325 322 1407 qaaadtatc
337 1328 408 1399 oet,
433 1333 462 1388 et
475 1326 516 1387 ait
532 1331 550 1386 d
567 1334 720 1406 punctam
736 1324 940 1409 aequalitatis
954 1329 1188 1407 temporariae·
1211 1346 1284 1407 erpo
1299 1334 1423 1409 scapos

62 1435 126 1497 per
155 1419 219 1495 χδτ
249 1413 449 1496 designatam
479 1421 526 1476 est
553 1417 657 1501 majrcs
687 1423 830 1497 respecto
860 1417 958 1478 totius
987 1416 1114 1496 periodi
1142 1416 1292 1498 tangaris
1316 1411 1422 1496 perd

66 1510 169 1566 rectos
191 1503 318 1585 signati,
349 1524 446 1585 qaam
475 1523 570 1567 crasa
598 1524 638 1584 χτ
666 1513 808 1587 respectu
846 1505 1117 1587 circumferentiae
1153 1505 1267 1568 totius.-
1305 1504 1422 1568 taedas

66 1595 166 1674 igitur
183 1591 318 1674 planeto
338 1612 409 1654 cere
433 1588 511 1674 (aaa
525 1595 598 1678 jam
615 1613 677 1674 per
697 1595 785 1656 mute
804 1589 1026 1675 phantasiam)
1046 1615 1108 1676 per
1130 1614 1241 1657 arcam
1258 1614 1308 1674 τχ,
1330 1593 1421 1657 calco

65 1684 100 1745 ia
124 1682 266 1765 opposito
290 1701 382 1753 arcu,
411 1690 440 1744 et
461 1683 498 1744 ia
519 1706 537 1762 χ
559 1681 777 1756 tardissimus,
810 1684 845 1744 ia
868 1681 885 1754 ξ
905 1681 1128 1748 aebctsatmoa.
1176 1683 1288 1764 Neque
1313 1690 1420 1746 toraca

65 1776 102 1836 ira
124 1796 142 1852 χ
165 1768 345 1852 maacham
373 1773 491 1834 recedit
518 1791 540 1832 c
561 1793 578 1832 a
601 1769 693 1846 Sole,
723 1792 822 1852 aeque
851 1773 886 1833 ia
908 1769 926 1843 ξ
948 1774 1117 1853 prosimos
1141 1773 1183 1854 stt
1213 1773 1279 1855 ipsi
1301 1795 1325 1835 a.
1370 1771 1418 1835 st

67 1859 206 1924 omnibus
228 1859 401 1921 rationibus
417 1861 541 1940 ipsaque
565 1860 640 1920 adeo
664 1860 865 1942 hypotheseos
894 1860 990 1940 hujus,
1016 1880 1104 1941 quam
1128 1861 1209 1924 circa
1231 1863 1252 1937 β
1274 1868 1417 1941 puuctum

67 1949 184 2023 refello,
209 1947 422 2011 testificatione
437 1959 672 2011 consentaneum
697 1950 832 2023 efficitur,
857 1950 934 2010 hanc
953 1951 1066 2013 realem
1088 1950 1327 2012 retardationem
1348 1950 1419 2029 pla-

70 2047 162 2101 netae
188 2037 257 2099 oriri
281 2057 318 2097 ex
342 2037 479 2100 discessu
502 2057 664 2118 acorpore
679 2037 769 2112 Solis,
796 2038 1046 2101 accelerationem
1071 2059 1109 2101 ex
1132 2038 1419 2119 appropinquatione

68 2129 107 2190 ad
132 2125 236 2189 Solem
269 2125 365 2205 ipsum
397 2127 427 2188 in
452 2150 468 2189 κ
490 2127 590 2190 situm.
639 2127 814 2191 Contrane
842 2127 1027 2206 cogitatione
1058 2128 1176 2207 quidem
1208 2126 1420 2206 comprehendi

68 2225 188 2299 potest,
223 2215 322 2277 inesse
354 2216 415 2278 vim
437 2217 467 2278 in
496 2226 608 2298 puncto
631 2218 650 2294 β
674 2218 769 2296 (quod
801 2227 886 2278 caret
914 2208 1052 2297 corpore)
1086 2217 1204 2296 potius,
1239 2215 1421 2295 quamius

68 2306 188 2369 omniuo
220 2305 355 2384 proximo
380 2305 424 2378 (in
449 2325 506 2386 quo
531 2304 601 2381 Sol,
634 2305 835 2378 cernundi),
860 2307 1005 2386 quaevis
1033 2307 1187 2385 planetam
1216 2322 1270 2385 pro
1303 2304 1420 2368 ratione

70 2396 233 2458 abscessus
257 2403 289 2455 et
311 2413 448 2457 recessus
472 2395 518 2456 sui
541 2397 628 2457 tarde
653 2396 701 2456 vel
720 2396 866 2456 velociter
889 2395 1081 2475 circumagat.
1120 2397 1168 2457 Ao
1188 2395 1246 2457 etsi
1269 2394 1335 2474 quis
1354 2394 1420 2472 jam

70 2505 127 2547 uon
152 2484 301 2545 concedat
323 2483 546 2546 retardationes
570 2493 602 2546 et
625 2484 861 2546 accelerationes
888 2484 1055 2563 hujusmodi
1080 2503 1117 2546 ex
1140 2483 1244 2547 intimo
1268 2482 1419 2545 eoeentri-

69 2592 172 2637 comm
203 2572 361 2653 complexu
393 2573 517 2654 physice
550 2574 638 2649 oriri,
673 2581 791 2634 statuat
820 2573 911 2652 igitur
939 2575 995 2634 has
1026 2574 1199 2635 affectiones
1231 2581 1329 2635 motus
1354 2591 1421 2634 esse

70 2662 252 2726 naturaliter
273 2680 367 2742 penes
390 2663 473 2742 ipsas
505 2663 667 2724 facultates
696 2663 835 2723 motrices
858 2663 888 2723 in
912 2681 1035 2741 corpore
1066 2663 1208 2741 planetae
1242 2661 1420 2736 residentes,

70 2771 187 2815 mrsnm
219 2752 346 2813 eandem
375 2751 664 2815 verisimilitudinem
694 2751 904 2815 obtinebimus.
950 2752 1030 2814 Nam
1061 2771 1137 2833 quae
1168 2751 1338 2818 canescit,
1369 2769 1423 2812 cur

71 2841 284 2905 montesilice
315 2841 480 2920 praeterito
513 2851 624 2921 puncto
649 2867 664 2902 κ
689 2841 783 2921 (quod
813 2840 1026 2920 geometricam
1054 2841 1147 2903 habet
1179 2839 1358 2902 affinitatem
1382 2840 1422 2903 ad

70 2941 194 3007 motum,
220 2948 344 3010 corpore
368 2929 447 2992 enim
469 2931 613 2993 vestitum
637 2939 767 2992 estnon
791 2929 917 3008 exiguae
941 2930 1170 3010 magnitudinis)
1188 2930 1261 3006 adp
1278 2935 1423 3010 puuctum

70 3020 267 3102 respicerent,
291 3016 627 3100 quatuomsolummooo
651 3018 882 3080 semidiametris
907 3019 970 3091 (vel
994 3019 1155 3081 secundum
1179 3026 1327 3089 auctores,
1354 3018 1421 3080 dia·

72 3103 195 3189 metris)
221 3108 354 3189 corporis
379 3106 496 3170 Solaris
520 3108 648 3188 abipso
672 3107 744 3170 Sole
769 3117 915 3169 remotum
938 3117 970 3169 et
994 3128 1118 3188 corpore
1144 3126 1257 3169 vacans
1281 3106 1421 3186 nullaque

72 3220 103 3263 re
142 3197 203 3260 nisi
241 3198 330 3259 unies
366 3197 581 3277 imaginatione
618 3198 797 3259 subnixum?
842 3198 930 3258 Adde
970 3198 1047 3277 qnod
1086 3195 1271 3276 Coperuicus
1306 3194 1358 3258 lib.
1382 3194 1423 3257 V.

71 3308 137 3370 cap.
164 3283 216 3350 16.
241 3287 307 3383 ippe
338 3287 493 3367 agnoscit,
528 3285 631 3349 Solem
659 3288 728 3349 ina
760 3287 848 3366 plane
878 3287 966 3348 fixum
996 3306 1064 3348 esse
1092 3287 1218 3365 ideoque
1242 3283 1421 3346 eoeentrici-

71 3388 166 3443 tatem
191 3382 232 3439 ab
255 3385 454 3450 constantem,
479 3395 545 3437 cnm
569 3378 588 3453 β
611 3385 767 3456 punctum,
792 3376 870 3456 quod
893 3394 946 3454 pro
975 3388 1077 3437 centro
1101 3374 1193 3437 habet
1216 3374 1296 3436 orbis
1321 3373 1421 3442 annui,

70 3467 240 3533 naulorum
272 3484 415 3549 successu
449 3466 582 3527 luxatum
613 3485 680 3526 esse
712 3464 870 3545 perhibeat
903 3465 1003 3543 itaque
1030 3467 1050 3541 β
1058 3470 1074 3526 t
1105 3464 1271 3525 breviorem
1299 3463 1421 3525 factam.

71 3555 138 3629 Quo
163 3542 298 3635 pacto*d
321 3564 373 3616 aut
397 3555 484 3616 hodie
518 3574 576 3614 non
611 3562 659 3616 est
691 3554 820 3632 amplius
844 3553 873 3613 in
898 3563 1002 3616 centro
1035 3554 1155 3627 mundi,
1190 3562 1243 3614 aut
1270 3552 1341 3614 olim
1363 3570 1423 3614 non

71 3648 127 3708 tuit
149 3645 202 3706 ihi.
250 3644 295 3705 At
317 3651 549 3706 cousentaneum
573 3653 630 3718 est,
655 3643 703 3704 vel
731 3643 875 3721 originem
898 3652 997 3704 motus
1021 3663 1059 3705 cx
1087 3651 1188 3705 centro
1221 3642 1323 3704 mundi
1355 3659 1422 3704 esse

71 3737 117 3798 rel
141 3744 263 3799 mentes
287 3734 428 3795 motrices
448 3735 487 3794 ad
502 3741 637 3795 centrum
660 3732 761 3794 rnundi
785 3732 945 3811 respicere,
971 3752 1028 3794 non
1053 3733 1143 3812 igitur
1167 3732 1241 3808 adli
1264 3731 1318 3792 sed
1343 3730 1381 3791 ad
1396 3755 1422 3803 κ,

71 3825 149 3908 qnod
174 3820 363 3903 Coperuicus
386 3823 476 3884 hum
498 3821 653 3902 perhibet;
679 3823 707 3882 id
732 3821 809 3898 quod
833 3830 936 3883 centro
960 3822 1061 3884 mundi
1084 3820 1238 3900 competit.
1285 3819 1342 3881 His
1365 3819 1423 3881 ad-

71 3917 181 3977 ductus
204 3911 515 3974 verisimilitudinibus
539 3911 685 3985 conclusi,
719 3911 828 3972 lineam
843 3910 1000 3990 apsidum,
1028 3930 1104 3990 quae
1128 3928 1181 3989 pro
1205 3908 1423 3989 inaequalitate

70 4005 168 4085 prima
190 4001 334 4083 planetae
358 4000 516 4062 efficienda
538 4009 707 4080 usurpatur,
733 4020 791 4060 non
816 4000 924 4062 debere
947 4020 1002 4079 per
1023 4002 1042 4077 β
1065 4000 1119 4061 sed
1133 4019 1187 4079 per
1210 3998 1425 4079 ipsissimnma

72 4092 214 4156 transire.
263 4089 347 4153 Tunc
371 4090 525 4152 autemid
550 4089 763 4161 obtinebimus,
787 4108 852 4150 oum
876 4090 943 4151 loca
970 4091 1111 4169 planetae
1135 4088 1189 4150 sub
1213 4087 1281 4150 lixis
1305 4106 1342 4148 ea
1365 4086 1422 4147 ad-

72 4183 228 4256 hibemus,
263 4197 339 4262 quae
371 4181 498 4261 planeta
529 4179 667 4260 possidet
688 4179 717 4239 in
742 4178 867 4239 articulo
899 4178 1096 4258 oppositionis
1124 4178 1170 4239 sui
1194 4186 1226 4238 et
1249 4174 1423 4257 apparentis

73 4272 130 4334 loci
153 4267 252 4334 Solis.
296 4266 570 4350 aequiternam
594 4278 706 4347 puncta
730 4293 759 4339 a,
785 4269 804 4343 β
827 4286 892 4329 curn
915 4291 930 4345 y
952 4269 1045 4330 Terra
1067 4267 1097 4328 in
1122 4267 1227 4328 ecdem
1252 4275 1322 4329 sunt
1344 4265 1424 4327 linea

72 4364 196 4443 ipseque
219 4358 344 4440 planeta
366 4377 425 4419 una
448 4358 478 4419 in
503 4359 628 4418 eandem
662 4356 821 4429 coincidit,
846 4367 879 4417 ut
903 4357 929 4418 si
951 4357 994 4419 sit
1015 4358 1046 4418 in
1068 4380 1103 4430 a,
1128 4365 1200 4418 tunc
1229 4355 1333 4417 eodem
1355 4372 1423 4415 mo-

72 4460 174 4514 mento
195 4448 323 4530 planeta
345 4456 377 4509 et
391 4448 487 4509 medio
507 4457 539 4507 et
555 4446 711 4526 apparenti
730 4444 811 4507 Solis
832 4447 897 4507 loco
921 4446 1079 4526 opponitur
1102 4455 1262 4524 manetque
1281 4445 1308 4505 ei
1329 4444 1422 4512 locus,

73 4541 136 4604 sive
160 4557 216 4620 per
240 4539 282 4616 βτ
304 4537 368 4599 sive
391 4555 445 4617 per
468 4559 507 4598 aa
529 4535 607 4597 inter
625 4537 702 4597 fixas
726 4544 931 4598 excurrentem
955 4535 1137 4614 designetur,
1162 4551 1291 4613 vereque
1314 4539 1422 4593 exutus

73 4639 120 4692 est
142 4626 364 4708 inaequalitate
397 4626 545 4694 secunda,
578 4625 641 4686 sive
671 4625 708 4686 ab
741 4632 905 4704 apparente
937 4626 1000 4687 sive
1028 4646 1048 4687 a
1075 4623 1172 4701 medio
1204 4630 1287 4684 motu
1311 4621 1422 4682 Terrae

72 4718 214 4799 pendeat.
262 4718 308 4778 At
338 4735 404 4778 cum
426 4716 521 4778 Terra
544 4716 582 4777 ad
613 4714 659 4777 sui
688 4714 847 4785 eoeentrici
880 4714 960 4777 latus
989 4735 1042 4776 seu
1074 4710 1275 4791 longitudines
1306 4708 1422 4771 modias

75 4809 166 4882 venit,
194 4805 366 4870 differentia
389 4805 466 4867 satis
489 4824 599 4886 magna
623 4802 793 4865 intervenit.
840 4803 934 4866 Iverit
962 4804 1039 4865 enim
1063 4803 1158 4862 Terra
1181 4821 1199 4861 a
1222 4823 1236 4879 y
1258 4799 1289 4863 in
1310 4822 1329 4860 o
1353 4794 1422 4871 (Sol

73 4916 180 4980 nempe
203 4916 221 4958 e
244 4896 367 4976 regione
389 4916 409 4958 a
429 4893 573 4975 perigaeo
597 4903 630 4956 et
651 4891 834 4974 Capricorno
858 4893 887 4956 in
910 4893 1063 4966 Arietem)
1086 4902 1119 4953 et
1144 4889 1315 4953 inveniatur
1343 4889 1422 4952 linea

1152 4992 1211 5044 1³*
