3374 5528
765 320 929 391 filetum
1453 321 1518 393 631

173 499 272 564 cessio
294 501 399 565 Lunae
425 498 479 565 170
508 496 584 566 4200.
607 495 651 577 ¹¹)
696 500 812 563 Eodem
848 500 936 564 modo
971 502 1063 565 etiam
1092 502 1152 566 alio
1175 508 1340 577 momento,
1380 521 1423 565 sc.
1444 500 1520 566 bora

172 587 204 653 3.
229 585 306 670 9010
330 590 483 654 observati
507 601 578 654 suut
600 591 687 671 digiti
711 585 787 674 6²1„
812 588 966 653 inclinatio
990 602 1158 655 ceutrcrum
1185 588 1242 655 140
1275 591 1454 654 averticali
1478 592 1517 656 ad

172 679 337 743 sinistram.
370 679 526 744 Distantia
548 680 639 760 igitur
662 677 829 743 centrorum
853 698 906 760 per
929 681 1024 761 probl.
1045 679 1161 744 l2.1est
1179 678 1230 744 100
1249 678 1325 744 2800.
1364 681 1438 744 Tum
1453 682 1518 747 cul-

170 770 268 830 miuat
294 767 351 833 180
373 767 405 833 50
427 786 474 830 m
497 778 529 832 et
552 779 637 832 secat
658 768 811 831 verticalis
829 769 998 849 eclipticam
1016 771 1124 848 angulo
1141 765 1201 834 600
1225 765 1287 832 300.
1330 769 1436 850 Itaque
1456 770 1517 832 cir-

171 858 256 920 culus
279 868 448 921 ceutronum
472 860 580 939 angulo
604 854 666 924 460
688 855 752 930 300,
777 859 853 918 daus
878 877 915 919 ex
938 859 1081 921 columnis
1108 856 1159 921 100
1182 868 1214 920 et
1240 855 1305 927 2800
1329 859 1519 921 latitudinem

171 947 271 1009 visam
295 948 358 1010 bor.
384 947 415 1010 70
439 944 514 1023 3600,
538 947 661 1029 ejusque
681 948 928 1026 complementum
951 944 1013 1011 430
1035 944 1089 1011 300
1113 949 1168 1009 dat
1182 947 1397 1026 longitudinem
1412 946 1516 1010 Lunae
1552 971 1556 975 ·

172 1055 194 1096 a
217 1034 288 1097 Sole
320 1037 417 1098 visam
447 1036 478 1098 70
508 1034 583 1100 2600.
637 1037 679 1099 Et
706 1037 776 1117 quia
805 1054 871 1097 cum
903 1033 960 1099 180
987 1035 1018 1099 30
1041 1054 1088 1096 m
1110 1044 1250 1100 versatur
1272 1038 1299 1098 iu
1324 1037 1517 1117 nonagesimo

170 1119 234 1188 220
260 1122 291 1189 30
323 1132 368 1199 11,
398 1125 516 1188 distans
545 1148 564 1187 a
591 1127 702 1188 vertice
731 1121 791 1188 60⁰
815 1122 855 1197 30,
880 1125 936 1186 erit
961 1144 1014 1204 per
1036 1126 1260 1207 usurpationem
1282 1126 1389 1204 prioris
1413 1127 1517 1206 paral-

174 1214 280 1276 laxens
303 1215 390 1296 quasi
412 1234 502 1276 verae
526 1214 695 1277 latitudinis
718 1214 883 1294 paralladis
906 1210 961 1277 480
985 1213 1064 1289 3200,
1096 1215 1142 1277 cui
1171 1215 1275 1276 addita
1299 1214 1363 1276 visa
1387 1215 1516 1277 latitudo

170 1299 204 1364 7¹
227 1299 303 1379 3600,
328 1305 434 1384 quippe
459 1304 598 1379 borealis,
624 1305 697 1365 lacit
714 1303 817 1366 Lunae
832 1323 933 1365 veram
950 1305 1136 1366 latitudinem
1152 1304 1209 1365 boc
1223 1316 1373 1366 momento
1392 1300 1445 1368 bb‘
1464 1301 1516 1378 800,

170 1393 420 1475 complementum
444 1413 515 1456 vero
540 1390 668 1463 290510
693 1392 855 1455 distantiae
880 1393 1065 1472 nonagesimi
1081 1394 1225 1455 avertice
1244 1394 1298 1454 dat
1323 1393 1518 1472 longitudinis

170 1481 386 1544 horizontalem
420 1483 588 1561 parallaxin
626 1481 681 1545 270
710 1481 785 1546 5700.
838 1480 900 1544 Sed
924 1482 994 1562 quia
1017 1480 1071 1544 Sol
1095 1482 1183 1544 abest
1206 1504 1225 1543 a
1247 1482 1441 1558 nonagesimo
1466 1501 1519 1561 per

169 1568 233 1635 ’190
255 1571 296 1645 50,
321 1589 392 1651 ergo
408 1572 462 1634 sub
477 1573 620 1634 columnis
635 1569 698 1645 270,
718 1569 793 1643 5700,
812 1572 974 1651 respondet
990 1572 1182 1651 longitudinis
1197 1571 1361 1652 parallaxis
1377 1568 1430 1633 270
1452 1568 1517 1634 2700

169 1659 375 1735 inmensum,
406 1662 452 1722 cui
476 1663 554 1723 adde
576 1661 672 1722 visam
686 1661 790 1724 Lunae
814 1661 1034 1740 superationem
1059 1660 1090 1721 10
1113 1656 1188 1735 2600,
1213 1661 1314 1742 prodit
1337 1660 1421 1740 quasi
1444 1680 1518 1723 vers

166 1750 324 1832 superatio
347 1746 401 1814 340
424 1745 499 1813 5300.
544 1750 647 1831 Atque
670 1749 725 1810 boc
749 1757 797 1809 est
819 1751 946 1811 alterum
970 1758 1159 1813 momentum.

257 1840 327 1903 Jam
365 1839 515 1901 horarium
546 1840 613 1902 binc
644 1839 812 1911 clidemus,
843 1850 1016 1919 comparato
1044 1845 1193 1901 momento
1221 1845 1355 1918 utroque.
1402 1837 1518 1901 Ablata

168 1928 281 2011 quippe
304 1938 353 1991 est
375 1949 413 1990 ex
435 1939 517 1992 motu
540 1930 645 1991 Lunae
670 1948 689 1989 a
711 1926 783 1990 Sole
806 1928 981 2008 parallaxis,
1005 1928 1183 2008 relinquitur
1205 1927 1295 2008 igitur
1316 1944 1404 1989 verus
1417 1936 1515 1990 motus

166 2017 273 2081 Lunae
297 2040 316 2080 a
340 2016 421 2081 Sola.

207 2118 246 2173 Et
264 2117 330 2188 quia
359 2117 387 2174 h.
411 2110 435 2175 l.
460 2111 506 2172 170
527 2113 587 2171 3000
607 2116 688 2172 Luna
703 2116 858 2186 praecessit
881 2111 927 2171 17‘
948 2112 1007 2174 4200

166 2197 239 2253 bora
262 2216 328 2254 vero
365 2238 379 2262 „
410 2193 436 2253 3.
479 2191 504 2253 9.
528 2190 565 2249 30
605 2205 703 2251 secuta
723 2204 768 2251 est
787 2212 837 2267 per
882 2192 928 2253 34.
949 2193 995 2262 53,
1026 2214 1094 2270 ergo
1114 2196 1189 2253 horis

408 2290 434 2351 1.
456 2271 1012 2365 &W
1042 2298 1137 2367 ltaque
1158 2294 1243 2349 horse
1263 2293 1311 2349 uni
1326 2260 1513 2365 competerent

166 2370 218 2431 280
242 2371 320 2432 100οε
345 2377 426 2431 Luna
445 2376 475 2431 iu
494 2391 623 2447 apogaso
644 2375 705 2431 luit.
746 2376 887 2441 Braneus,
916 2384 949 2431 ut
968 2392 1054 2447 supra
1073 2377 1190 2441 dictum,
1218 2374 1314 2429 Luuse
1334 2374 1364 2428 in
1384 2380 1512 2447 spcga'sc

166 2456 245 2511 dedis
266 2451 315 2511 27‘
338 2453 405 2513 12⁰.

166 2553 228 2615 Per
249 2551 476 2615 inclinationum
498 2550 604 2613 vitium
628 2550 701 2613 nihil
723 2551 842 2632 peccari
865 2551 962 2632 potuit
984 2551 1014 2613 iu
1038 2549 1232 2633 longitudine.
1278 2549 1357 2614 Nam
1380 2551 1507 2632 inprin-

166 2642 246 2720 cipio
269 2660 373 2721 parum
396 2641 598 2715 mutabantur,
623 2640 651 2701 iu
675 2640 832 2721 posteriori
856 2650 1005 2703 momento
1029 2639 1168 2704 celeriter
1194 2637 1313 2721 quidem
1338 2642 1511 2705 mutabatur

166 2729 339 2805 inclinatio,
364 2732 418 2792 sed
442 2729 590 2791 distantia
612 2741 781 2792 neutrorum
805 2730 993 2811 tuiipsius,
1017 2740 1051 2792 ut
1072 2749 1148 2791 uuus
1171 2729 1282 2808 gradus
1310 2728 1509 2791 aberrationis

166 2819 199 2881 iu
229 2818 422 2882 inclinatione
451 2819 569 2881 causari
601 2819 733 2899 potuerit
764 2838 820 2880 uon
853 2819 932 2880 ultra
960 2816 1013 2882 8“.
1070 2818 1218 2882 Diametri
1247 2818 1387 2880 luminum
1417 2818 1510 2881 stiam

165 2908 270 2971 c'ertae
293 2917 373 2974 suut.
398 2906 559 2989 “Superest
582 2908 754 2991 aestimatio
777 2908 922 2970 delectus.
953 2909 1018 2988 Ego
1043 2907 1121 2969 euim
1144 2906 1193 2968 hic
1216 2906 1262 2968 ita
1275 2913 1416 2988 operatus
1435 2926 1510 2984 sum,

165 3015 204 3059 sc
237 2996 263 3060 si
287 2998 359 3060 nihil
383 2997 480 3059 adbuc
508 2997 672 3060 deiecisset
699 2999 727 3058 in
757 2997 912 3077 principio.
958 2999 1002 3060 At
1024 2998 1052 3058 si
1074 2997 1147 3058 nihil
1170 2996 1347 3072 defecisset,
1372 3015 1428 3077 ego
1451 3015 1511 3059 uon

164 3087 359 3166 agnovissem
382 3087 499 3149 initium
523 3088 667 3149 delectus.
715 3083 832 3156 Quodsi
855 3087 883 3147 iu
907 3085 1066 3168 principio,
1097 3086 1215 3166 quando
1240 3104 1296 3165 ego
1320 3087 1428 3167 agnovi
1452 3087 1508 3151 de-

165 3177 294 3253 fectum,
323 3176 387 3256 jam
412 3176 522 3237 deiecit
551 3195 621 3256 pars
649 3174 730 3237 Solis
753 3174 920 3248 tricesima,
955 3175 1088 3237 horarius
1107 3174 1174 3257 jam
1196 3175 1231 3235 fit
1253 3173 1374 3238 dimidio
1397 3175 1512 3239 minuto

164 3266 273 3328 minor.
315 3250 430 3327 Ea'dem
454 3265 545 3326 etde
569 3266 664 3326 altero
688 3273 837 3326 momento
859 3264 998 3325 tenenda.
1037 3263 1099 3326 Sed
1122 3263 1285 3338 videamus,
1309 3263 1335 3325 si
1359 3259 1390 3327 60
1413 3263 1511 3346 majo-

166 3374 230 3417 rem
251 3354 332 3434 justo
356 3355 601 3416 assumsissemus
624 3352 791 3433 parallaxiu
814 3353 918 3414 Lunae
942 3373 961 3414 a
983 3352 1070 3427 Sole,
1100 3365 1243 3434 quantum
1265 3352 1433 3417 variaretur
1454 3354 1512 3417 bo·

165 3443 264 3507 rarius
286 3444 400 3507 Lunae.
446 3442 573 3506 Utamur
595 3461 648 3522 pro
672 3439 741 3517 560,
772 3442 908 3503 columna
931 3439 1002 3516 50‘3
1035 3460 1107 3522 ergo
1145 3443 1236 3523 priori
1265 3450 1415 3505 momentu
1444 3462 1511 3507 cum

166 3552 238 3594 arcu
265 3526 323 3595 190
345 3531 399 3594 560
429 3532 540 3594 eruitur
567 3532 760 3592 horizontalis
791 3531 984 3610 longitudinis
1011 3531 1062 3594 170
1085 3529 1136 3605 200,
1162 3532 1198 3592 de
1222 3550 1281 3611 qua
1304 3531 1510 3596 distantiaea

164 3622 359 3700 nonagesimo
382 3617 443 3683 420
465 3620 518 3683 510
542 3619 686 3700 competit
712 3619 762 3681 110
786 3616 860 3683 3500.
907 3621 1072 3682 Posteriori
1095 3639 1165 3681 vcro
1195 3631 1344 3682 momento
1371 3640 1436 3683 cum
1460 3621 1509 3683 di-

165 3713 300 3773 stantiae
321 3731 340 3771 a
358 3709 471 3771 vertice
487 3711 704 3789 complemento
727 3705 787 3772 290
809 3707 863 3771 570
887 3710 941 3771 sub
956 3710 1092 3771 columna
1107 3707 1161 3773 500
1177 3709 1346 3790 excerpitur
1364 3707 1508 3775 2405800.

165 3799 230 3861 Sub
254 3800 359 3879 quibus
382 3799 525 3861 columnis
549 3795 603 3859 210
626 3808 658 3860 et
681 3795 746 3860 5800
770 3817 834 3859 cum
858 3799 1004 3860 distantia
1027 3798 1108 3860 Solis
1138 3818 1155 3859 a
1179 3798 1371 3877 nonagesimo
1396 3795 1456 3864 ’190
1476 3800 1509 3864 50

165 3890 336 3968 excerpitur
358 3885 412 3951 240
436 3887 499 3950 3000
523 3889 661 3949 differens
688 3888 819 3966 aptiori
851 3888 998 3969 parallaxi
1028 3888 1221 3968 longitudinis
1249 3885 1298 3950 120
1322 3886 1397 3963 5500,
1428 3908 1504 3964 cum.

165 3986 312 4059 usurpata
334 3977 424 4056 priori
448 3977 594 4057 parallaxi
619 3974 681 4052 660,
708 3975 943 4056 discrepaverint
966 3996 1019 4056 per
1046 3974 1097 4040 140
1120 3972 1195 4053 2300,
1221 3976 1321 4058 itaque
1346 3988 1444 4040 motus
1470 3979 1508 4041 ad

166 4068 197 4131 h.
235 4067 261 4129 l.
298 4065 352 4129 520
381 4067 476 4128 minor
499 4068 563 4146 jam
592 4069 643 4128 fiet
670 4085 724 4145 per
754 4066 783 4127 10
813 4062 887 4129 3400.
939 4067 1044 4146 ltaque
1071 4066 1190 4128 horario
1221 4066 1400 4129 decederent
1426 4064 1506 4132 470οε

165 4164 199 4218 et
221 4156 277 4218 boc
300 4174 505 4237 percuterem
528 4156 557 4216 iu
581 4156 728 4235 parallaxi
753 4151 794 4228 60,
818 4165 960 4234 quantum
983 4157 1085 4237 procul
1109 4154 1197 4217 dubio
1222 4155 1251 4217 in
1274 4156 1329 4217 hoc
1344 4174 1433 4236 opera
1449 4175 1507 4221 nou

164 4264 232 4309 sum
260 4245 481 4307 commissurus.
533 4244 628 4305 Unius
665 4245 765 4323 itaque
788 4245 893 4307 minuti
923 4264 1005 4306 error
1040 4245 1069 4307 iu
1099 4245 1249 4326 parallaxi
1277 4244 1325 4307 bic
1353 4264 1411 4308 ucu
1437 4246 1506 4326 plus

163 4335 258 4398 vitiat
279 4333 429 4396 horarium
453 4351 540 4412 quam
563 4327 607 4394 800
630 4332 759 4395 circiter.

255 4422 290 4486 Si
321 4442 389 4484 cum
417 4421 544 4483 arcubus
573 4417 633 4485 70⁰
655 4416 687 4482 40
711 4429 743 4483 et
765 4417 826 4484 600
847 4418 879 4485 30
901 4422 1073 4502 parallaxes
1096 4429 1237 4484 eruuntur
1259 4421 1427 4484 latitudinis
1447 4419 1504 4488 470

164 4519 198 4575 et
221 4508 276 4575 430
295 4507 373 4584 rut,
399 4531 522 4592 quarum
539 4509 706 4572 differentia
729 4507 760 4572 30
774 4507 850 4586 4100,
873 4511 978 4574 ablata
991 4532 1010 4572 a
1025 4529 1141 4573 summa
1158 4509 1287 4573 visarum
1304 4509 1504 4589 latitudinum,

165 4601 238 4684 quis
252 4611 321 4663 suut
335 4599 504 4662 affectionis
522 4598 669 4675 diversae,
693 4618 736 4661 sc.
754 4595 818 4663 a9‘
841 4597 915 4677 5000,
939 4599 1081 4683 relinquit
1094 4595 1126 4663 60
1141 4595 1184 4663 900
1200 4599 1396 4662 vadationem
1413 4618 1504 4665 verae

165 4690 351 4766 latitudiuis,
376 4705 450 4769 quae
474 4688 557 4769 prius
581 4696 647 4750 erat
668 4687 699 4752 5⁴
724 4685 798 4752 4400.

256 4781 395 4843 Altemm
416 4777 583 4858 exemplum
607 4780 660 4851 (ex
678 4778 728 4842 lol.
752 4775 827 4843 390.
843 4776 932 4859 Opt.)
951 4778 993 4841 sit
1005 4779 1034 4840 iu
1051 4775 1155 4860 eclipsi
1170 4777 1240 4840 auui
1254 4772 1347 4843 1600.
1368 4774 1421 4843 30.
1435 4776 1505 4847 Juu.

165 4870 218 4935 uel
243 4867 293 4935 10.
316 4866 378 4932 Jul.
404 4864 522 4931 Grastii
542 4862 682 4949 Scyriae,
706 4866 760 4931 alt.
785 4866 847 4949 poli
869 4863 930 4932 4010
952 4864 995 4933 20.
1039 4864 1219 4948 Principium
1242 4865 1299 4930 tuit
1320 4864 1352 4932 h.
1373 4864 1423 4933 12.
1436 4864 1504 4946 380,
