3368 5534
133 326 154 396 6
573 330 603 383 lu
622 327 805 385 commentaria
822 331 854 386 de
871 341 940 384 motu
958 332 1046 385 Martis

131 506 292 572 Davidis
307 508 476 571 Fabricii
495 517 533 570 et
549 510 707 590 Kepleri
722 511 860 591 epistolis
875 510 996 584 mutuis,
1010 510 1174 590 Keplerum
1192 509 1352 588 interjecto
1369 525 1483 590 qnoque

131 606 277 677 tempore,
301 604 443 678 quantum
467 599 526 679 ipsi
549 599 634 661 licuit
653 620 706 681 per
729 600 807 662 alias
828 600 1055 680 occupationes,
1079 600 1229 679 inceptum
1251 599 1374 660 minime
1397 597 1484 677 plane
1520 634 1530 705 p

130 686 286 766 rejecisse,
306 686 359 749 sed
374 705 492 767 semper
505 688 604 750 animo
627 689 760 751 tenuisse
781 690 970 770 propositum
988 708 1054 750 eom
1074 690 1171 762 finem,
1190 697 1223 750 ut
1242 688 1271 749 in
1293 687 1404 749 melius
1420 705 1484 748 mu-
1525 722 1530 761 1

130 783 212 837 taret
225 776 450 838 astronomiam.
475 778 509 845 Iu
524 776 620 840 literis
632 779 660 839 d.
674 775 722 842 18.
729 779 790 841 Jul.
803 776 896 842 1602.
906 778 1103 859 (deperditis)
1109 778 1214 839 eadem
1224 776 1357 839 movisse
1368 776 1486 836 videtur

129 864 291 945 Keplerus,
315 884 392 946 quae
415 864 556 945 leguntur
578 868 609 929 in
632 868 729 929 literis
753 869 792 929 ad
816 868 1011 930 Maestlinum
1034 876 1066 928 et
1087 867 1242 946 Maginum
1266 866 1362 940 datis,
1393 884 1486 946 eaque

130 952 268 1034 plumbus
302 953 437 1034 explicat
468 956 498 1017 in
533 957 727 1037 sequentibus
758 963 793 1026 (d.
814 966 838 1015 1.
861 965 882 1015 1.
903 965 959 1015 Oet
980 963 1129 1015 1111111.
1151 960 1241 1024 1102).
1298 954 1486 1016 Posterioris

132 1041 283 1122 epistolae
315 1043 468 1105 conclusio
494 1063 619 1125 ,parurn
642 1046 714 1107 mihi
739 1047 792 1107 otii
821 1055 884 1121 est,
909 1048 979 1108 dum
1005 1046 1119 1107 adorno
1141 1053 1256 1125 partem
1280 1043 1486 1105 astronomiae

129 1130 282 1211 opticam“
293 1133 451 1194 confirmat
465 1151 502 1194 ea
517 1153 594 1214 qnae
608 1134 749 1208 diximus,
758 1135 922 1216 Keplerum
937 1145 1000 1198 tum
1015 1134 1161 1214 temporis
1175 1133 1205 1194 in
1215 1133 1326 1194 Martis
1336 1133 1486 1194 theoriam

130 1219 262 1282 nondum
285 1228 351 1282 toto
382 1220 482 1282 animo
506 1230 537 1283 et
560 1223 661 1284 studio
685 1224 765 1286 omni
788 1224 974 1298 incubuisse,
1004 1241 1182 1305 quamquam
1207 1241 1244 1282 ex
1266 1222 1337 1283 aliis
1365 1228 1488 1301 praeter

127 1308 201 1370 illas
224 1309 264 1369 ad
285 1309 455 1371 Fabricium
478 1310 560 1372 datis
584 1312 681 1373 literis
714 1314 887 1375 constantia
913 1314 970 1375 viri
998 1314 1097 1375 elucet
1118 1312 1149 1372 iu
1176 1310 1358 1391 perficiendo
1393 1309 1487 1371 semel

131 1405 273 1477 suscepto
306 1399 438 1478 negotio.
484 1400 601 1462 Eadem
632 1410 783 1464 testantur
814 1403 921 1464 literae
950 1402 1074 1482 Kepleri
1104 1401 1142 1461 ad
1172 1401 1363 1462 Hervartum
1397 1398 1487 1460 datae

130 1505 209 1548 anno
236 1483 331 1562 1602,
357 1488 385 1549 11
409 1487 516 1568 quibus
539 1492 633 1552 refert
656 1491 822 1572 Keplerus,
848 1511 921 1571 „per
948 1490 1119 1552 biennium“
1145 1508 1178 1550 se
1202 1488 1350 1550 theoriam
1373 1487 1486 1549 Martis

129 1575 340 1657 inquisivisse,
371 1584 404 1637 et
427 1578 504 1638 satis
532 1579 607 1641 bene
637 1600 699 1642 rem
729 1581 923 1642 successisse.
969 1581 1059 1641 Anno
1087 1575 1179 1641 1603.
1204 1577 1354 1650 (5.111.)
1380 1576 1485 1637 addit:

129 1665 180 1740 „in
210 1664 330 1727 theoria
353 1665 464 1727 Martis
494 1677 595 1729 cetera
626 1679 695 1730 sunt
726 1669 882 1748 expedita,
914 1669 1007 1729 verba
1037 1667 1135 1728 adhuc
1164 1667 1308 1740 desunt,“
1342 1666 1415 1727 dum
1438 1665 1487 1725 die

8 1824 19 1847 ι
126 1750 158 1817 d.
173 1753 248 1816 Julii
263 1753 403 1816 Fabricio
427 1755 602 1835 scripserat,
626 1766 760 1819 motuum
775 1758 885 1819 Martis
909 1757 1156 1837 inaequalitatem
1180 1755 1292 1816 salvari
1315 1773 1410 1834 posse
1434 1772 1488 1834 per

126 1861 213 1905 ruam
236 1842 429 1925 hypothesin,
454 1844 508 1906 sed
531 1845 640 1907 deesse
659 1847 717 1908 sibi
731 1847 770 1907 ad
793 1847 941 1908 calculum
964 1845 1164 1925 geometricae
1187 1843 1395 1924 generationis
1420 1844 1486 1904 viae

127 1931 255 1994 cvalis
278 1932 435 1994 scientiam
459 1934 582 2015 ejusque
607 1935 751 1998 sectionis
774 1936 892 1996 indata
915 1935 1042 1996 ratione.
1081 1936 1116 1996 ln
1141 1933 1236 1994 literis
1255 1933 1294 1993 ad
1309 1932 1339 1993 J.
1357 1933 1486 2012 Papium

127 2023 207 2095 (tum
229 2021 375 2101 temporis
390 2021 539 2083 medicum
554 2024 714 2098 Onoldiae‚
738 2031 846 2104 postea
865 2023 1029 2085 medicinae
1043 2024 1248 2104 professorem
1260 2020 1487 2101 Regiomontii)

127 2127 154 2172 c.
179 2109 297 2171 initium
330 2111 400 2172 anni
427 2106 529 2186 1603,
563 2113 634 2173 item
667 2114 697 2175 iu
730 2113 827 2175 literis
860 2115 899 2174 ad
926 2114 956 2176 J.
983 2112 1072 2176 Conr.
1098 2111 1287 2173 Gerhardum
1321 2110 1487 2184 (medicum

124 2198 363 2271 Donauverdae)
393 2199 463 2261 Jan.
499 2196 592 2263 1604.
632 2202 729 2276 datis,
762 2203 897 2283 pluribus
936 2202 973 2262 de
1006 2202 1105 2263 Marte
1142 2199 1324 2261 disseruisse
1365 2199 1487 2260 videtur

124 2287 287 2368 Keplerus,
311 2306 435 2367 quarum
458 2289 610 2368 prioribus
634 2290 721 2353 lectis
735 2293 770 2354 P.
787 2292 963 2371 Virdungus
986 2291 1085 2370 ipsum
1107 2309 1162 2370 per
1185 2289 1291 2349 literas
1315 2287 1403 2362 adiit,
1429 2288 1486 2348 ad-

125 2375 264 2450 hortans,
290 2383 344 2449 „ut
366 2376 510 2450 elaboret,
535 2398 594 2458 quo
618 2380 815 2460 colophonem
844 2380 1022 2460 perfectioni
1051 2377 1254 2440 astronomiae
1278 2376 1487 2438 necessarium

128 2465 240 2544 imponi
264 2464 387 2525 tandem
409 2465 596 2528 videamus.“
644 2468 697 2530 Sic
721 2468 915 2531 Gerhardus:
948 2469 1047 2549 ,quod
1071 2469 1107 2529 de
1130 2465 1353 2527 restauratione
1382 2476 1487 2527 astro-

128 2553 247 2615 nomiae
271 2552 394 2628 scribis‚
418 2555 613 2617 vehementer
642 2557 769 2636 placuit,
799 2567 831 2618 et
852 2576 926 2637 rogo
950 2566 983 2618 11
1005 2576 1123 2636 pergas,
1149 2556 1321 2617 inchoatum
1345 2573 1424 2634 opus
1448 2555 1487 2615 ad

126 2641 343 2723 perfectionem
366 2642 513 2705 deducere
538 2665 642 2718 suam,
676 2645 828 2726 despectis
851 2665 888 2706 ex
911 2645 974 2707 alto
998 2645 1125 2717 ceteris,
1156 2644 1254 2724 siqui
1278 2643 1326 2703 vel
1350 2643 1391 2704 ab
1416 2643 1488 2704 aula

128 2731 178 2792 vel
201 2750 221 2790 a
243 2748 353 2809 genere
385 2733 630 2811 praedecessoris
660 2735 714 2796 tibi
748 2735 860 2795 obicem
892 2754 1003 2815 ponere
1033 2735 1176 2795 nituntur.
1227 2733 1324 2795 Nemo
1355 2751 1488 2811 magnus

128 2819 193 2882 aine
225 2819 341 2880 invidia
373 2820 473 2882 factus
495 2831 544 2883 est
570 2824 732 2904 unquam.“
778 2824 929 2904 Keplerns
952 2824 981 2884 in
1013 2822 1207 2902 responsione
1230 2821 1269 2881 ad
1293 2821 1489 2901 Virdungum

127 2909 201 2970 data
220 2928 246 2969 1.
267 2908 383 2970 initium
408 2930 436 2970 a.
457 2907 549 2973 1604.
575 2913 700 2974 eandem
724 2913 855 2974 movisse
878 2913 996 2973 videtur
1020 2912 1173 2992 querelam
1196 2910 1233 2971 de
1248 2910 1488 2989 impedimentis,

129 3015 207 3080 quae
232 2997 341 3059 studiis
365 2999 428 3060 suis
452 2999 646 3079 objiciantur,
670 3021 735 3062 curn
761 3002 810 3063 ille
843 3022 908 3064 earn
941 3001 1107 3081 respiciens
1136 2999 1331 3061 rescriberet:
1368 3002 1489 3078 ,nabe

128 3087 664 3168 711111111111111111111101151111
680 3099 822 3171 exspecto
828 3111 837 3166 ;
854 3111 913 3173 qua
929 3091 958 3152 iu
973 3099 1059 3171 parte
1070 3099 1099 3151 te
1110 3090 1304 3169 plurimorum
1321 3087 1489 3150 desideriis

128 3177 355 3240 satisfacturum
378 3177 459 3239 haud
481 3197 558 3239 vane
589 3198 694 3259 spero,
725 3190 850 3260 optans,
874 3190 907 3243 ut
929 3179 1137 3251 difficultates,
1162 3178 1268 3258 quibus
1292 3195 1325 3237 es
1350 3176 1487 3239 circum-

128 3275 249 3347 septus,
283 3275 493 3329 removeantur
517 3277 549 3328 et
575 3274 692 3330 tuorum
726 3269 859 3331 laborum
891 3269 1121 3341 honestissima,
1153 3285 1229 3347 qnae
1260 3265 1367 3339 debet,
1402 3268 1485 3328 ratio

76 3362 84 3383 ¹
125 3355 282 3417 habeatur.
338 3356 516 3420 Simultates
548 3357 603 3418 tibi
637 3377 702 3419 cnm
734 3359 913 3420 haeredibus
946 3346 1097 3439 Tychonis
1128 3355 1333 3427 intercedere,
1365 3355 1484 3417 invitus

125 3444 278 3524 intelligo,
303 3465 379 3526 quas
397 3446 462 3525 jam
486 3446 603 3525 sopitas
621 3455 652 3508 et
667 3449 834 3509 exstinctas
857 3448 1025 3528 euperem.“
1066 3445 1151 3517 Quae
1173 3444 1385 3516 „simultatea“
1412 3464 1484 3506 cum

126 3533 207 3596 baud
229 3552 336 3614 parum
359 3535 544 3597 difficultatis
566 3536 698 3615 Keplero
725 3537 873 3599 moverint
896 3537 925 3598 in
949 3534 1129 3616 perficiendo
1157 3551 1248 3613 opero
1272 3551 1344 3602 suo,
1369 3533 1407 3593 de
1432 3534 1484 3595 his

125 3621 205 3684 iufra
226 3623 361 3703 pluribus
385 3624 542 3686 dicendum
565 3624 632 3686 erit

214 3712 272 3775 Die
296 3709 326 3774 4.
350 3713 538 3793 Septembris
565 3710 658 3777 1603.
683 3714 787 3775 literas
810 3712 895 3773 dedit
913 3711 1062 3791 Keplerns
1086 3710 1124 3771 ad
1138 3710 1269 3789 Anglnm
1286 3709 1483 3772 Edmundum

125 3799 273 3876 Brutium,
297 3801 400 3864 intime
416 3802 567 3882 ingenium
586 3802 682 3883 ipsius
700 3810 891 3863 venerantem
907 3807 1065 3873 (eompvot.
1078 3806 1110 3857 Π.
1122 3823 1145 3872 p.
1157 3802 1239 3872 118),
1263 3798 1419 3879 inquibus
1442 3801 1482 3860 de

127 3890 237 3952 studiis
261 3890 324 3952 anis
347 3891 539 3954 Martialibus
563 3892 723 3971 scripsisse
746 3890 873 3951 videtur.
920 3888 1091 3968 Respondit
1113 3887 1236 3949 Brutius
1260 3888 1303 3959 (0.
1329 3884 1359 3948 5.
1379 3888 1482 3961 Nos.)

126 3979 204 4041 hunc
236 3979 266 4041 in
298 3981 434 4042 modum:
482 3980 598 4041 Multas
630 3979 726 4041 habeo
760 3979 789 4039 iu
828 3978 1015 4039 astronomia
1046 3976 1266 4049 dubitationes,
1304 3976 1333 4036 in
1367 3977 1482 4055 quibus

124 4075 159 4132 tu
188 4069 293 4130 unicus
320 4087 367 4131 me
397 4069 586 4142 certior(em)
617 4069 721 4130 iacias.
765 4068 845 4128 Nam
868 4084 924 4146 ego
948 4067 1071 4147 opinor,
1102 4064 1229 4126 mundos
1252 4083 1320 4125 esre
1343 4064 1483 4126 inlinitos

125 4156 291 4239 (Keplerns
313 4158 343 4220 in
365 4159 515 4239 margine:
549 4159 606 4220 hoc
637 4156 859 4237 praeambulum
890 4155 1010 4216 obstitit
1040 4152 1126 4227 mibi,
1159 4172 1217 4233 quo
1246 4153 1343 4214 miuus
1377 4174 1481 4216 essem

125 4248 322 4310 1111111110
346 4248 528 4330 sequeutia).
576 4245 785 4326 Unusquisque
808 4253 908 4305 tamen
930 4243 1056 4305 mundus
1080 4252 1127 4302 est
1149 4241 1264 4315 linitur,
1295 4242 1375 4302 sicut
1405 4243 1480 4322 pla-

126 4346 281 4411 netarum,
312 4338 342 4399 iu
371 4337 456 4417 cujus
479 4336 577 4398 medio
601 4344 648 4396 est
671 4342 805 4394 centrum
828 4332 926 4407 Solis:
958 4340 988 4392 et
1010 4330 1257 4411 quemadmodum
1280 4330 1402 4403 Tellus,
1434 4334 1481 4393 sic

126 4443 222 4510 neque
244 4426 301 4490 811
328 4427 473 4508 quiescit,
503 4424 633 4486 volvitur
662 4440 788 4502 namque
818 4421 1007 4482 velocissime
1038 4418 1067 4479 11
1098 4437 1151 4479 111
1179 4418 1245 4478 1111
1277 4418 1358 4478 circa
1387 4440 1480 4483 axem

128 4535 222 4579 suum.
263 4515 360 4588 Quem
383 4525 496 4578 motum
520 4520 685 4594 sequuntur¹
704 4509 809 4590 reliqui
828 4509 977 4589 planetae,
1001 4509 1170 4586 inquorum
1186 4525 1306 4567 numero
1322 4507 1480 4572 Tellurem

128 4605 286 4681 existimo:
320 4606 373 4668 sed
401 4613 450 4666 est
480 4602 595 4664 tardior
617 4598 817 4680 unusquisque
845 4618 902 4680 qno
927 4599 965 4658 ab
987 4613 1023 4655 eo
1046 4593 1142 4656 distat
1173 4594 1300 4674 lougius.
1356 4596 1480 4659 Stellae

128 4694 219 4756 etiam
243 4696 286 4757 ric
310 4704 468 4758 moventur
489 4702 523 4752 ut
546 4690 616 4761 811,
644 4687 778 4748 sednon
802 4686 884 4748 illius
908 4687 937 4747 vi
960 4685 1037 4745 aient
1060 4684 1199 4762 planetae
1223 4685 1479 4763 circumaguntur,

128 4785 268 4863 quoniam
291 4799 484 4866 unaquaeque
508 4796 609 4840 earum
623 4775 676 4838 Sol
694 4784 742 4836 est
765 4775 793 4836 iu
817 4794 876 4837 nou
899 4772 1005 4837 minori
1027 4773 1136 4832 mundo
1158 4771 1215 4832 hoc
1239 4782 1342 4834 nostro
1364 4775 1478 4853 plane-

128 4878 237 4937 11111.
283 4875 337 4947 (K.
362 4875 447 4936 Haec
469 4868 588 4949 quidem
611 4882 729 4945 semper
751 4865 843 4938 tenui,
859 4864 913 4926 aed
933 4859 1052 4925 modum
1065 4879 1124 4923 nou
1140 4861 1284 4941 semper.)
1328 4860 1479 4929 Elemen-
