3368 5534
271 309 355 382 ιρι,
754 264 1139 364 persuaseram

272 492 365 557 Solis.
404 493 487 572 Ergo
505 495 577 553 θιιι
598 478 678 552 linea
694 509 811 571 semper
825 491 989 571 parallelos
1004 489 1062 551 erit
1076 489 1174 553 lineae
1194 486 1321 572 apogaei
1335 487 1419 553 Solis
1433 511 1485 551 aa.
1516 484 1626 562 Quod-

272 581 299 644 si
322 580 494 663 parallaxes
517 580 641 642 diurnas
664 580 773 642 Martis
795 578 827 640 in
850 599 887 642 ea
909 578 1101 662 proportione
1125 580 1163 640 ad
1186 579 1360 659 parallaxes
1382 578 1481 655 Solis,
1512 577 1544 641 in
1568 598 1628 659 qua

240 686 244 695 ·
273 679 344 733 sunt
373 692 392 731 a
414 670 555 751 Tychone
583 669 737 749 proditae,
755 669 942 737 ,retinendas
974 668 1147 743 arbitraris,
1176 668 1235 730 erit
1263 670 1343 745 arla
1365 669 1457 730 etiam
1487 667 1627 749 aequalis

271 759 408 821 theoriae
432 758 531 820 Solis:
556 767 716 838 propterca
738 767 770 819 et
792 764 841 819 eo
865 758 1000 839 aequalis
1024 757 1242 819 eccentricitati
1264 758 1367 839 puncti
1390 781 1416 832 τ,
1440 759 1524 820 circa
1546 755 1628 838 quod

273 848 327 912 Sol
342 855 478 910 movetur
498 847 672 927 acqualiter.
711 846 775 909 Sed
792 853 824 907 et
839 847 869 908 in
884 855 988 927 partes
1008 846 1131 907 easdem
1144 855 1280 909 movetur
1300 842 1444 922 retain
1463 866 1542 929 quaa
1560 846 1626 927 ipse

273 937 328 1000 Sol
351 937 382 998 in
406 955 459 998 suo
483 933 593 997 circulo
615 937 778 998 secundum
800 936 1019 997 Ptolemaeum:
1045 944 1075 996 et
1097 936 1204 999 iisdem
1226 936 1421 1021 temporibus,
1443 935 1556 998 iisdem
1580 935 1628 995 rel

273 1024 524 1106 respondentibus
548 1023 578 1086 in
601 1024 675 1086 locis
699 1033 822 1106 uterque
848 1025 1046 1105 reperiuntur,
1070 1023 1125 1091 Sol
1147 1024 1177 1087 in
1197 1044 1251 1087 suo
1268 1025 1435 1088 eccentrico
1454 1032 1489 1087 et
1503 1025 1629 1106 planeta

275 1115 307 1177 in
334 1133 389 1176 suo
421 1113 570 1195 epioyclo;
599 1113 642 1175 sic
666 1121 699 1175 ut
721 1115 818 1176 lineae
843 1133 880 1175 ex
903 1136 920 1176 r
941 1133 995 1196 per
1018 1113 1121 1176 Solem
1148 1121 1180 1176 et
1201 1133 1238 1176 ex
1261 1137 1278 1175 o
1301 1134 1355 1196 per
1377 1115 1534 1196 planetam
1556 1132 1628 1195 per·

163 1274 170 1285 ,
274 1211 366 1285 petuo
390 1202 450 1264 sint
472 1202 621 1282 paralleli,
645 1202 771 1297 docente
794 1203 899 1265 itidem
922 1203 1105 1265 Ptolemaeo.
1154 1202 1272 1266 Ceteris
1295 1223 1367 1284 ergo
1391 1203 1532 1266 omnibus
1554 1222 1628 1265 con·

268 1291 484 1365 sentientibus,
509 1310 561 1353 cur
583 1311 643 1354 aon
666 1300 698 1353 et
719 1293 776 1357 hoc
800 1292 989 1354 consentiat?
1007 1302 1049 1367 ut,
1073 1291 1144 1374 quia
1165 1294 1245 1368 ικλμ
1267 1312 1325 1356 non
1349 1293 1430 1356 circa
1448 1315 1464 1353 ι
1482 1301 1627 1365 asomum,

277 1382 333 1444 sed
362 1381 442 1443 circa
467 1403 483 1441 o
511 1384 652 1461 punctum
675 1381 811 1462 superius
835 1382 1003 1482 aequaliter
1024 1390 1178 1457 movetur,
1211 1382 1289 1463 quod
1318 1382 1375 1453 hoc
1406 1382 1474 1444 loco
1503 1383 1626 1444 demon-

280 1478 409 1533 stratum
441 1478 490 1530 est
521 1470 706 1552 transpositu
735 1470 895 1533 eccentrici
927 1468 1082 1531 terrestris
1112 1470 1142 1532 in
1151 1460 1351 1574 ,epicyclu'rm
1389 1472 1420 1535 iu
1449 1491 1509 1553 qno
1532 1490 1627 1552 proa

282 1567 393 1645 puncto
418 1558 498 1619 nacti
523 1565 687 1634 sumusll,
715 1579 821 1640 prop,
838 1582 868 1630 ι,
891 1568 922 1620 et
943 1579 998 1639 pro
1021 1582 1055 1628 a,
1074 1582 1108 1635 o,
1134 1559 1177 1621 sic
1201 1560 1323 1622 etiam
1315 1581 1345 1623 ιιι
1368 1561 1441 1625 Sole
1462 1561 1533 1643 ipso
1556 1560 1626 1621 haec

283 1649 346 1712 sint
368 1648 476 1721 diuisa,
502 1646 545 1709 ita
566 1656 612 1708 ut
623 1672 668 1710 ατ
690 1648 913 1723 eccentricitas,
944 1668 1049 1729 quae
1049 1668 1085 1710 ex
1108 1649 1268 1711 Solaribus
1298 1649 1627 1712 observationibusin-

281 1738 419 1811 venitur,
452 1736 615 1798 bisecanda
645 1738 686 1799 sit
708 1736 796 1812 in5,
828 1745 860 1798 et
875 1738 923 1798 sit
945 1736 1115 1840 5centru1n
1138 1758 1226 1800 eccen
1229 1737 1297 1799 trici
1320 1739 1402 1802 Solis
1426 1739 1542 1820 lpus?
1565 1757 1627 1800 nam

280 1826 337 1890 tali
359 1844 502 1908 processu
517 1826 709 1888 Ptolemaeus
733 1827 836 1901 utitur,
859 1835 891 1887 ut
906 1836 1062 1907 appareat,
1087 1848 1112 1888 si
1105 1827 1345 1913 apparentibus
1359 1826 1443 1893 Solis
1466 1828 1545 1891 locis
1563 1847 1629 1889 usus

258 1923 375 1986 -csset,
399 1913 518 1977 omnino
542 1914 632 1976 etiam
656 1916 762 1977 eadem
786 1915 1009 1977 eccentrioitate
1034 1936 1155 1979 usurum
1170 1917 1264 1978 fuisse
1280 1916 1310 1979 ia
1329 1918 1464 2000 epicyclo
1481 1917 1627 1998 planetae,

279 2023 369 2086 quam
392 2004 423 2066 in
446 2003 517 2066 Sole
541 2003 790 2084 deprehenderat.
836 2004 1033 2066 Testantibus
1057 2004 1147 2084 igitur
1177 2006 1437 2069 observationibus
1461 2007 1500 2068 de
1524 2004 1630 2087 duplici

254 2132 257 2137 -
281 2093 408 2177 epicycli
431 2093 610 2155 Ptolemaioi
641 2093 866 2156 eccentricitate
900 2093 984 2174 (quia
1006 2102 1129 2174 propter
1151 2093 1297 2158 linearum
1320 2095 1575 2176 parallelitatem,
1601 2104 1629 2154 ut

277 2183 404 2256 dictum,
436 2181 541 2242 eadem
569 2183 720 2283 triangula
748 2191 879 2257 manent,
905 2200 980 2263 quae
1004 2191 1091 2244 crant
1113 2183 1142 2244 in
1166 2185 1262 2245 torma
1286 2183 1529 2266 Copemicana),
1548 2185 1630 2264 jubet

250 2292 334 2335 .nos
357 2270 525 2333 Ptolemaei
555 2270 677 2350 genius,
711 2273 803 2334 etiam
835 2271 920 2332 Solis
947 2270 1203 2333 eccentricitatem
1225 2273 1379 2349 biscocto,
1412 2283 1447 2336 ut
1469 2275 1515 2337 sic
1539 2274 1629 2336 lineae

278 2364 324 2432 λι,
341 2384 391 2441 pa,
406 2361 458 2433 σλ,
472 2382 516 2436 aa
536 2360 676 2440 paralleli
699 2369 849 2423 maneant.

367 2451 433 2521 Hac
457 2450 557 2530 itaque
581 2450 698 2511 ratione
723 2449 814 2511 etiam
836 2450 1012 2512 Ptolemaeo
1034 2451 1281 2531 persuadebitur,
1311 2475 1353 2514 ατ
1375 2423 1629 2514 eccentricitatem

279 2547 379 2602 motus
403 2538 485 2602 Solis
518 2559 537 2598 a
560 2539 701 2621 Tychone
730 2539 883 2600 insertam
912 2538 1106 2603 bisecandam
1137 2559 1204 2602 esse
1233 2539 1322 2617 in5,
1353 2550 1388 2604 ut
1409 2540 1495 2604 Solis
1520 2541 1629 2604 orbitae

279 2637 413 2691 centrum
437 2628 478 2691 sit
502 2628 531 2689 in
554 2625 580 2702 5,
605 2628 774 2708 aequalitas
794 2635 892 2689 motus
916 2627 946 2688 in
970 2649 995 2688 a.

246 2728 249 2733 ’
278 2738 283 2749 ·
367 2720 452 2780 llaec
476 2716 567 2796 igitur
591 2717 811 2797 argumentatio
836 2717 865 2777 ia
890 2716 986 2778 forma
1009 2716 1195 2778 Ptolemaica
1218 2718 1277 2790 (uti
1293 2719 1382 2781 modo
1404 2717 1462 2781 dici
1483 2720 1630 2800 coeptum)

279 2826 338 2870 aon
368 2816 417 2869 est
444 2804 569 2879 firmior,
599 2826 687 2886 qnam
717 2823 878 2886 compages
907 2806 974 2885 ipsa
1003 2805 1105 2865 mundi
1134 2806 1330 2868 Ptolemaica.
1384 2809 1465 2871 Nam
1498 2807 1549 2889 qui
1581 2807 1631 2867 hoc

279 2896 455 2960 Ptolomaeo
479 2895 584 2970 credit,
608 2896 637 2957 in
661 2897 756 2958 tribus
781 2894 985 2976 superioribus
1009 2894 1108 2956 inesse
1129 2895 1254 2957 totidem
1275 2896 1409 2959 theorias
1424 2897 1631 2979 epicyclorum,

280 2985 487 3049 adamussim
511 2985 679 3064 aequalium
700 2984 834 3046 theoriae
859 2983 952 3056 Solis,
977 2982 1005 3043 in
1031 2983 1199 3063 quantitate
1223 2992 1254 3047 et
1277 2987 1422 3066 qualitate
1447 3004 1516 3048 cum
1540 2986 1631 3047 linea-

280 3095 345 3137 rum
368 3084 430 3137 tum
453 3084 586 3136 motuum
610 3073 729 3136 omnino
753 3074 892 3146 omnium,
935 3072 1013 3135 idem
1037 3092 1125 3135 unam
1149 3073 1226 3136 hauc
1250 3075 1471 3139 dissonantiam
1497 3094 1556 3137 non
1580 3074 1630 3136 ad-

280 3164 391 3239 mittet,
417 3165 470 3227 sed
495 3183 532 3224 ex
550 3163 685 3246 epioyclo
700 3162 806 3224 lubens
822 3161 851 3223 in
867 3162 1014 3223 theoriam
1030 3160 1122 3235 Solis,
1147 3172 1289 3244 tanquam
1306 3186 1324 3226 a
1340 3164 1489 3246 speculari
1507 3165 1630 3243 imagine

282 3253 312 3316 in
335 3253 433 3334 ipsam
455 3253 577 3327 facicm,
600 3251 749 3314 derivabit
772 3251 849 3311 hanc
872 3270 987 3331 quoque
1011 3251 1217 3314 bisectionem.

369 3344 503 3406 Tandem
527 3360 608 3415 vero,
632 3341 681 3402 ubi
699 3340 907 3422 hypothesium
924 3340 1110 3419 comparatio
1127 3342 1267 3403 instituta
1283 3342 1372 3403 fuerit
1390 3343 1629 3423 apparueritque,

283 3440 409 3517 quatuor
433 3433 506 3505 (imo
531 3450 600 3505 sex,
633 3438 667 3491 ut
697 3428 769 3489 alibi
794 3429 923 3501 dicetur)
953 3429 1088 3491 theorias
1112 3431 1194 3493 Solis
1218 3451 1255 3491 ex
1283 3451 1341 3491 una
1368 3432 1487 3492 theoria
1511 3433 1630 3499 Terrae,

280 3529 424 3604 tanquam
456 3522 558 3601 plures
587 3519 735 3599 imagines
760 3517 797 3577 ab
821 3537 880 3578 una
903 3519 979 3579 l'acie
1005 3517 1216 3594 substantiali,
1241 3520 1423 3581 descendere
1447 3540 1557 3601 posse:
1582 3520 1632 3581 Sol

280 3612 347 3692 ipse
371 3611 509 3672 veritatis
533 3609 719 3671 clarissimus
744 3624 861 3668 omnem
888 3607 965 3668 hunc
988 3617 1166 3687 apparatum
1187 3609 1403 3671 Ptolemaieum
1425 3628 1481 3671 ceu
1496 3610 1634 3691 butyrum

284 3699 478 3780 colliqnabit,
511 3706 543 3759 et
563 3695 731 3760 Ptolomaei
761 3695 896 3756 asseclas
927 3696 1037 3775 partim
1068 3698 1098 3759 in
1123 3697 1296 3778 Copernici,
1329 3698 1438 3779 partim
1470 3699 1502 3761 in
1526 3696 1635 3761 Brahei

285 3799 388 3851 castra
410 3787 580 3868 dissipabit.

374 3878 511 3950 Quaerat
540 3876 589 3936 hic
621 3874 748 3955 aliquis,
783 3893 848 3935 oum
885 3873 1036 3954 epicyclus
1066 3875 1267 3936 Ptolemaicus
1301 3875 1362 3938 tria
1391 3876 1504 3938 habeat
1527 3886 1638 3957 puncta

284 3967 441 4041 notabilia,
465 3988 481 4026 ι
503 3973 646 4039 centrum,
669 3968 695 4024 θ
715 3971 856 4044 punctum
882 3964 960 4043 quod
984 3963 1115 4024 diximus
1138 3964 1295 4038 affixionis,
1319 3975 1349 4025 et
1366 3988 1382 4025 o
1398 3972 1542 4045 punctum
1559 3966 1639 4027 cirea

285 4058 364 4138 qnod
388 4063 487 4118 motus
510 4055 574 4134 ejus
597 4052 729 4133 aequalis
754 4060 815 4127 est;
847 4053 959 4113 dictum
983 4071 1053 4113 roro
1078 4053 1135 4128 sit,
1166 4054 1275 4114 lineam
1299 4059 1345 4114 θο
1369 4073 1491 4115 manere
1516 4054 1575 4136 ipsi
1599 4076 1640 4114 ar

285 4146 465 4228 parallelum
486 4163 540 4225 per
563 4161 680 4204 omnem
704 4141 873 4203 circuitum:
899 4141 1003 4221 quales
1028 4159 1099 4221 ergo
1124 4142 1264 4204 circuitus
1289 4143 1498 4205 describantur
1522 4164 1541 4204 a
1564 4142 1639 4204 reli·

285 4237 354 4318 quis
387 4235 501 4297 duobus
530 4232 649 4314 punctis
679 4253 693 4291 a
722 4240 752 4291 ct
776 4231 815 4291 o?
869 4230 919 4291 Ad
948 4230 1003 4291 hoc
1031 4230 1245 4292 declarandum
1278 4232 1424 4293 ducantur
1453 4251 1491 4292 ex
1523 4231 1541 4305 ξ
1571 4241 1641 4294 etr

288 4325 347 4406 ipsi
370 4325 426 4403 αβ,
451 4324 522 4385 item
546 4342 583 4384 ex
606 4324 634 4399 β,
650 4345 666 4402 χ
690 4319 817 4399 ipsi-ua
840 4318 988 4420 paralleli,
1013 4338 1144 4400 eousque
1167 4319 1261 4381 donee
1286 4341 1318 4381 se
1343 4329 1443 4382 mutuo
1469 4322 1639 4382 secuerint:

288 4415 488 4478 etlinearum
511 4432 548 4473 er
571 4411 588 4484 5
611 4420 641 4471 et
663 4410 683 4486 β
706 4411 799 4471 sectio
824 4409 923 4484 sitq,
949 4428 985 4467 ex
1009 4407 1025 4480 5
1048 4419 1080 4469 et
1102 4435 1118 4490 χ
1142 4409 1245 4487 sitq,
1269 4410 1547 4485 erretpsita
1572 4429 1641 4470 err

289 4513 321 4567 et
350 4530 367 4587 χ
395 4504 436 4566 sit
463 4526 497 4564 ιι.
544 4498 799 4573 Quemadmodum
830 4494 921 4576 igitur
944 4506 1085 4598 punctum
1108 4503 1132 4559 θ
1154 4497 1318 4560 decurrit
1311 4519 1339 4559 ιιι
1364 4499 1551 4572 eccentrico,
1592 4497 1640 4579 qui

288 4594 458 4674 descriptus
490 4610 527 4651 ex
557 4592 577 4667 β
607 4586 785 4667 regulariter
812 4594 949 4647 moretur
978 4586 1059 4649 circa
1085 4612 1117 4668 χ,
1149 4588 1192 4649 sic
1215 4610 1230 4647 ι
1253 4584 1413 4648 decurrit
1406 4606 1436 4649 ιιι
1461 4588 1640 4659 eccentrico,

291 4684 341 4764 qui
366 4683 535 4762 descriptus
559 4697 595 4739 ex
619 4699 641 4755 φ
665 4675 842 4754 regulariter
864 4684 999 4738 moretur
1021 4677 1159 4756 circaeo,
1180 4685 1211 4737 et
1233 4698 1250 4736 o
1274 4674 1436 4737 decurrit
1428 4696 1458 4738 ιιι
1473 4677 1641 4738 eceentrico

293 4772 383 4833 tertio
413 4769 562 4851 prioribus
593 4765 731 4829 similiter
761 4764 896 4845 aequali,
927 4765 977 4845 qui
1009 4766 1180 4868 descriptus
1208 4784 1245 4826 ex
1268 4763 1481 4843 eregulariter
1504 4778 1641 4827 moretur

294 4859 376 4922 circa
397 4882 432 4921 o.
480 4854 620 4923 Omnium
649 4872 721 4915 sero
751 4852 841 4915 trium
867 4850 972 4915 horum
1001 4855 1235 4919 eccentricorum
1261 4853 1340 4916 idem
1369 4852 1424 4917 sub
1447 4853 1572 4918 reduco
1596 4865 1641 4915 est
