3368 5534
186 280 252 351 320
666 282 706 338 ne
725 283 832 336 nausa
851 255 1052 334 serranus·

187 463 280 527 etiam
303 465 477 545 repelleret:
501 464 579 545 quod
602 472 716 545 pugnat
739 482 805 526 eum
828 462 1023 544 simplicitate
1047 461 1164 526 Solaria
1187 461 1331 544 corporis.
1378 460 1441 536 Qui
1464 480 1536 526 vero

187 553 331 633 peculiari
355 554 482 634 quadam
506 553 621 616 ratione
646 554 723 615 hanc
746 554 976 627 translationem
1008 552 1037 614 in
1061 571 1238 615 eonsensum
1261 560 1399 616 mutuum
1421 552 1537 633 corpori

186 642 268 706 Solis
293 652 325 704 et
346 644 488 723 planetae
512 644 620 716 refert,
654 642 679 703 is
704 650 801 705 totam
823 643 909 722 hujus
938 642 1046 722 capitis
1069 642 1225 705 materiam
1253 643 1345 705 aliter
1373 643 1536 707 informat:

187 752 280 814 eoque
304 732 422 794 nomine
446 732 621 811 deputatum
645 743 693 794 est
715 732 794 794 infra
816 733 883 795 huic
906 732 948 795 rei
970 732 1121 812 peculiare
1145 739 1236 812 eaput
1257 732 1358 795 LVII.

276 822 372 883 Vides
405 822 501 883 lector
532 821 721 884 considerate
745 831 776 884 et
799 822 968 902 ingeniose,
1001 822 1078 901 quod
1107 821 1182 882 haee
1205 821 1305 902 opinio
1335 823 1373 884 de
1402 821 1536 902 perfecto

187 911 298 974 circulo
331 911 499 973 eccentrico
531 910 647 973 itineris
679 912 839 991 planetarii
871 912 966 974 multa
998 909 1186 972 incredibilia
1217 911 1247 971 in
1279 910 1536 989 speculationibus

187 999 321 1082 physicis
344 1001 494 1074 involvat3
519 1020 578 1062 non
597 1001 715 1081 quidem
738 1001 816 1081 quod
839 999 921 1063 Solis
946 1000 1124 1062 diametrum
1147 999 1238 1061 menti
1262 999 1454 1079 planetariae
1485 1017 1536 1081 pro

187 1089 273 1169 siguo
303 1089 403 1170 pouit:
438 1089 529 1153 faciet
559 1090 636 1151 enim
668 1090 697 1151 id
728 1090 854 1151 forsitan
883 1091 949 1169 ipsa
977 1089 1068 1151 etiam
1097 1087 1256 1151 verissima
1283 1088 1455 1163 seutentia;
1487 1088 1535 1150 sod

188 1180 266 1260 quod
288 1178 476 1242 incredibilia
499 1179 698 1241 transscribat
722 1187 753 1240 et
775 1179 866 1242 menti
890 1188 922 1241 et
944 1179 1061 1241 animae
1086 1178 1211 1241 metrici.

274 1269 320 1331 At
342 1288 406 1344 uos,
431 1268 480 1349 qui
503 1287 574 1330 vero
593 1269 751 1350 propinqui
773 1288 885 1343 sumus,
904 1269 969 1349 jam
991 1285 1081 1348 porro
1104 1267 1326 1349 speculationes
1350 1266 1440 1338 istas,
1462 1286 1533 1328 oon·

190 1357 261 1418 dum
283 1357 355 1419 lieet
378 1356 505 1438 undique
528 1359 689 1439 perfectas,
712 1357 836 1420 idoneas
860 1365 961 1420 tamen
984 1357 1115 1419 motibus
1132 1355 1224 1430 Solis,
1246 1357 1275 1419 in
1300 1374 1443 1418 numeros
1466 1375 1532 1419 oon·

183 1447 276 1527 jicere
307 1446 465 1509 discemus.
512 1447 651 1510 Proderit
682 1447 804 1509 tandem
834 1449 873 1509 ad
904 1447 1086 1510 exactiorem
1118 1447 1181 1509 veri
1211 1444 1432 1523 inventionem,
1465 1463 1532 1527 quae

186 1544 357 1600 reservatur
380 1537 409 1598 in
433 1543 524 1617 caput
546 1536 646 1612 LVII,
671 1557 727 1599 nos
750 1536 799 1599 hic
823 1538 916 1600 fuisse
939 1536 1022 1620 prius
1045 1536 1238 1602 exercitatos.
1300 1565 1308 1580 ·

764 1767 956 1779 Μ

655 1892 661 1905 ·
746 1945 865 2046 Caput
898 1945 979 2024 XL.

189 2105 358 2172 Metbodus
380 2109 574 2191 imperfecto,
599 2106 802 2190 separationes
825 2127 865 2170 erc
875 2108 1013 2191 physico
1034 2105 1199 2191 hypothesi
1221 2105 1438 2191 amputandi,
1461 2125 1533 2191 quoe

497 2205 602 2260 tameo
624 2197 734 2279 sufficit
755 2197 895 2259 theoriae
919 2195 1006 2260 Seleia
1027 2195 1074 2259 cel
1098 2197 1228 2258 Terrae.

278 2339 353 2400 Tam
385 2339 504 2420 prolixa
533 2337 735 2418 disputatione
760 2357 834 2419 opus
865 2338 935 2411 tuit,
969 2346 1003 2401 ut
1030 2340 1080 2401 via
1108 2346 1273 2399 strueretur
1301 2336 1340 2398 ad
1374 2337 1533 2399 naturalem

190 2429 398 2509 aequationum
423 2430 559 2503 sormam,
584 2429 620 2489 de
644 2447 701 2509 qua
723 2438 810 2507 parte
833 2437 942 2509 quarta
963 2429 1051 2508 plura
1074 2447 1139 2491 sum
1162 2437 1292 2489 acturus.
1340 2425 1429 2488 Nunc
1452 2426 1532 2488 rede-

190 2519 300 2581 undum
333 2517 590 2599 adaequationes
623 2517 752 2579 eccentri
776 2518 857 2581 Solis
891 2517 921 2578 in
945 2519 1058 2598 speeie,
1092 2536 1167 2598 qnae
1190 2516 1349 2597 potissima
1373 2523 1423 2579 est
1454 2514 1533 2594 hujus

189 2607 286 2687 partis
316 2607 425 2669 tertiae
455 2608 595 2679 materia,
629 2615 659 2667 ot
682 2606 765 2686 cujus
798 2606 898 2686 gratia
921 2607 1086 2687 praemissa
1119 2615 1189 2668 sunt
1220 2605 1376 2685 generalia
1407 2605 1462 2668 illa
1488 2623 1533 2685 per

191 2696 293 2777 capita
316 2695 337 2760 8
359 2696 580 2777 praecedentia.

278 2785 397 2848 Primus
419 2805 502 2848 meus
526 2806 608 2848 error
632 2785 705 2859 fuit,
727 2786 808 2845 viam
831 2785 971 2865 planetae
994 2786 1159 2863 perfectum
1185 2803 1252 2846 esse
1277 2782 1431 2856 circulum,
1456 2792 1532 2844 tauto

192 2875 347 2939 nocentior
362 2876 507 2956 temporis
531 2876 586 2950 fur,
611 2883 723 2955 quauto
739 2881 805 2935 erat
820 2875 857 2935 ab
874 2873 1054 2936 auctoritate
1070 2875 1197 2936 omniurn
1220 2872 1469 2954 philosophorum
1492 2872 1531 2932 iu-

192 2954 335 3028 struct'ior
362 2973 394 3027 et
420 2965 645 3047 metaphysicae
679 2964 708 3025 in
736 2964 835 3044 specie
860 2963 1090 3026 convenientior.
1137 2963 1187 3026 Sit
1218 2982 1289 3042 ergo
1319 2961 1371 3022 via
1401 2961 1533 3040 planatae

191 3056 343 3136 perfectus
367 3055 566 3116 eccentricus:
592 3074 661 3114 narn
684 3053 826 3114 insensile
850 3061 898 3114 est
921 3053 948 3113 iu
972 3053 1089 3114 theoria
1111 3051 1203 3126 Solis,
1228 3060 1370 3132 quantum
1393 3050 1422 3112 ei
1445 3050 1532 3112 oralia

192 3147 287 3207 forma
310 3143 450 3206 detrahit.
491 3141 575 3214 Quae
600 3162 670 3203 vero
693 3149 814 3222 propter
837 3142 913 3203 hanc
931 3142 1131 3204 deviationem
1155 3150 1224 3204 sunt
1246 3141 1421 3204 necessaria
1444 3141 1533 3202 futura

192 3234 222 3296 in
247 3235 377 3313 planetis
401 3233 521 3306 ceteris,
546 3233 625 3292 inira
650 3241 810 3311 sequentur
834 3251 899 3312 cap.
924 3231 999 3293 LIX
1013 3241 1044 3293 et
1065 3232 1132 3295 LX.
1171 3232 1246 3295 Cum
1269 3250 1341 3310 ergo
1357 3231 1419 3292 sint
1442 3246 1532 3294 morae

192 3325 331 3406 planetae
361 3323 391 3384 in
421 3322 597 3402 aequalibus
621 3321 751 3382 eccentri
773 3322 911 3402 partibus
935 3322 974 3382 ad
1002 3322 1128 3383 invicem
1151 3321 1181 3382 in
1205 3340 1242 3381 ea
1270 3321 1481 3401 proportione,
1508 3320 1532 3378 in

194 3433 252 3493 qua
274 3421 344 3474 sunt
368 3413 452 3491 ipsae
475 3412 602 3491 partium
627 3412 745 3472 illarum
770 3411 949 3484 distantiae,
973 3419 1006 3471 at
1027 3419 1139 3491 puncta
1162 3410 1281 3489 singula
1303 3411 1333 3471 in
1357 3419 1425 3472 toto
1450 3407 1531 3471 seni-

77 3516 84 3530 ·
193 3502 303 3565 circulo
327 3503 457 3563 eccentri
482 3501 658 3563 distantiam
682 3508 813 3573 mutent,
846 3519 903 3560 non
927 3500 1022 3560 levem
1047 3519 1167 3581 operam
1190 3499 1260 3561 mibi
1284 3499 1396 3572 sumai,
1430 3510 1463 3560 ut
1492 3498 1531 3559 iu·

143 3603 146 3607 ’
193 3592 350 3671 quirereru‚
374 3592 520 3670 quomodo
545 3591 726 3669 singularum
751 3589 960 3651 distantiarum
984 3609 1116 3651 summae
1146 3588 1251 3651 haberi
1282 3599 1419 3670 possent.
1465 3588 1532 3649 liam

195 3681 253 3743 nisi
270 3699 415 3742 summam
431 3680 569 3753 omnium,
594 3699 669 3760 quae
695 3687 764 3740 sunt
788 3691 887 3740 tamen
904 3679 1045 3753 infinitae,
1072 3679 1271 3752 habuerimus,
1296 3698 1355 3740 non
1379 3677 1534 3758 poterimus

194 3771 303 3843 dicere,
329 3780 442 3850 quauta
457 3769 498 3830 sit
521 3769 662 3849 cujusque
687 3787 784 3829 mora:
810 3788 901 3849 quare
917 3769 1055 3847 aequatio
1078 3768 1273 3848 ignorabitur.
1310 3767 1354 3830 Ut
1376 3769 1455 3830 enim
1477 3774 1536 3827 tota

194 3879 309 3921 summa
324 3858 535 3920 distantiarum
548 3866 597 3920 est
611 3859 649 3919 ad
665 3867 782 3938 tempus
801 3866 896 3919 totum
916 3857 1108 3938 periodicum,
1126 3857 1169 3920 sic
1183 3876 1255 3937 pars
1272 3875 1406 3918 summae
1423 3856 1534 3917 distau-

195 3949 302 4011 tiarum
319 3948 484 4028 quotalibet
500 3949 537 4008 ad
553 3966 637 4009 suurn
655 3956 782 4027 tempus.
814 3947 909 4027 Igitur
923 3947 1008 4008 initio
1023 3955 1192 4009 eccentmm
1208 3946 1289 4009 secui
1302 3945 1333 4008 in
1347 3955 1453 4027 partes
1469 3938 1536 4016 att.

197 4038 282 4116 quasi
306 4037 363 4098 hae
387 4045 490 4098 esseut
512 4036 650 4098 minimae
675 4037 855 4117 particulae,
879 4045 910 4097 et
931 4037 1034 4115 posui,
1058 4037 1136 4118 quod
1159 4037 1239 4097 intra
1262 4054 1351 4097 unam
1374 4030 1537 4114 hujusmodi

193 4135 309 4208 partem
341 4125 490 4188 distantia
522 4127 594 4188 nihil
627 4135 765 4188 mutetur.
812 4125 983 4187 Distantias
1016 4126 1108 4205 igitur
1139 4126 1177 4186 ad
1209 4125 1296 4187 initia
1326 4124 1459 4204 partium
1491 4138 1538 4186 sca

193 4217 338 4297 graduum
361 4216 502 4277 methodo
527 4216 636 4297 capitis
651 4215 770 4279 XXIX.
787 4215 976 4295 investigavi,
1000 4234 1111 4297 easque
1135 4215 1166 4276 in
1187 4234 1276 4277 unam
1300 4232 1447 4276 summam
1469 4230 1538 4274 con-

191 4306 264 4387 jeci.
309 4305 424 4367 Postea
445 4306 572 4386 tempori
596 4305 786 4380 revelatorio,
813 4305 947 4386 quamvis
971 4305 1123 4367 definitum
1147 4312 1229 4366 esset
1251 4299 1316 4368 365
1339 4303 1448 4365 diebus
1470 4293 1539 4367 atti

193 4396 286 4469 boris,
310 4395 389 4457 aliud
414 4404 445 4456 et
469 4394 626 4457 rotundum
650 4414 754 4456 nomen
777 4396 873 4475 posui,
898 4395 1017 4475 dixique
1041 4393 1115 4455 illud
1137 4395 1238 4455 valere
1265 4393 1378 4473 gradus
1401 4388 1471 4456 360
1492 4410 1539 4455 aaa

194 4486 341 4566 integrum
356 4483 507 4559 circulum,
530 4484 580 4566 qui
603 4492 651 4545 est
664 4486 742 4564 apud
757 4494 945 4546 astronomos
964 4483 1116 4546 anomalia
1138 4482 1246 4544 media.
1283 4483 1326 4547 Ut
1341 4501 1414 4563 ergo
1430 4500 1541 4545 summa

196 4574 406 4639 distantiarum
430 4576 467 4636 ad
492 4593 636 4637 summam
659 4574 813 4653 temporis,
837 4576 880 4637 sic
904 4573 1014 4636 habere
1039 4574 1096 4634 teci
1120 4572 1283 4655 quamlibet
1305 4571 1485 4634 distantiam
1504 4570 1542 4633 ad

197 4686 282 4729 suurn
306 4673 434 4746 tempus.
472 4664 608 4744 Denique
631 4671 767 4743 tempora
790 4681 843 4742 per
866 4663 1001 4744 singulos
1015 4664 1127 4743 gradus
1151 4661 1344 4736 accumulavi,
1363 4661 1541 4744 collatiaqnc

194 4755 242 4816 his
271 4753 471 4836 temporibus,
505 4773 557 4815 seu
586 4753 728 4831 gradibus
760 4753 927 4815 anomaliae
959 4752 1075 4814 mediae
1105 4771 1172 4814 cum
1199 4750 1341 4832 gradibus
1373 4752 1542 4813 anomaliae

195 4845 342 4919 accentui,
376 4861 429 4905 seu
457 4862 524 4906 cum
556 4860 677 4905 numero
704 4843 850 4923 partium,
882 4842 923 4905 ad
945 4863 1021 4925 quas
1048 4861 1141 4925 usque
1164 4842 1364 4924 quaerebatur
1386 4840 1541 4914 diatantia.
