3368 5534
641 314 813 369 ranam
849 314 1026 384 cummi.
1438 306 1504 381 269

163 492 238 574 apud
267 496 429 577 utramque
459 493 641 557 anomaliam
669 495 928 569 commutationis,
959 494 1111 576 aequales.
1156 491 1202 557 At
1231 494 1303 575 quia
1324 490 1378 555 GE
1406 491 1506 573 major

163 601 248 663 quam
271 578 345 660 OD,
372 582 471 663 major
497 584 590 647 etiam
619 585 779 665 apparebit
807 585 934 666 angulus
962 583 1042 647 GFE
1071 582 1180 662 angulo
1204 584 1294 649 CFD.
1339 582 1505 663 Propterea

162 670 221 745 ille,
244 669 298 752 qui
312 690 375 734 uon
388 672 530 747 attendit,
547 672 625 735 hanc
641 673 902 755 amplificationem
920 674 1093 753 contingere
1111 680 1228 735 tautum
1244 671 1316 734 inE
1334 672 1382 733 vel
1398 671 1505 733 vicinis

162 759 246 833 locis,
260 766 295 822 et
307 760 491 824 contrariam
504 762 729 845 diminutionem
744 764 774 824 iu
788 765 817 825 D
839 763 907 825 loco
929 762 1079 825 contrario
1101 770 1228 837 tantum,
1251 761 1386 824 censebit
1407 768 1505 824 totum

163 848 264 911 ortem
284 868 419 913 aunuum
438 851 588 913 interdum
601 850 666 912 lieri
682 853 866 933 ampliorem,
885 872 1026 914 mensura
1041 850 1103 925 GE,
1123 850 1273 914 interdum
1290 850 1506 930 augustiorem,

164 956 307 1001 mausona
320 936 398 1013 cn:
422 948 580 1021 propterea
602 941 680 1021 quod
702 942 775 1004 talis
797 940 907 1022 aliquis
929 962 996 1021 cum
1017 941 1163 1002 hacteuus
1186 941 1300 1002 usitata
1321 941 1508 1003 astronomia

163 1028 391 1111 praesupponit,
415 1026 442 1093 0
463 1038 605 1111 punctum
628 1030 764 1112 aequalis
786 1039 886 1093 motus
909 1051 976 1093 esse
1004 1031 1081 1092 idem
1104 1037 1136 1090 et
1157 1037 1291 1091 ceutmm
1314 1028 1416 1091 circuli
1439 1029 1506 1093 DE.

250 1117 291 1179 In
314 1118 413 1180 forma
435 1114 663 1181 Ptolemaios
685 1121 726 1182 sit
735 1122 835 1183 -Terra
854 1120 885 1182 in
908 1118 951 1183 G:
975 1119 1073 1181 lineae
1095 1119 1185 1181 medii
1207 1130 1308 1182 motus
1334 1118 1417 1181 Solis
1439 1116 1507 1195 CK,

165 1204 224 1282 CL,
253 1224 313 1288 pro
337 1224 376 1269 eo
405 1208 484 1289 quod
514 1208 598 1289 prins
630 1205 838 1290 Copernico
867 1209 986 1272 fuerant
1009 1206 1064 1272 Dc
1087 1216 1119 1270 et
1138 1206 1212 1271 Ec:
1244 1216 1277 1270 et
1299 1208 1340 1270 sit
1361 1216 1506 1281 centrum,

166 1298 244 1358 circa
267 1295 351 1376 quod
370 1304 473 1358 motus
500 1298 681 1379 epicyclicus
710 1299 859 1378 regularis
887 1307 954 1373 est,
976 1299 1008 1360 in
1030 1299 1074 1360 F:
1105 1306 1137 1359 et
1157 1299 1216 1379 ipsi
1237 1298 1294 1361 ΕΙ)
1317 1298 1453 1379 aequalis
1476 1307 1509 1360 et

164 1384 332 1467 parallelos
352 1386 409 1458 IH,
431 1394 465 1447 ut
487 1386 577 1448 ducta
599 1386 641 1450 01
665 1387 706 1450 sit
726 1388 890 1469 parallelos
915 1387 972 1468 ipsi
995 1388 1049 1450 DF
1072 1393 1104 1448 et
1125 1387 1182 1451 CH
1203 1387 1262 1467 ipsi
1283 1386 1346 1448 EF.
1392 1387 1508 1449 Trans·

165 1476 225 1537 lata
258 1473 343 1535 enim
364 1470 393 1535 E
415 1475 511 1553 Terra
538 1495 592 1537 seu
623 1477 690 1538 visu
720 1479 751 1538 in
775 1474 800 1539 G
823 1486 957 1539 centmm
988 1476 1103 1551 mundi,
1135 1485 1168 1538 ut
1190 1475 1365 1538 Ptolemaeo
1395 1475 1507 1556 placet,

165 1560 350 1626 transfertur
372 1572 406 1625 et
425 1565 451 1625 F
472 1563 558 1627 Mars
589 1565 621 1627 in
650 1566 695 1640 Η,
727 1566 771 1628 sic
798 1575 922 1647 propter
950 1565 1131 1628 translatum
1153 1565 1182 1627 D
1204 1565 1235 1627 in
1258 1562 1304 1641 C,
1326 1565 1509 1628 transfertur

163 1646 291 1716 sint
338 1651 530 1715 Ptolemaeus
557 1670 630 1733 ergo
657 1655 851 1730 existimaus,
874 1657 899 1717 F
920 1662 1077 1737 punctum,
1110 1654 1192 1717 circe
1212 1654 1291 1736 quod
1314 1653 1440 1735 epicycli
1462 1655 1508 1717 lH

163 1750 261 1805 motare
284 1740 424 1823 aequalis
447 1750 505 1817 est,
527 1760 595 1805 esse
618 1743 710 1806 etiam
733 1752 866 1807 centrum
888 1744 1014 1825 epicycli
1031 1744 1087 1817 IH,
1111 1744 1229 1807 omuino
1247 1744 1274 1805 F
1275 1745 1288 1805 l
1303 1752 1334 1805 et
1346 1744 1403 1805 ΡΗ
1422 1743 1510 1824 ponit

164 1830 327 1914 aequales:
349 1838 567 1914 proptereaque
590 1832 621 1893 iu
635 1833 786 1896 anomalia
809 1842 974 1914 coaequata
995 1840 1122 1913 utraque
1144 1842 1210 1895 tam
1220 1830 1302 1896 Hrc
1325 1852 1414 1914 quam
1431 1830 1506 1906 lFC,

164 1922 224 1983 hoc'
248 1926 303 1982 est
335 1920 512 1993 (secuudum
543 1921 599 1984 hoc
628 1923 764 1999 schema)
795 1920 860 1985 tani
882 1919 943 1987 90⁰
971 1941 1060 2002 quam
1082 1916 1175 1996 270⁰,
1205 1941 1293 1984 uuam
1321 1929 1353 1983 et
1381 1922 1507 1985 eandem

167 1998 276 2073 statuit
298 2009 509 2091 aequationem
523 2010 661 2093 epicycli,
682 2031 788 2092 nempe
811 2013 953 2093 aequales
980 2011 1106 2091 angulos
1124 2011 1207 2074 Hcs
1224 2018 1257 2072 et
1273 2008 1352 2074 ICF.
1391 2008 1520 2082 Quodsi,

165 2097 339 2162 observatio
369 2105 516 2171 testetur,
544 2100 689 2180 majorem
711 2119 778 2162 esse
809 2100 1003 2183 nosquam
1026 2100 1108 2174 ICF,
1140 2108 1204 2162 tum
1226 2107 1360 2163 centrum
1382 2100 1509 2182 epicycli

166 2208 221 2251 non
244 2187 308 2249 erit
328 2186 362 2249 iu
383 2188 411 2249 F
432 2196 542 2269 puncto
564 2189 700 2270 aequalis¹
723 2199 836 2266 motus,
865 2192 918 2253 sed
942 2190 972 2251 iu
996 2188 1026 2252 G
1048 2208 1155 2252 versus
1177 2190 1224 2251 H:
1254 2196 1285 2251 et
1306 2190 1416 2270 posito‘
1429 2189 1509 2270 quod

166 2275 409 2339 l'nilrilominus
431 2284 566 2359 centrum
589 2279 714 2361 epicycli
738 2300 805 2341 esse
828 2288 961 2362 putetur,
990 2279 1108 2340 omniuo
1136 2278 1286 2361 epicyclus
1309 2286 1415 2340 auctus
1438 2298 1507 2341 esse

167 2365 315 2429 ridebitur
337 2365 369 2427 in
391 2366 541 2428 anomalia
563 2362 626 2431 90ο
645 2368 727 2431 ciraa
749 2369 788 2444 Η,
819 2371 948 2431 minutus
972 2370 1000 2432 iu
1024 2364 1108 2431 270⁰
1138 2368 1270 2442 circel,
1294 2368 1393 2429 Marte
1424 2375 1507 2433 motu

167 2454 334 2520 ecceutrico
357 2454 432 2527 (lroc
454 2462 503 2518 est
523 2455 603 2517 linea
626 2455 693 2532 CF)
716 2459 746 2520 in
769 2459 875 2520 eodem
896 2459 964 2522 loco
987 2458 1112 2519 lixamm
1135 2466 1274 2519 versante
1296 2457 1444 2538 utrinque.
1463 2488 1485 2507 ·-

246 2546 285 2607 In
307 2545 408 2607 torma
428 2544 646 2626 Tyehonica
667 2555 788 2609 maneat
811 2546 836 2610 C
860 2549 973 2623 Terra,
994 2547 1052 2609 DE
1074 2546 1203 2608 circulus
1226 2546 1318 2618 Solis,
1343 2553 1446 2607 centm
1468 2548 1506 2622 B,

169 2635 215 2696 sed
237 2632 438 2715 aequalitatis
460 2641 563 2696 centro
584 2636 629 2698 A:
663 2636 781 2716 sintque
804 2633 918 2712 lineae,
951 2636 1057 2718 quibus
1088 2635 1211 2715 planeta
1232 2635 1353 2697 videtur
1375 2634 1509 2708 (scilicet

170 2723 205 2787 Cl
226 2731 259 2785 et
281 2720 357 2796 CH)
379 2722 519 2797 eaedem,
547 2743 623 2805 quae
648 2724 677 2787 in
700 2725 883 2791 Ptolemaeo.
902 2744 905 2751 ·
922 2726 1018 2805 Igitur
1040 2744 1078 2786 ex
1100 2726 1129 2785 H
1153 2733 1185 2786 et
1206 2726 1222 2787 Ι
1244 2724 1429 2786 descendant
1450 2723 1508 2807 ipsi

169 2812 213 2877 lc
234 2810 379 2893 paralleli
399 2812 469 2888 HL,
490 2813 552 2874 lK:
582 2808 668 2877 ut‘K
690 2822 721 2876 et
742 2816 770 2877 L
792 2816 854 2877 sint
875 2824 1008 2877 centrum
1032 2813 1207 2896 systematis
1229 2812 1399 2896 planetarii,
1423 2813 1509 2893 cujus

171 2901 307 2965 circuitus
330 2907 468 2964 centrum
495 2902 537 2963 sit
557 2902 592 2964 Μ
615 2922 720 2966 versus
742 2904 914 2985 perigeeum
938 2904 1035 2979 Solis,
1065 2912 1114 2965 ut*
1123 2910 1233 2984 quanto
1255 2905 1281 2965 B
1306 2920 1408 2964 vemm
1437 2920 1510 2963 cen-

170 2998 241 3055 trum
262 2990 410 3053 circuitus
424 2988 507 3053 Solis
529 2999 650 3069 praeter
673 2993 843 3073 opinionem
856 2993 1012 3057 descendit
1033 2992 1112 3054 infra
1133 2993 1163 3054 A
1185 2990 1354 3072 putativum
1376 2999 1510 3071 centrum

170 3080 297 3160 ejusdem
320 3078 464 3141 circuitus
485 3079 584 3156 Solis,
616 3089 702 3144 tanto
726 3092 757 3144 et
776 3085 812 3147 M
836 3091 968 3146 centrum
991 3082 1133 3143 circuitus
1155 3082 1213 3142 KL
1236 3080 1282 3155 (iu
1304 3099 1363 3160 quo
1386 3080 1512 3141 circuitu

170 3178 304 3249 punctum
327 3168 493 3243 invenitur,
524 3189 544 3229 a
565 3189 624 3251 quo
647 3172 801 3251 consurgit
823 3173 933 3234 Martis
947 3169 1180 3255 ¹ecceutricitas)
1204 3169 1368 3231 descendat
1389 3169 1444 3231 sub
1468 3166 1510 3231 C:

170 3259 282 3341 sintque
313 3257 460 3339 aequales
490 3256 547 3320 Ac
579 3268 611 3321 et
640 3261 711 3323 ΒΜ.
762 3262 832 3323 Erit
862 3262 943 3323 linea
972 3260 1130 3342 coaequati
1160 3266 1259 3321 motus
1287 3259 1317 3319 in
1345 3257 1511 3320 ecceutrico

170 3349 298 3420 (scilicet
314 3346 371 3421 KI,
393 3346 467 3418 ΕΗ)
482 3354 553 3427 post
573 3348 708 3428 integras
723 3350 864 3430 planetae
879 3351 1087 3413 restitutiones
1110 3347 1165 3410 sibi
1180 3346 1353 3429 parallelos.
1390 3346 1511 3409 Existi-

168 3456 248 3500 maus
272 3436 365 3517 igitur
379 3435 494 3519 Tycho,
518 3434 543 3498 Ο
559 3438 683 3500 Terram
706 3457 774 3501 esse
797 3440 828 3501 in
850 3440 947 3503 medio
971 3438 1113 3500 circuitus
1127 3438 1193 3512 KL,
1218 3436 1380 3498 deferentis
1404 3455 1512 3499 eccen-

168 3527 255 3590 tricos
277 3525 489 3605 planetarum,
512 3527 638 3606 angulos
662 3527 742 3603 CIK,
767 3527 849 3593 OHL
872 3529 963 3591 saciet
985 3527 1143 3610 aequales,
1175 3525 1293 3606 quaudo
1318 3517 1415 3600 OLH,
1439 3525 1510 3590 cxl

168 3613 410 3679 commutationis
432 3615 534 3695 auguli
558 3625 628 3678 sunt
650 3617 801 3698 aequales.
848 3616 908 3690 Qui
937 3617 963 3679 si
986 3616 1246 3697 deprehendantur
1268 3614 1458 3696 inaequales,
1482 3608 1514 3675 et'

167 3705 246 3770 cm.
277 3703 391 3783 major,
420 3703 480 3766 erit
500 3710 532 3766 et
554 3704 608 3768 01.
629 3706 726 3785 major
752 3726 841 3787 quam
865 3707 934 3773 CK:
968 3715 1000 3768 et
1021 3706 1079 3769 KL
1101 3704 1182 3766 orbis
1209 3704 1348 3765 deserens
1377 3711 1512 3765 centrum

166 3792 342 3877 systematis
371 3792 522 3855 videbitur
549 3793 803 3871 innotescere,
837 3797 867 3858 in
889 3799 919 3859 K
943 3795 1091 3869 imminui;
1125 3812 1160 3856 eo
1182 3793 1261 3874 quod
1288 3810 1347 3854 uon
1370 3792 1511 3865 creditur,

163 3886 195 3947 ll
215 3890 358 3947 eentum
381 3881 480 3954 orbis,
510 3882 563 3964 qui
585 3883 683 3945 desert
705 3892 871 3967 systemata
892 3886 1097 3967 planetamm,
1129 3901 1197 3945 esse
1220 3890 1306 3944 exue
1330 3881 1355 3945 O
1378 3883 1512 3955 Terram,

165 3973 244 4038 circa
268 3972 358 4052 cujus
380 3979 517 4034 centrum
538 3981 638 4036 motus
661 3973 742 4036 illius
765 3974 845 4037 orbis
868 3983 917 4037 est
938 3972 1082 4056 aequalis.

249 4063 335 4126 Nem
356 4060 397 4122 ad
421 4060 619 4142 detegendam
642 4082 743 4125 veram
766 4083 889 4126 causam
911 4065 999 4144 hujus
1023 4058 1224 4134 diversitatis,
1247 4076 1353 4138 nempe
1376 4056 1416 4119 ad
1432 4057 1512 4119 libe-

163 4153 292 4217 randam
315 4148 488 4232 suspicione
511 4151 763 4216 ecceutricitatem
786 4154 879 4230 Solis,
902 4154 1027 4216 multum
1049 4150 1174 4225 confert,
1197 4148 1275 4230 quod
1298 4148 1355 4210 hoc
1376 4142 1511 4227 pacto*)

253 4380 284 4457 ⁸)
305 4384 384 4441 Nota
402 4382 470 4439 mihi
488 4385 541 4440 hoc
560 4380 783 4461 rinpoodoxqaov.
822 4386 851 4442 si
871 4402 939 4440 vere
960 4389 1005 4438 est
1028 4381 1168 4455 generalis
1188 4379 1358 4435 Ptolemaica
1378 4379 1422 4433 rel
1442 4380 1510 4433 Bra·

163 4471 258 4525 ban}
277 4465 447 4539 hypothesis
468 4466 502 4520 de
521 4465 614 4521 mundi
634 4473 795 4536 systemate,
816 4475 846 4521 et
866 4466 888 4521 si
909 4465 988 4519 simul
1009 4464 1192 4523 mediomotu
1205 4460 1277 4516 Solis
1298 4466 1425 4521 utumur;
1446 4464 1512 4512 tuuc

163 4550 203 4605 illi
222 4546 388 4621 epicyclus,
419 4544 482 4601 huic
503 4546 628 4610 cuculus,
649 4548 774 4602 deferens
802 4552 956 4619 systemata
983 4544 1149 4615 planetaria,
1170 4543 1201 4597 fit
1221 4539 1405 4603 ecceutricus,
1433 4536 1511 4607 errius

164 4645 325 4704 apogaeum
348 4626 444 4700 vergit
470 4627 498 4681 in
524 4632 620 4698 partes
646 4628 865 4700 apogaeo·Solis
892 4625 1015 4696 praeciso
1037 4622 1203 4679 contrarias:
1234 4616 1424 4673 ecceutricitas
1444 4634 1511 4672 rero

165 4711 233 4781 ejus,
254 4716 289 4766 ut
308 4708 385 4763 iutra
405 4714 549 4779 sequetur,
570 4708 693 4779 praeciso
714 4715 817 4780 aequat
841 4704 1072 4761 ecceutricitatem
1091 4702 1162 4759 Solis
1190 4715 1284 4753 reram
1303 4714 1354 4753 seu
1373 4697 1511 4754 dimidium

166 4790 302 4849 umam
323 4787 458 4847 creditae.
