3368 5534
164 247 209 319 28
584 236 683 309 morso
700 252 802 323 Keplen'
820 247 970 323 sli'orumque
987 264 1089 310 mutuae

252 431 545 497 semproniensis
561 431 704 487 Henarlus
722 449 771 485 nou
798 435 936 500 respoudit,
962 435 1026 486 iorte
1044 435 1120 486 etism
1138 435 1234 502 petenti
1251 433 1377 500 Kspleso.
1395 440 1426 487 nt
1441 432 1521 487 Vidn

166 503 343 562 consuleretur,
362 518 413 554 uon
431 505 559 555 amisos
585 504 612 554 ln
630 508 797 568 responsione,
815 518 889 572 qnam
908 513 1026 572 exparte
1044 506 1212 571 proposuimus
1231 504 1288 556 Vol.
1307 505 1328 565 1.
1347 521 1371 571 p.
1391 503 1437 565 7³.
1455 505 1521 558 lisso

164 575 286 641 legimus:
311 575 449 626 Ptolemaei
471 576 543 626 libros
565 575 715 626 Harmoniae
741 577 792 627 und
817 579 889 628 dabei
909 578 1046 628 Aristoxeni
1065 576 1227 627 Harmoniam
1249 576 1300 628 hals
1322 576 1364 627 leh
1389 579 1437 628 sui
1452 576 1520 628 selis

165 647 259 712 Ναὶς
282 645 451 697 Nashnehen
469 647 601 712 geiuMeu.
638 647 691 697 Hst
713 649 809 698 solenes
834 650 878 699 der
898 649 1113 706 Bibliotheesrism
1141 649 1195 699 weil
1217 658 1248 698 'es
1274 655 1371 699 sessest
1394 662 1520 714 mesen,

164 719 203 768 nit
219 718 303 768 tiudeu
324 717 431 769 konnen.
468 718 526 768 Hsb
550 717 656 769 mithio
675 719 804 770 Wshrheit
831 721 911 771 selber
938 721 1047 782 eriserit,
1074 720 1132 770 dass
1156 720 1197 770 ioh
1215 720 1286 771 Ensis
1309 723 1364 784 lest
1389 721 1522 773 mussites

164 788 262 841 auseis
280 778 429 847 susohielen
447 788 548 848 kounte,
567 789 617 839 und
634 790 730 840 solches
748 808 789 841 um
807 807 834 841 so
853 792 900 842 viel
919 792 1001 848 mehr,
1020 792 1075 841 veil
1093 791 1133 842 ioh
1151 791 1260 849 rerhoff‚
1276 792 1301 842 lr
1318 792 1414 843 vendet
1431 791 1525 843 tusus

164 859 286 910 nunrnehr
303 876 335 910 su
354 875 437 911 eurem
453 864 507 924 jent
523 868 594 911 untes
612 861 719 912 Haudeu
736 862 868 913 bobendon
885 864 961 914 Werk
979 862 1109 913 sorishrou
1127 869 1225 931 mogon.

252 949 297 999 leh
315 950 450 1011 sermome,
471 950 504 999 Es
522 949 602 1000 verda
621 950 664 999 der
681 950 745 1000 llerr
763 951 846 1002 Brulre
864 950 934 1002 Euch
953 950 993 1000 die
1012 952 1194 1001 observationes
1207 950 1296 1002 Martis
1313 952 1360 1003 sub
1377 952 1523 1004 seruditione

163 1021 255 1070 silentii
274 1027 433 1071 namnet
448 1020 549 1076 habens
568 1021 601 1070 da
618 1022 685 1071 nuhu
704 1021 760 1071 dem
779 1023 839 1079 also,
858 1023 965 1089 begehre
984 1022 1024 1072 ioh
1037 1023 1117 1072 daron
1136 1023 1259 1073 durohaus
1277 1023 1359 1074 niehts
1374 1038 1408 1075 sn
1421 1026 1521 1074 nissen.

164 1093 217 1142 aui
232 1093 281 1142 den
300 1092 355 1143 Fsll
373 1107 400 1142 es
418 1093 478 1142 aber
496 1094 533 1142 uit
551 1098 624 1149 stre,
651 1106 716 1144 sera
733 1095 781 1144 mir
807 1095 885 1144 damlt
910 1095 1009 1149 sordere
1028 1095 1073 1143 vol
1095 1094 1208 1160 pediam,
1236 1095 1270 1145 ds
1288 1095 1328 1145 isis
1351 1096 1459 1146 moritu
1476 1095 1522 1146 ssd

166 1164 271 1215 dilucide
290 1163 411 1214 theon'sm
429 1163 518 1214 Martis
536 1165 623 1213 visson
640 1164 743 1215 kanuto.

254 1234 331 1286 Sonat
348 1237 440 1287 verdet
458 1235 481 1283 ir
499 1235 563 1285 noch
579 1235 709 1300 gedenken
727 1237 778 1286 und
791 1251 836 1295 rou
850 1236 948 1286 llrslseo
966 1236 1044 1287 selbst
1061 1251 1218 1288 rernomuseu
1235 1237 1327 1295 homo,
1346 1238 1393 1289 vie
1405 1237 1521 1289 Bnheus

165 1306 198 1358 td
215 1306 420 1375 malleatiouem
437 1308 487 1356 seri
506 1307 553 1355 loci
571 1306 658 1358 Lunae
677 1310 717 1358 ein
737 1309 860 1358 circellum
880 1323 979 1358 annuae
1002 1308 1145 1358 variationis
1164 1310 1201 1369 (in
1220 1308 1277 1358 dem
1295 1307 1402 1375 deliquio
1422 1309 1522 1365 hose.

163 1393 192 1427 so
210 1378 247 1428 tle
265 1393 296 1427 su
314 1378 469 1443 vooeubem
496 1377 605 1427 drusion
622 1377 714 1439 lasseu)
741 1379 901 1438 introdueirt‚
930 1383 999 1442 eujus
1024 1380 1121 1428 initium
1149 1381 1266 1429 statuitur
1284 1378 1342 1430 Sole
1360 1389 1478 1431 versante
1495 1383 1522 1430 in

164 1450 286 1514 principio
305 1448 404 1506 Caneri.
426 1451 463 1498 its
480 1457 509 1498 ut
526 1451 552 1498 in
569 1451 641 1514 priori
660 1451 811 1500 semicirculo
829 1451 901 1514 hujus
919 1450 1010 1500 oircelli
1029 1465 1100 1501 serus
1117 1451 1186 1500 loom
1199 1451 1286 1502 Luna
1303 1460 1480 1517 prononsosr
1495 1454 1522 1502 is

164 1523 352 1586 eomsqneotis,
371 1528 398 1571 et
415 1522 441 1570 in
459 1522 586 1585 posteriori
605 1521 783 1571 retrotrahatur
800 1524 825 1571 in
842 1523 1027 1586 praeoedeutis.
1051 1521 1111 1571 Nun
1128 1523 1242 1573 serstelse
1260 1523 1300 1574 ish
1319 1525 1379 1574 aloes
1397 1539 1446 1574 son
1459 1524 1521 1585 ins.

54 1610 60 1617 ·
163 1592 210 1642 das
224 1607 251 1642 er
263 1593 331 1643 diese
349 1593 513 1642 variationem
531 1605 639 1642 annuam
658 1595 800 1657 praesertim
813 1595 878 1644 cirea
896 1595 1038 1659 pesigaeum
1050 1593 1102 1642 und
1120 1606 1259 1659 apogaeum
1273 1594 1360 1647 [muse
1377 1594 1522 1645 inlusisti

165 1662 244 1719 sielse.
264 1663 336 1728 idque
355 1670 454 1729 propter
473 1662 576 1726 eclipses
594 1664 656 1712 duas
674 1664 712 1713 rel
730 1672 796 1722 tres,
823 1667 955 1729 praecipue
981 1671 1081 1729 proptor
1107 1665 1224 1729 eclipsata
1242 1665 1417 1732 Wittebergse
1434 1667 1521 1716 nitlsno

164 1736 204 1785 slis
222 1735 337 1785 Jsuusrii
358 1735 524 1794 obserentem,
544 1737 612 1796 culus
631 1737 724 1785 initium
743 1736 851 1785 nonnihil
871 1736 993 1786 caleulum
1011 1749 1081 1784 suum
1100 1738 1240 1787 antevertit

253 1823 295 1873 Da
313 1825 346 1873 ist
368 1823 415 1873 mir
441 1823 606 1889 eingeisllen.
635 1824 666 1873 ob
693 1823 815 1875 vielleicht
840 1825 880 1874 die
907 1825 1023 1888 aequatio
1051 1824 1111 1874 oder
1138 1839 1249 1889 aequam
1271 1823 1353 1882 Solis.
1381 1840 1410 1875 so
1430 1826 1522 1876 Eursss

167 1894 302 1945 Schreiben
321 1893 388 1945 uach
406 1896 446 1944 die
465 1895 571 1944 'l'lseoria
590 1895 677 1944 Martis
695 1912 725 1945 sn
743 1896 867 1946 erkenneu
886 1897 946 1961 gibt,
966 1896 1049 1945 hiersu
1068 1897 1213 1953 dienstlioh‚
1233 1897 1283 1947 und
1301 1897 1427 1947 riellsioht
1444 1899 1521 1948 obsn-

167 1968 287 2032 pedentte
305 1968 468 2017 ssrisoonom
487 1979 597 2016 annuam
616 1968 739 2017 auilseben
757 1967 815 2016 oder
832 1968 967 2019 vertudern
986 1968 1093 2017 monite.

253 2038 339 2089 Bleibe
358 2038 413 2088 dem
432 2036 513 2087 Hsrrn
532 2053 686 2103 angenomen
704 2028 805 2088 ireundl.
825 2040 873 2089 und
893 2039 1055 2089 dienstvillen
1074 2055 1103 2088 su
1123 2040 1241 2090 erveisen
1259 2041 1364 2105 geneigt
1382 2038 1429 2091 &a

253 2110 380 2160 Miiuolsen
392 2112 418 2158 iu
432 2110 478 2168 Bil,
498 2116 572 2174 stoue
591 2111 653 2159 sdeo
666 2112 691 2159 iu
710 2112 760 2174 ipso
779 2109 895 2167 discessu.
915 2125 971 2159 rum
985 2110 1062 2160 altero
1075 2111 1138 2174 pede
1154 2112 1208 2173 ism
1227 2126 1324 2161 ennom
1344 2112 1521 2162 oomeendisst

166 2181 225 2230 milii
244 2182 335 2232 ridear.
374 2179 417 2229 25.
436 2181 486 2229 Juli
507 2178 583 2230 1⁶0⁰.

254 2250 577 2318 1n0ptieaii'ol.11.p.
598 2250 644 2312 io)
671 2252 796 2302 retulimus
823 2252 945 2318 qusedam
964 2252 1123 2302 Bernarti
1150 2253 1227 2302 rerba
1244 2253 1276 2302 da
1300 2255 1388 2305 studiis
1407 2253 1521 2320 Keplsrl.

166 2339 231 2390 qnae
249 2324 298 2374 hue
315 2325 448 2388 pertinent
486 2322 616 2386 Scripsisse
644 2324 745 2373 disimm
776 2323 909 2388 Keplerum
932 2325 966 2373 ad
983 2323 1139 2374 Hervsrtum
1158 2323 1258 2385 (literae
1275 2324 1384 2384 desunts
1410 2329 1521 2391 scriptas

165 2396 280 2445 sidentur
297 2409 383 2444 meme
402 2393 470 2458 Sept
493 2392 574 2454 1⁶⁰2)
593 2395 624 2444 de
642 2395 704 2452 illis,
724 2395 803 2460 solque
819 2395 865 2445 hss
888 2396 971 2444 literss
994 2396 1148 2460 respondisse
1167 2396 1322 2448 Hervsrtnm
1341 2397 1365 2447 d
1386 2395 1430 2448 24.
1450 2397 1521 2464 Sept

165 2465 201 2516 Ut
218 2480 258 2523 es.
277 2481 342 2531 quse
362 2474 504 2531 sequentur,
523 2466 611 2517 uselius
632 2466 838 2529 comprehendant
860 2466 977 2520 lectores.
997 2481 1026 2514 es
1045 2465 1083 2516 lois
1101 2467 1179 2517 literis
1197 2481 1280 2531 pauca
1298 2469 1437 2533 repetenda
1454 2477 1519 2519 sunt

164 2537 237 2587 iisse
255 2540 330 2602 igitur
348 2538 509 2587 Eervtrtus:
528 2537 584 2586 Wie
603 2552 630 2586 ss
649 2536 692 2586 der
709 2536 772 2587 flers
789 2539 877 2593 meint.
904 2552 931 2586 er
948 2544 1052 2602 petrano
1071 2538 1136 2594 sich.
1156 2539 1195 2589 die
1214 2538 1374 2590 verschieness
1392 2540 1521 2591 Konstsn

165 2609 291 2658 mediante
310 2609 440 2673 hypothesi
460 2608 632 2673 Copernicsns
651 2624 681 2656 su
698 2608 852 2669 defendisse.
879 2623 927 2658 uon
953 2608 1071 2672 intelligo.
1109 2608 1153 2659 islo
1171 2611 1283 2662 serstelie
1302 2627 1330 2661 rs
1348 2613 1410 2662 aber
1434 2611 1520 2669 dsltin.

166 2682 224 2731 dass
243 2680 276 2730 Er
294 2681 367 2732 assir
384 2681 469 2736 istite.
497 2680 573 2729 durch
592 2681 673 2729 dieser
691 2679 812 2729 Kometen
840 2680 994 2730 obsenstion
1013 2681 1094 2730 verde
1111 2696 1170 2731 man
1188 2684 1225 2730 nit
1243 2685 1383 2748 onningen
1409 2684 1521 2741 konnen.

164 2752 226 2803 dass
244 2752 369 2802 disselben
387 2764 463 2815 supra
481 2753 564 2801 orbem
583 2751 671 2802 Lunae
689 2751 726 2800 rel
746 2751 808 2800 Solis
825 2753 949 2801 existiren.
987 2750 1037 2801 Sed
1055 2754 1116 2816 quis,
1144 2768 1246 2825 qugeso,
1265 2755 1354 2805 exinde
1371 2755 1522 2806 redundslit

165 2823 279 2874 iruetnsi
307 2824 355 2873 Per
372 2839 400 2875 se
418 2833 446 2872 et
468 2830 566 2887 propter
583 2838 610 2872 se
628 2822 740 2886 prolecto
767 2824 884 2887 exiguum
911 2822 992 2886 quoad
1020 2823 1085 2884 slis,
1113 2824 1218 2874 sonasse
1245 2826 1336 2875 aditus·
1355 2826 1389 2876 sd
1414 2830 1521 2890 maiora.

164 2895 294 2961 Uupeithr
311 2895 357 2945 dns
376 2895 479 2944 Gleiche
507 2894 561 2943 ltllt
588 2895 634 2943 mir
652 2908 682 2942 su
701 2895 807 2943 Gemuth
830 2895 890 2943 uber
915 2894 1058 2959 dasleuige‚
1084 2891 1125 2943 so‘
1139 2898 1185 2944 mir
1212 2895 1257 2945 der
1274 2895 1339 2946 Herr
1361 2897 1393 2948 de
1411 2897 1522 2948 Thoaris

166 2966 254 3017 nuos
275 2967 404 3016 sudeutet
442 2965 518 3015 Danu
537 2967 582 3014 nui
599 2966 646 3015 den
667 2966 728 3021 isli,
747 2965 873 3015 lierdurch
892 2967 987 3014 ratione
1006 2980 1090 3015 cursus
1110 2965 1174 3016 Solis
1196 2967 1381 3033 grundlisherss
1399 2968 1521 3020 niunden

167 3039 266 3090 verdon
285 3038 345 3088 oder
362 3038 415 3087 siah
433 3039 524 3088 bereits
542 3044 669 3101 ereuguet,
689 3038 721 3085 ist
739 3052 764 3086 es
783 3038 842 3087 aller
861 3037 936 3086 Mune
955 3036 1018 3086 wohl
1036 3038 1120 3087 vertis.

254 3109 298 3159 Sin
318 3117 410 3163 autem,
439 3116 524 3159 censet
543 3108 699 3163 Hermus,
725 3124 764 3158 res
790 3109 860 3159 aliter
883 3124 910 3157 so
928 3107 1044 3165 habent.
1073 3109 1208 3173 Keplerum
1235 3111 1356 3162 nimiost
1380 3112 1521 3163 &umes

166 3181 251 3232 labore
269 3184 322 3231 sine
341 3181 444 3231 notabili
462 3181 573 3245 proiectu
592 3180 720 3229 detentum
739 3182 788 3230 iore
807 3187 833 3230 st
844 3181 947 3243 denique
966 3194 992 3227 se
1005 3182 1031 3228 iu
1050 3182 1169 3246 ambages
1188 3182 1378 3245 implicaturum,
1398 3199 1413 3233 s
1432 3184 1521 3249 quibus

164 3268 283 3319 posquam
311 3253 412 3303 difficile
430 3268 458 3301 se
477 3252 642 3315 explicaturus
661 3254 701 3300 sit
738 3251 802 3300 Nam
826 3252 1005 3300 continuandas
1029 3265 1083 3301 esse
1111 3254 1312 3315 observationes,
1341 3254 1405 3319 quod
1423 3264 1521 3304 mortuo

164 3325 285 3388 Tyehoue
304 3324 403 3373 dubium
417 3325 457 3383 sit,
475 3325 582 3387 priorum
600 3324 808 3373 observationibus
821 3337 904 3387 pssum
917 3336 972 3371 esso
990 3322 1123 3376 fidendum.
1143 3331 1170 3373 et
1181 3326 1363 3375 rastitntionam
1381 3340 1426 3376 ssn
1439 3328 1522 3390 potins

165 3398 333 3447 inventionem
348 3397 491 3460 apparentis
504 3404 584 3444 motus
597 3397 703 3459 quinque
716 3395 869 3458 planetarum
881 3408 929 3443 uon
942 3395 1014 3442 unius
1030 3409 1084 3445 esse
1097 3397 1198 3452 aetatis.
1217 3396 1308 3447 nedum
1320 3398 1393 3449 nnius
1406 3397 1521 3448 omen

254 3475 349 3536 Quibus
367 3476 532 3540 Keplerus
550 3475 677 3538 respondit
694 3473 731 3536 (d.
755 3473 778 3522 i.
801 3474 857 3525 Oet
879 3471 967 3533 1802.)
985 3473 1051 3525 hune
1069 3477 1095 3526 iu
1113 3477 1224 3527 modum:
1249 3467 1446 3532 Cometamm
1461 3489 1522 3551 qua

165 3556 320 3618 derauso
349 3558 530 3619 montionem
554 3557 691 3631 fecerim,
715 3557 835 3619 excidit
874 3557 1033 3620 Sententia
1056 3566 1155 3620 lamen
1189 3559 1264 3619 haec
1295 3566 1359 3621 est:
1393 3558 1421 3622 si
1453 3558 1522 3640 quis

166 3645 326 3727 Copernici
351 3657 494 3728 sequatur
517 3647 716 3727 hypotheses,
749 3646 831 3708 illum
862 3646 918 3708 hoe
951 3646 1113 3709 defendere
1144 3666 1250 3726 posse,
1282 3656 1417 3711 cometas
1446 3646 1521 3710 nihil

165 3756 234 3799 esse
259 3735 343 3798 aliud
364 3756 454 3820 quam
477 3736 672 3814 trajectionos
696 3736 868 3810 aethereas,
898 3735 1011 3798 moseri
1041 3736 1160 3797 scilieet
1181 3736 1212 3797 in
1236 3736 1316 3797 lines
1337 3746 1422 3799 reeta
1444 3755 1521 3818 pene

167 3824 351 3906 aequaliter,
381 3844 420 3887 se
442 3834 559 3887 tantum
589 3826 696 3887 abesse
721 3834 754 3886 ut
776 3826 971 3888 conliniantur
1001 3825 1196 3900 sublunares,
1232 3826 1303 3906 quin
1334 3825 1436 3905 potius
1455 3827 1521 3906 jam

165 3935 226 3978 uon
248 3921 367 3978 tantm
386 3932 442 3996 per
464 3915 639 3995 parallaxes
661 3915 800 3976 diametri
824 3915 952 3990 Terrae,
977 3914 1030 3976 sed
1053 3915 1144 3976 etiam
1168 3933 1206 3975 ex
1229 3915 1304 3995 ipsis
1328 3915 1521 3978 observatio·

166 4005 255 4069 uibus
278 4002 422 4067 unsiori
445 4004 534 4067 modo
558 4004 691 4085 acceptis
715 4005 745 4064 in
769 4004 921 4066 aethereus
944 4014 1126 4084 reponantur
1149 4014 1179 4064 et
1202 4023 1443 4085 quaquaversum
1462 4004 1521 4066 ius-

165 4104 238 4176 peto
261 4104 351 4175 cspto
375 4103 472 4155 ruant
511 4095 588 4156 ilinc
606 4105 637 4155 tu
655 4093 720 4175 ipse
733 4091 845 4174 judica,
869 4094 967 4175 qualis
983 4094 1025 4155 sit
1040 4093 1168 4154 materia
1185 4092 1340 4167 coelestis,
1363 4093 1389 4155 si
1412 4093 1522 4174 ubique

164 4194 301 4247 comeare
334 4182 529 4257 transmittit,
561 4194 592 4243 et
629 4181 790 4263 aliquando
818 4182 858 4243 ibi
888 4192 936 4243 est
967 4193 1099 4257 cometa,
1132 4181 1180 4243 ubi
1205 4183 1316 4256 Terra,
1345 4183 1448 4256 Inna,
1474 4180 1523 4242 sel

164 4274 277 4336 Martis
298 4275 354 4336 doc.
379 4272 471 4334 stelin
493 4273 583 4353 paulo
607 4283 678 4334 anto
700 4272 765 4333 suit.
792 4302 830 4312 -
857 4272 905 4333 lta
928 4272 976 4334 hic
998 4272 1073 4333 nihil
1096 4292 1115 4333 a
1138 4272 1280 4351 Tychone
1308 4271 1429 4345 differo,
1462 4270 1522 4333 uisi

166 4364 246 4444 quod
269 4360 397 4426 cometis
420 4362 549 4424 circulos
572 4362 692 4436 adimo,
720 4380 773 4441 per
805 4381 879 4441 quos
912 4361 986 4441 ipsis
1008 4362 1112 4442 Tycho
1134 4380 1210 4440 pene
1234 4360 1424 4422 divinitatem
1447 4379 1522 4423 con-

167 4451 292 4516 ciliarit.
345 4451 525 4532 Magnitudo
555 4453 622 4513 Tua
658 4450 776 4512 videtur
807 4469 852 4511 ure
877 4450 1038 4513 'dehortari
1070 4471 1090 4510 a
1119 4470 1191 4511 eura
1222 4449 1431 4530 planetarum,
1463 4447 1522 4511 nisi

167 4541 265 4603 omnis
287 4562 360 4605 cura
390 4541 420 4604 iu
452 4553 534 4603 motu
563 4540 647 4604 Solis
678 4550 847 4620 poneretur.
896 4539 929 4602 Id
962 4540 990 4601 in
1024 4551 1206 4600 cosrretarum
1234 4540 1355 4618 negotio
1386 4540 1522 4601 salutare

167 4630 326 4695 consilium
348 4630 500 4703 existimo,
522 4639 556 4691 at
580 4630 768 4709 planetsrom
791 4648 929 4691 cursuum
953 4629 1132 4709 dignitatem
1151 4638 1266 4690 mutam
1290 4647 1358 4689 esse
1381 4640 1466 4708 puto,
1490 4637 1524 4689 ut

166 4718 216 4781 sel
239 4720 278 4781 ob
301 4721 373 4783 illos
395 4721 479 4783 solos
502 4718 588 4780 lsbor
611 4718 652 4779 sit
675 4717 893 4798 suscipiendus
940 4721 986 4780 sle
1014 4738 1070 4797 ego
1094 4738 1166 4778 sane
1198 4719 1255 4781 hoc
1290 4738 1350 4780 uon
1380 4739 1456 4795 ugo,
1490 4724 1524 4778 ut

166 4818 452 4895 praesumptum
484 4809 568 4875 Solis
600 4808 767 4892 simplicem
797 4826 851 4891 per
882 4807 1022 4893 planetas
1061 4807 1231 4888 corrigerem
1275 4808 1463 4870 imstrsneus
1497 4806 1524 4869 is
