3374 5528
632 306 724 364 *noae
742 308 857 365 aalma
1156 378 1160 385 ἱ
1352 302 1441 375 463»

63 503 96 551 et
115 489 255 565 abripitur
274 509 294 548 a
313 488 497 564 qualicunque
516 489 619 548 virtute
639 491 799 566 magnetica
819 491 945 546 Telluris.
987 491 1059 547 Nam
1079 480 1122 547 ris
1144 487 1304 565 magnetica
1323 488 1417 545 iortis·

63 576 136 631 sima
156 573 263 645 quidem
283 582 328 629 eat
346 572 454 627 ratione
475 590 543 628 suas
564 573 692 644 propriae
713 572 800 635 sedis,
830 588 927 643 nempe
948 573 1080 638 Telluris,
1102 572 1223 644 corporis
1245 568 1416 625 densissimi:

63 657 117 712 illa
141 660 235 710 tamen
264 652 422 726 languescit
451 652 479 708 in
499 653 611 723 objectu
631 654 764 709 materiae
784 653 903 707 rarioris.
944 653 1080 725 Exemplo
1110 652 1147 707 sit
1176 653 1217 709 vis
1245 650 1298 706 illa
1326 657 1416 707 motus

62 735 181 791 violenti
201 741 306 793 auctor.
346 734 422 788 Puer
449 750 532 789 manu
552 734 697 805 projiciens
727 732 854 805 lapillum
882 732 1015 809 propellit
1042 734 1118 790 illum
1140 749 1220 805 quam
1246 730 1426 804 longissime.¹

63 818 139 872 ldem
161 814 227 870 totis
256 813 360 870 viribus
381 813 521 879 connixus,
552 821 584 869 ut
604 813 736 885 pumicem
765 812 887 882 ejusdem
908 814 986 869 molis
1007 816 1102 868 eodem
1130 812 1275 884 projiciat,
1306 828 1417 883 scopum

60 911 204 968 nunquam
233 900 405 965 assequetur.
447 893 500 949 Sed
529 897 565 949 ad
593 911 710 965 sapores
739 897 829 950 redeo.
871 894 914 948 llli
941 894 1028 966 igitur
1057 898 1234 964 asportantur
1264 908 1324 947 oum
1348 890 1416 948 locis

61 980 212 1033 Terrarum
238 975 291 1029 sibi
317 973 450 1043 subjectis
471 991 489 1027 a
508 975 612 1031 virtute
631 976 789 1046 magnetica
802 974 929 1040 Telluris,
952 982 982 1029 et
1004 975 1043 1028 sio
1064 975 1207 1047 quiescunt
1227 973 1415 1029 incumbentes

64 1058 163 1113 iisdem
183 1056 329 1147 Templum
350 1053 427 1118 loeis,
450 1055 611 1126 quantisper
631 1072 685 1109 non
707 1072 726 1110 a
745 1055 835 1111 causis
856 1054 993 1125 aliquibus
1014 1055 1199 1148 impelluutur,
1222 1069 1295 1125 quae
1314 1068 1417 1107 causae

61 1156 102 1192 ex
122 1138 218 1191 eodem
239 1152 299 1190 eum
320 1134 387 1205 ipsis
409 1134 514 1206 origine
536 1135 852 1206 naseuntur.1mpulsi
875 1152 941 1190 vero
962 1135 1037 1190 ah'
1018 1152 1052 1190 ns
1073 1133 1179 1199 causis,
1211 1150 1282 1206 quae
1302 1139 1414 1189 rentum

62 1218 186 1282 iaciunt,
223 1215 354 1271 facillime
384 1231 402 1268 a
429 1213 534 1269 catenis
563 1215 618 1268 illis
646 1215 809 1288 magnetiois
832 1215 1033 1270 .'avelluntur
1025 1233 1053 1270 ιιι
1073 1216 1188 1288 plagam
1218 1229 1416 1287 quameunque,

61 1299 146 1371 idque
167 1296 278 1370 aequali
300 1295 400 1366 spatio,
422 1295 445 1349 si
466 1311 551 1350 causa
576 1296 710 1367 aequalis.
752 1295 887 1366 Quippe'
880 1313 906 1349 ru
928 1312 1020 1350 eorum
1048 1303 1124 1352 motu
1148 1311 1202 1349 nou
1229 1293 1417 1350 consideratur

60 1378 209 1450 longitudo
231 1382 337 1433 tractus
358 1392 409 1446 per
434 1375 587 1439 aetherem.
619 1379 667 1431 sed
695 1376 841 1431 multitudo
869 1382 1027 1431 catenarum
1055 1393 1105 1431 seu
1131 1372 1278 1446 longitudo
1308 1376 1415 1429 tractus

61 1461 221 1515 Terrarum.
263 1456 332 1511 Nam
354 1457 389 1510 ad
410 1455 599 1525 trajiciendum
620 1473 671 1527 per
691 1457 833 1511 aetherem
853 1473 906 1510 uon
927 1456 1053 1529 indigent
1072 1473 1124 1511 sua
1144 1471 1245 1524 opera,
1267 1459 1416 1509 contentae

60 1539 168 1594 virtute
188 1536 307 1593 Telluris
328 1553 378 1590 oen
399 1536 473 1590 uari.
515 1539 646 1607 Adeoque
666 1536 814 1609 genuinum
835 1543 880 1590 est
900 1538 1056 1606 exemplum
1075 1535 1155 1592 uaris
1176 1542 1206 1589 et
1226 1542 1365 1589 vectorum
1387 1533 1417 1589 in

60 1637 98 1675 ea
119 1617 337 1682 discursantium,
359 1615 410 1669 nisi
426 1617 496 1687 quod
516 1623 640 1671 vectores
662 1617 740 1671 navis
761 1634 815 1672 uon
835 1616 954 1672 attrahit
973 1617 1132 1688 magnetica
1151 1615 1263 1679 virtute,
1286 1616 1335 1669 sed
1355 1614 1416 1668 solo

60 1705 194 1754 conluto
212 1696 302 1768 rapit,
329 1698 438 1750 eosdem
459 1714 525 1751 vero
546 1698 640 1751 Tellus
662 1697 751 1752 adhuc
778 1697 897 1751 attrahit
916 1714 967 1767 per
986 1696 1135 1769 gravitatis
1157 1695 1301 1758 virtutem,
1333 1702 1442 1765 quam·

60 1779 159 1836 Tellus
181 1795 233 1833 nou
257 1776 435 1832 communicat
456 1784 530 1831 motu
552 1777 638 1840 uaris,
660 1794 776 1848 vapores
796 1784 907 1831 vernet
926 1776 1085 1847 projeotilia
1097 1794 1151 1833 nou
1166 1774 1285 1830 attrahit
1304 1775 1415 1839 aether,

60 1861 158 1930 itaque
180 1875 198 1913 a
218 1859 279 1912 sola
299 1873 350 1911 sua
370 1856 433 1909 nari
455 1852 494 1926 (id
516 1864 560 1911 est
580 1875 598 1911 a
618 1854 743 1926 Tellure)
764 1857 948 1914 attrahuntur.
990 1859 1050 1912 Nou
1072 1857 1165 1930 itaque
1187 1862 1218 1910 ut
1244 1855 1272 1909 in
1292 1854 1355 1910 navi
1377 1872 1415 1909 ex

61 1948 140 1994 motu
165 1938 243 1992 navis
271 1937 435 2007 contingunt
455 1953 597 2007 corporum
614 1937 790 2007 jactationes,
820 1940 881 1992 dum
911 1938 1085 2008 abripiuntur
1105 1952 1221 2007 corpora
1242 1952 1260 1989 a
1280 1935 1348 1989 locis
1379 1934 1413 1988 ιιι

63 2022 225 2083 Terrarum,
257 2019 383 2089 adquae
405 2018 529 2080 tendunt,
552 2019 699 2090 gravitatis
721 2017 877 2081 momentis,
905 2036 971 2081 nou,
992 2019 1115 2090 iuquam,
1144 2017 1183 2071 sio
1203 2015 1286 2070 etiam
1304 2013 1411 2083 jactari

59 2115 175 2154 neeesse
195 2103 240 2152 eat
253 2114 369 2167 corpora
389 2105 491 2160 nostra,
513 2099 575 2151 dum
596 2114 615 2151 a
634 2099 720 2152 Terra
734 2099 915 2168 abripiuntur,
938 2115 1025 2169 neque
1047 2115 1072 2154 n.
1094 2100 1208 2153 tendunt
1223 2112 1258 2148 ea
1272 2097 1305 2149 ad
1327 2095 1414 2150 ullam

60 2185 172 2250 partem
192 2177 330 2241 aetheris,
353 2178 400 2232 sed
421 2179 454 2232 ad
476 2177 559 2232 solius
581 2179 683 2232 Terrae
704 2178 856 2247 subjectum
885 2179 998 2250 planum
1027 2194 1078 2248 per
1097 2186 1211 2232 catenas
1240 2174 1413 2248 magnetioas

61 2259 258 2314 attrahuntur:
289 2275 342 2328 quo
371 2258 403 2311 lit
423 2257 654 2313 demonstratione
674 2259 855 2330 geometrica,
887 2264 920 2312 ut
940 2262 975 2313 ad
996 2264 1118 2313 centrum
1147 2259 1264 2312 tendam
1292 2253 1411 2326 gravia:

59 2339 116 2394 etsi
132 2357 187 2394 nou
206 2340 323 2393 tendunt
336 2339 371 2393 ad
386 2344 508 2393 centrum
528 2344 660 2408 tanquam
684 2340 717 2392 ad
737 2355 794 2394 rem
808 2338 1011 2411 geometricam,
1033 2341 1081 2392 sed
1102 2345 1233 2410 tauquam
1247 2338 1281 2390 ad
1296 2334 1412 2389 medinm

64 2420 189 2512 eorporis
209 2417 325 2474 rotundi
368 2417 427 2472 Nisi
447 2437 474 2473 ιι.
497 2419 583 2472 Terra
607 2421 727 2474 rotunda
752 2429 841 2485 esset,
873 2421 907 2474 ad
937 2419 1008 2475 idem
1027 2418 1088 2487 ejus
1116 2432 1254 2474 commuue
1280 2414 1421 2486 puuctum.

63 2500 159 2555 omnia
178 2499 279 2571 grevia
298 2516 352 2553 uon
373 2500 525 2555 tenderent.

155 2580 208 2634 Hie
228 2587 259 2633 tu
279 2584 347 2649 puto
361 2577 482 2647 objicies,
503 2596 621 2648 vapores
642 2597 696 2633 non
717 2579 790 2634 trahi
805 2597 823 2634 a
836 2581 933 2643 Terra,
955 2595 1015 2633 euru
1035 2577 1126 2649 potins
1147 2577 1259 2652 fugiant
1278 2594 1297 2632 a
1316 2556 1410 2631 Terra.

63 2659 266 2730 Respondeas
257 2677 286 2712 ιιι
306 2675 419 2729 vapore,
441 2675 499 2712 oum
519 2659 578 2713 exit
592 2677 628 2713 ex
643 2661 745 2715 Terrae
765 2660 922 2723 visceribus,
944 2658 1033 2716 inesse
1055 2660 1122 2713 duas
1142 2676 1195 2723 res,
1217 2658 1360 2712 materiam
1380 2663 1411 2710 et

65 2742 195 2804 calorem,
206 2738 252 2810 qui
262 2745 398 2793 extenuat
407 2739 557 2796 materiam.
579 2740 645 2794 Cum
660 2740 745 2813 igitur
758 2746 853 2812 partes
862 2741 978 2811 aliquae
987 2739 1097 2811 saporis
1108 2741 1226 2794 acalore
1241 2743 1412 2793 extenuatae

65 2822 125 2875 sint
143 2820 204 2875 loeo
218 2818 322 2882 humili,
343 2817 490 2889 iisdemque
511 2820 657 2888 superfusa
677 2837 745 2875 aura
759 2821 853 2892 gelida
872 2820 998 2884 crassior,
1020 2822 1051 2875 fit
1070 2819 1157 2891 igitur
1176 2825 1208 2873 ut
1228 2816 1299 2871 siout
1318 2817 1416 2872 vesica¹

63 2907 132 2957 aere
153 2900 266 2955 sufflata
278 2899 406 2953 exsultat
426 2917 463 2955 ex
483 2899 571 2963 undis,
592 2902 686 2955 eadem
707 2901 734 2954 lu
755 2907 821 2956 aere
842 2900 993 2956 constituta
1013 2902 1137 2954 deorsum
1158 2898 1239 2971 eadit,
1261 2898 1300 2951 sic
1321 2896 1411 2953 tenuis

64 2980 226 3037 substantia
244 2978 355 3050 raperis
376 2996 483 3035 sursum
503 2980 662 3049 expellatur
682 2997 701 3035 a
720 2981 881 3037 circumfuso
902 2997 995 3036 crasso
1016 2986 1082 3035 abre
1100 2986 1130 3034 et
1149 2976 1280 3051 graviori.
1312 2978 1410 3049 Itaque

64 3067 232 3133 supernatat
259 3076 339 3114 rarus
367 3066 417 3114 aut
445 3060 549 3114 calidus
569 3076 656 3131 vapor
677 3055 739 3128 (seu
769 3078 946 3134 quaecuuque
965 3055 1125 3130 exhalatio)
1146 3059 1221 3123 aeri,
1252 3058 1419 3130 quantisper·

64 3149 109 3195 est
141 3140 256 3195 tenuior.
297 3139 350 3194 Ubi
379 3138 488 3212 gelidus
516 3141 637 3195 redditus
666 3143 847 3198 condensatus
874 3140 969 3204 fuerit,
1000 3141 1098 3196 iterum
1129 3138 1239 3195 decidit.
1279 3140 1412 3210 Adeoque

63 3239 99 3275 ne
121 3221 210 3276 tumus
232 3219 339 3292 quidem
358 3219 473 3275 ulterius
495 3237 513 3275 a
533 3220 624 3275 Terris
652 3221 727 3284 abit,
758 3239 839 3293 quam
866 3228 1001 3296 urgeatur
1021 3229 1051 3276 et
1071 3222 1231 3291 expellatur
1252 3235 1270 3273 a
1289 3216 1412 3291 graviori

63 3306 140 3358 aero.
174 3300 322 3373 Postquam
337 3318 364 3355 ιι.
378 3300 498 3371 aliquam
513 3300 611 3372 attigit
631 3301 812 3366 altitudinem,
833 3303 946 3358 restitat
966 3302 1003 3356 ibi
1024 3302 1167 3372 pendulus.
1201 3305 1411 3370 Armsmentom,

63 3382 156 3453 ipsum
174 3380 284 3436 ratione
314 3396 382 3435 suae
411 3380 546 3434 materiae
576 3382 664 3435 adhue
693 3381 751 3452 peti
782 3390 811 3436 et
838 3382 911 3438 trahi
932 3400 950 3437 a
971 3383 1069 3446 Terra,
1099 3381 1186 3436 minus
1216 3387 1308 3434 tamen
1330 3395 1410 3451 quam

63 3460 220 3531 subjectum
240 3465 343 3515 aerem.
383 3459 487 3515 Sinon
508 3461 602 3524 credis,
623 3477 741 3531 vapores
769 3469 799 3516 et
817 3464 904 3518 fumos
930 3463 1063 3517 inultum
1089 3463 1201 3516 tendere
1229 3477 1283 3515 nou
1303 3460 1411 3515 ratione

64 3542 125 3596 alia
146 3557 227 3612 quam
247 3540 402 3605 tenuitatis,
425 3543 507 3594 adsta
521 3543 556 3594 ad
577 3540 656 3613 ignes
678 3559 821 3597 succensos
842 3543 960 3605 subdio,
983 3543 1058 3596 claro
1080 3541 1131 3607 die,
1153 3547 1184 3596 ut
1204 3541 1242 3595 sit
1261 3559 1277 3593 e
1298 3540 1411 3611 regione

64 3620 140 3693 ignis
161 3619 253 3691 paries
275 3621 374 3692 aliquis
404 3636 453 3674 seu
473 3636 564 3675 murus
586 3638 646 3676 eum
671 3622 819 3686 coloribus,
851 3622 978 3677 fenestris
999 3622 1115 3693 aliisque
1134 3622 1233 3683 rebus,
1266 3637 1336 3692 quas
1357 3621 1411 3674 dis·

63 3701 225 3757 finctionem
254 3700 365 3756 faciunt.
414 3701 521 3755 Ventus
551 3701 635 3757 etiam
670 3704 776 3773 perflet.
827 3703 938 3757 Videbis
968 3703 1069 3756 fluxum
1099 3704 1231 3773 quendam
1261 3701 1336 3755 clare
1371 3701 1409 3768 lsi

62 3789 166 3837 reatus
186 3776 320 3851 barses)
340 3798 395 3836 nou
415 3781 517 3837 directe
537 3781 565 3835 iu
594 3783 680 3838 altum
702 3785 871 3846 tendentem,
902 3791 979 3838 trans
1000 3800 1078 3854 quem
1099 3782 1212 3851 parietis
1242 3789 1338 3851 partes
1359 3778 1411 3834 tibi

65 3870 186 3917 tremere
206 3861 372 3916 ridebuntur
391 3862 426 3916 ob
446 3862 626 3917 refractiores
647 3863 812 3917 diversorum
834 3863 988 3919 mediorum.

154 3934 203 4001 22)
220 3954 244 4003 p.
267 3935 325 3988 173.
360 3938 496 4005 Propositio
513 3940 576 3990 haeo
594 3947 675 3991 exstat
701 3942 727 3991 ln
745 3940 809 3991 Ptol.
827 3941 925 4006 Almag.
944 3940 989 4000 Ill,
1010 3936 1034 3989 ³.
1070 3940 1160 4004 Georq·
1179 3938 1329 3991 Purbachiua
1353 3952 1409 3990 eam

65 4009 178 4075 explleat
204 4011 230 4060 ιιι
249 4009 389 4067 ¹,Theoriols
415 4012 484 4061 noris
505 4011 686 4074 planetarum,“
705 4026 766 4076 quas
784 4012 878 4063 Erum.
897 4011 1049 4063 Rsinholdns
1068 4011 1254 4061 Commentariis
1280 4010 1411 4061 ihustrarlt

62 4082 163 4143 (Vocet.
183 4076 276 4142 1542),
304 4082 385 4131 orbem
414 4095 541 4132 ιιιιιιιιιιιι
567 4082 685 4139 solidum,
715 4082 866 4149 ,epieyolum
893 4082 1067 4134 delerentem.“
1106 4080 1177 4142 Quae
1195 4081 1339 4133 Aristotelea
1356 4078 1409 4143 (De

64 4152 141 4203 Coelo
159 4151 194 4208 ll,
215 4149 255 4202 13.
274 4150 385 4216 ιιιιιιριι.
404 4153 461 4206 xn.
480 4150 519 4212 8.)
537 4153 568 4203 de
586 4153 679 4203 Eudoxi
704 4161 730 4203 ot
748 4154 844 4219 Calippi
867 4154 1039 4218 hypothesibus
1057 4154 1171 4212 ιιιιιιιιιι,
1198 4152 1304 4217 pluribus
1321 4167 1407 4217 propo·
1459 4166 1464 4177 “

63 4226 116 4274 suit
133 4223 258 4288 Koplems
275 4224 300 4272 iu
320 4224 440 4289 Apologia
457 4223 581 4287 Trebonio
599 4232 685 4275 contra
702 4225 734 4274 B.
754 4225 842 4277 Ursum
861 4226 927 4284 (Vol.
948 4225 968 4282 l,
986 4242 1010 4290 p.
1030 4222 1080 4274 ἰιι
1099 4223 1144 4284 ιι.)
1411 4224 1419 4239 ’

155 4291 202 4357 ²³)
224 4310 249 4359 p.
278 4291 334 4342 127.
371 4294 421 4345 Jul.
450 4293 563 4345 Caesaris
591 4294 757 4363 Scaligerl
783 4297 965 4349 Exoterlcarum
991 4297 1200 4347 Exercitationum
1227 4295 1267 4344 lib.
1294 4293 1348 4343 XV.
1376 4293 1408 4345 de

64 4366 209 4416 Subtilitate
228 4364 421 4416 adcardanum.
458 4365 541 4417 Latet
562 4365 638 4416 1357.
674 4369 704 4419 ln
721 4369 826 4419 Exarsit
846 4367 971 4419 eccm.
990 4366 1016 4417 8.
1035 4368 1150 4434 legimus:
1168 4367 1251 4415 oifiola
1268 4365 1407 4430 intelligen-

64 4439 158 4488 tiarum
170 4437 220 4487 tria
230 4444 296 4487 sunt.
328 4436 449 4487 Primum:
469 4439 600 4496 ιιιιιιοιις
620 4438 721 4490 altorum
731 4456 737 4487 ι
755 4442 819 4491 mitti
831 4440 864 4491 ad
882 4446 950 4490 certa
961 4442 1078 4503 mysteria
1090 4444 1116 4489 et
1126 4438 1273 4493 ιιιιιιιιιιιιιι
1292 4438 1407 4485 tertium:

63 4523 163 4559 morere
181 4510 261 4558 orbes.
293 4507 367 4558 Primi
385 4509 448 4559 orbis
465 4512 551 4559 motrlx
570 4510 735 4576 intelligentia
751 4510 805 4561 sola
822 4513 859 4561 sul
878 4511 953 4576 ipsius
971 4511 1136 4561 intellectione
1154 4509 1177 4557 id
1197 4514 1315 4571 praestat.
1333 4505 1405 4556 latal-

63 4579 122 4644 liglt
139 4581 260 4635 enimse
279 4578 368 4628 aDao
386 4588 503 4638 creatam,
522 4589 551 4631 ut
568 4582 656 4633 molem
676 4583 736 4633 coeli
752 4596 812 4650 pyro
831 4584 917 4649 agitet.
947 4582 1049 4633 luierlor
1066 4580 1230 4645 iutehlgeutia
1246 4576 1407 4642 intelligendo

64 4651 168 4714 primam
187 4651 239 4700 vult
258 4651 338 4700 orbano
357 4666 426 4700 suum
445 4654 587 4717 comprimi
607 4654 670 4703 orbis
687 4661 755 4705 motu
773 4654 845 4704 slmul
863 4656 952 4705 versari
971 4651 1015 4704 dc.

155 4722 242 4786 Comp.
262 4721 316 4770 Vol.
336 4720 357 4779 Ι,
376 4738 398 4786 p
420 4720 469 4770 173
489 4737 521 4772 ιι
542 4721 592 4773 tao
610 4740 642 4774 ιι.
671 4726 782 4791 Epitome
800 4730 866 4776 Διιι.
888 4726 946 4791 Cep.
960 4724 1005 4775 ll.
1024 4721 1123 4787 parsi.
1144 4718 1242 4770 liro-02

155 4789 246 4859 alp
268 4790 325 4841 178
356 4793 484 4844 Διιιιιιιι
501 4793 619 4852 (Ababali
631 4797 747 4847 lllhuaein
764 4798 809 4847 Ibu
826 4795 945 4859 abdalla)
964 4794 1134 4846 oelsbsnimna
1144 4791 1260 4841 modicus
1277 4798 1304 4840 et
1326 4790 1404 4855 philo-

63 4862 331 4960 Um
347 4864 383 4927 (⁰0
401 4864 476 4927 TW
492 4878 544 4925 ⁸00
566 4865 608 4930 ¹³)
626 4867 713 4927 mmo
732 4866 878 4941 asumpsit
893 4864 951 4931 ,ne
962 4864 1046 4924 Stella
1061 4864 1132 4963 llxla“
1151 4877 1223 4929 quem
1241 4861 1322 4919 Batti
1338 4862 1406 4916 loos
