3368 5534
694 333 734 389 De
752 334 861 389 Motibus
878 335 972 389 Stellae
989 335 1078 388 Martis

751 551 870 650 Caput
895 549 1024 627 XXX.

457 681 582 745 ruma
604 682 776 747 acuamus
800 685 887 748 solu
910 705 931 748 a
955 666 1060 748 reba
1082 684 1209 767 quaqua
1229 702 1316 749 aaa.

128 870 131 875 Ι
303 796 337 857 In
360 796 439 858 hunc
462 798 580 858 modum
605 808 776 862 exstructas
799 796 962 862 distantias
980 798 1061 861 Solis
1085 808 1227 880 tanquam
1250 801 1287 861 ad
1304 801 1440 878 integros
1451 797 1560 878 gradm

210 884 377 946 anomaliae
401 896 585 966 coaequatae
610 890 703 950 totius
720 889 904 951 semicirculi·
921 892 1005 959 (narn
1021 908 1096 968 quae
1113 889 1141 950 in
1161 890 1257 952 altero
1277 887 1468 951 semicirculo
1482 898 1560 960 aunt,

209 972 377 1056 aequaliter
409 975 447 1037 ab
481 994 616 1056 apogaeo
649 977 798 1040 distantes
822 979 976 1046 cumbis,
1001 978 1142 1058 aequales
1166 998 1281 1060 quoqne
1305 976 1464 1050 suntbis)
1488 995 1562 1037 con-

205 1065 334 1144 jecimus
357 1063 405 1126 hio
428 1064 458 1125 in
483 1066 637 1141 tabellam,
662 1069 746 1147 cnjus
771 1068 926 1129 columnae
951 1076 1013 1129 tres
1037 1075 1117 1129 sunt.
1164 1068 1199 1128 In
1222 1067 1333 1148 prima,
1365 1085 1456 1147 quam
1481 1065 1559 1127 dixi·

208 1173 274 1216 mus
298 1153 479 1215 anomaliam
503 1155 641 1231 mediam,
667 1165 738 1219 sunt
761 1158 862 1237 anguli
886 1159 972 1234 ὀβμ,
992 1157 1078 1231 ᾱβθ,
1100 1154 1179 1234 ddi,
1196 1158 1269 1234 δβι,
1294 1158 1374 1233 dds,
1400 1154 1560 1235 compositi

209 1263 246 1305 ex
269 1248 349 1318 ᾱαμ,
365 1248 450 1317 dod,
465 1241 547 1319 ᾱαξ,
565 1248 635 1319 dac,
652 1251 715 1308 dar
733 1246 916 1324 integromm
927 1246 1071 1325 graduum
1085 1245 1213 1325 angulis,
1230 1255 1261 1306 et
1275 1265 1313 1307 ex
1327 1264 1430 1307 eorum
1446 1263 1559 1324 aequa·

207 1334 338 1395 tionibus
361 1333 469 1414 optiois
492 1353 545 1395 seu
570 1336 709 1409 eccentri‚
734 1345 807 1415 puta
830 1338 849 1412 β
857 1361 915 1413 μα,
936 1337 1020 1412 fida,
1038 1332 1119 1410 βξα,
1143 1334 1224 1412 dac,
1248 1336 1323 1412 βεα.
1371 1334 1404 1395 ln
1429 1334 1561 1395 secunda

208 1421 372 1484 distantiae
409 1423 493 1502 ipsae
516 1446 536 1484 α
544 1448 583 1499 μ,
606 1429 671 1498 αθ,
691 1423 747 1498 αξ,
770 1449 822 1498 αι,
838 1448 881 1487 aa
904 1424 1088 1486 collocantur
1112 1445 1128 1486 e
1152 1425 1283 1502 regione.
1330 1424 1364 1485 In
1389 1422 1483 1485 tertia
1507 1421 1559 1483 sub

206 1512 294 1573 titulo
320 1511 488 1573 anomaliae
513 1522 697 1594 coaequatae
723 1513 908 1576 collocantur
932 1512 1034 1592 anguli
1057 1513 1106 1574 hic
1131 1533 1187 1575 non
1213 1513 1332 1591 depicti,
1358 1513 1413 1574 sed
1436 1531 1560 1593 quorum

205 1600 329 1680 originis
360 1601 437 1662 ratio
470 1603 581 1681 partim
609 1603 670 1682 jam
694 1603 814 1675 statim,
837 1603 949 1682 partim
982 1601 1131 1681 capitibus
1154 1602 1274 1664 XXXI.
1298 1602 1366 1664 XL,
1391 1602 1557 1680 detegetur.

204 1689 350 1751 Existunt
391 1699 492 1751 autern
531 1711 584 1770 por
620 1692 855 1754 subtractionem
893 1690 1103 1772 aequationum
1142 1692 1308 1771 opticarum
1342 1692 1422 1769 αμβ
1456 1699 1514 1752 ειε.
1542 1711 1559 1750 a

205 1785 278 1856 dap
301 1787 358 1841 etc.
420 1781 527 1860 Itaque
556 1780 630 1859 ipsis
662 1787 731 1857 dap
761 1783 879 1860 angulis
912 1783 1095 1859 integrorum
1119 1781 1262 1860 graduum
1285 1781 1399 1843 nullam
1424 1780 1560 1841 dedimus

206 1870 387 1943 columnam,
428 1869 499 1948 quia
527 1880 598 1931 sunt
626 1871 754 1931 medium
788 1870 1009 1931 arithmeticum
1046 1870 1124 1931 inter
1153 1870 1354 1932 columnarum
1389 1869 1559 1931 lateralium

205 1959 330 2038 angulos
370 1967 402 2019 et
439 1959 481 2020 sic
509 1978 542 2018 sc
576 1959 650 2038 ipsis
684 1960 770 2020 facile
795 1958 1015 2038 intelliguntur,
1051 1979 1105 2020 neo
1130 1959 1195 2020 usui
1220 1969 1304 2032 sunt,
1335 1967 1369 2020 ut
1392 1960 1558 2021 audiemus.

293 2048 452 2126 Ingressus
483 2066 553 2127 ergo
582 2067 649 2110 curn
679 2049 830 2109 anomalia
858 2050 957 2110 media
980 2049 1027 2109 vel
1052 2056 1237 2128 coaequata,
1261 2057 1349 2130 prout
1374 2067 1448 2109 usus
1474 2049 1557 2120 leret,

205 2137 347 2201 utralibet
371 2137 400 2197 in
424 2156 480 2198 sua
501 2138 623 2217 propria
647 2140 785 2199 columna
809 2139 956 2218 quaesita,
980 2137 1029 2197 vel
1052 2157 1118 2199 cnm
1142 2139 1316 2200 alterutrius
1338 2137 1558 2216 complemento

204 2228 244 2289 ad
267 2226 416 2306 integrum
441 2226 592 2302 circulum,
617 2227 666 2288 ubi
691 2226 907 2289 semicirculum
930 2227 998 2306 ipsa
1022 2228 1196 2301 excesserit,
1220 2227 1353 2288 invenies
1378 2226 1555 2287 distantiam

204 2317 287 2380 Solis
312 2336 330 2376 a
353 2316 447 2376 Terra
477 2318 665 2396 quaesitam,
697 2317 725 2377 in
749 2317 887 2396 partibus
911 2315 1040 2396 qualium
1072 2317 1174 2378 radius
1197 2316 1278 2379 orbis
1303 2326 1352 2379 est
1374 2313 1507 2379 100000
1529 2325 1559 2376 ει

205 2403 419 2469 eccentricitas
447 2401 542 2468 1800.
1315 2454 1320 2460 .

293 2494 408 2555 Vemm
432 2503 489 2570 est,
514 2495 592 2575 qnod
616 2494 672 2555 hoo
695 2502 785 2573 pacto
810 2493 895 2566 (dum
919 2492 1097 2555 distantiam
1120 2489 1165 2565 αζ
1189 2492 1290 2573 anguli
1314 2489 1383 2568 όαζ
1401 2494 1559 2556 tribuimus

205 2583 328 2665 angulo,
360 2582 410 2663 qni
439 2590 525 2644 tanto
557 2591 605 2644 est
627 2582 722 2644 minor
745 2584 811 2662 ipso
835 2578 922 2657 ᾱαζ,
953 2592 1063 2662 quanto
1087 2580 1154 2655 ᾱαζ
1172 2584 1267 2645 minor
1290 2591 1337 2644 est
1362 2602 1454 2665 qnam
1477 2581 1557 2661 δβζ)

205 2672 359 2753 affingitur
392 2670 527 2734 circuitui
551 2673 663 2734 Terrae
696 2672 760 2747 (vel
784 2670 882 2745 Solis)
912 2672 993 2733 circa
1017 2694 1037 2733 α
1060 2671 1111 2734 via
1133 2691 1190 2733 non
1213 2673 1302 2753 plane
1326 2672 1484 2736 circularis
1508 2672 1559 2734 sed

207 2761 316 2826 ovalis.
363 2760 443 2824 Nam
467 2761 537 2841 quia
561 2761 706 2841 (exempli
730 2761 846 2840 gratia)
871 2760 1018 2822 distantia
1045 2758 1093 2832 αζ
1112 2770 1268 2823 exstructa
1287 2768 1335 2824 est
1349 2780 1403 2842 per
1419 2761 1558 2842 angulum

206 2848 280 2926 όαζ
310 2847 370 2914 900
398 2850 596 2931 integrorum,
634 2860 666 2911 et
694 2850 824 2931 positum
855 2850 910 2911 luit
934 2851 962 2911 in
988 2850 1173 2929 operatione,
1197 2851 1275 2912 hunc
1298 2848 1369 2924 δαζ
1390 2871 1460 2912 esse
1484 2870 1557 2912 ano·

206 2942 329 3006 maliam
353 2947 565 3020 coaequatam,
585 2941 743 3020 jamvero
763 2939 879 3019 juberis
904 2940 1067 3001 distantias
1092 2959 1251 3020 excerpere
1270 2959 1325 3020 per
1339 2941 1469 3020 angulos
1485 2961 1558 3002 ano-

205 3031 325 3103 maliae,
351 3048 426 3109 qnae
450 3030 480 3090 in
504 3037 608 3091 nostra
631 3028 736 3090 tabula
759 3039 926 3107 coaequata
950 3029 1077 3112 dicitur,
1105 3029 1266 3090 diminutos
1290 3030 1558 3110 prostbaphaeresi

205 3117 288 3201 βαζ,
322 3117 449 3200 ideoque
474 3118 600 3192 accidit,
634 3127 668 3179 ut
696 3137 750 3197 per
778 3115 821 3181 90
845 3138 901 3180 non
927 3138 1071 3198 excerpas
1095 3115 1218 3187 99984,
1252 3137 1318 3180 cum
1350 3127 1453 3183 tamen
1477 3119 1558 3200 prius

205 3231 259 3291 per
279 3205 321 3272 90
345 3208 530 3270 exstruxeris
545 3203 672 3271 99984ε
697 3228 768 3268 ηερε
784 3207 831 3267 hio
850 3209 916 3287 jam
932 3228 948 3267 e
964 3209 1083 3288 regione
1103 3204 1343 3271 99981ἰεεειιίε
1362 3219 1559 3290 coaequatam

207 3296 267 3364 88⁰
291 3296 344 3361 58⁴
369 3299 422 3371 7⁴⁴,
445 3318 521 3378 quae
545 3317 602 3357 non
627 3306 676 3357 est
699 3304 770 3358 tua:
796 3298 949 3377 proposita
973 3307 1021 3358 est
1036 3316 1160 3378 namque
1175 3297 1230 3359 tibi
1245 3293 1314 3370 900,
1339 3317 1416 3378 quae
1437 3298 1558 3359 inferius

207 3389 344 3470 quaesita
368 3387 488 3449 exhibet
512 3383 631 3460 99953,
656 3405 722 3447 cum
742 3405 779 3446 ex
793 3387 858 3468 lege
874 3386 974 3448 circuli
998 3383 1043 3457 αζ
1062 3387 1109 3448 vel
1134 3408 1181 3463 αη
1204 3385 1340 3447 debuerit
1353 3406 1423 3449 esse
1440 3382 1558 3450 99981.

160 3434 312 3557 'ltaque
343 3495 446 3537 omnes
480 3475 643 3538 distantiae
667 3476 836 3537 minuuntur
860 3477 898 3536 ad
923 3478 1035 3550 latera,
1064 3475 1192 3537 maxime
1224 3475 1304 3536 circa
1326 3472 1357 3549 ζ,
1376 3498 1408 3552 q,
1433 3477 1507 3538 nibil
1529 3477 1557 3537 in

208 3574 241 3644 ὅ,
266 3591 288 3627 ε.
343 3563 410 3636 Quo
437 3575 526 3644 pacto
554 3567 642 3647 plane
671 3564 767 3626 ovalis
797 3584 851 3643 pro
879 3565 1015 3626 circulari
1053 3566 1102 3627 sia
1131 3564 1331 3626 substituitur.
1387 3566 1473 3627 Idem
1506 3564 1558 3627 tibi

207 3655 333 3729 eveniet,
358 3654 385 3715 si
407 3674 462 3734 per
477 3655 657 3716 anomaliam
677 3654 807 3715 mediam
822 3653 877 3715 tibi
893 3654 1011 3715 aliunde
1027 3655 1158 3716 oblatam
1176 3654 1267 3715 fueris
1282 3653 1446 3741 ingressus.
1482 3655 1559 3717 Nam

212 3744 362 3808 anomalia
386 3744 484 3805 media
506 3743 623 3805 notavit
646 3762 745 3822 supra,
771 3762 836 3804 curn
861 3744 981 3805 schema
1004 3742 1237 3818 describeretur,
1273 3743 1400 3822 angulos
1429 3744 1510 3825 apud
1532 3768 1555 3823 y.

209 3834 280 3897 ‚lam
303 3840 403 3894 autern
427 3832 594 3913 ingrederis
612 3851 666 3912 per
681 3833 806 3911 angulos
822 3834 900 3913 apud
924 3835 951 3910 β,
976 3833 1105 3894 minores
1120 3833 1181 3894 illis
1196 3833 1234 3893 ad
1257 3854 1272 3910 γ
1293 3833 1559 3914 prostbapbaeresi

211 3923 321 4006 optica.
367 3921 409 3983 Et
433 3918 492 3984 910
517 3919 546 3984 10
570 3920 634 3985 530
658 3921 826 3983 anomaliae
849 3922 966 3984 mediae
991 3922 1112 3983 exhibet
1135 3922 1190 3982 tibi
1214 3917 1333 3986 99984.
1372 3921 1474 4004 Supra
1489 3942 1558 3985 raro

212 4020 315 4076 tantus
339 4020 406 4073 erat
428 4006 506 4089 όβζ,
530 4030 625 4091 neque
649 4020 749 4072 tamen
774 4011 813 4072 ibi
830 4021 895 4073 erat
918 4012 1068 4073 anomalia
1091 4011 1197 4084 media,
1223 4030 1291 4072 nam
1315 4010 1368 4072 illa
1384 4012 1486 4075 tirerat
1500 4009 1563 4092 dy(

212 4103 308 4165 adhuc
338 4101 449 4180 major:
483 4101 582 4181 itaque
614 4097 674 4164 91⁰
703 4097 733 4162 1²
761 4097 825 4162 530
863 4101 1012 4162 anomalia
1042 4101 1095 4162 illa
1126 4100 1224 4161 media
1254 4108 1467 4165 construxerat
1499 4103 1558 4164 illic

215 4192 380 4271 longiorem
413 4190 602 4265 distantiam,
651 4210 737 4270 quam
777 4190 910 4271 ejusdem
943 4190 990 4252 hic
1022 4189 1234 4270 magnitudinis
1273 4190 1426 4253 anomalia
1463 4192 1561 4253 messia

212 4276 638 4347 91⁰1‘53“hiocxhibet.
684 4281 835 4353 Totum,
874 4281 1007 4361 inquam,
1046 4280 1101 4341 hoc
1132 4298 1254 4340 verum
1278 4287 1352 4342 est.
1401 4280 1464 4342 Sed
1488 4281 1560 4343 nihil

215 4379 281 4442 est,
311 4386 363 4431 cur
392 4377 423 4430 te
452 4369 589 4448 impediri
618 4369 754 4449 patiaris.
804 4368 940 4443 Etenim,
974 4369 1043 4449 quia
1075 4369 1111 4430 de
1145 4368 1230 4430 unius
1255 4368 1366 4448 gradus
1389 4370 1560 4433 differentia

214 4460 322 4540 agitur,
347 4457 431 4519 vides
456 4457 617 4519 distantias
640 4459 721 4520 intra
743 4478 831 4519 unum
855 4460 979 4538 gradum
1002 4477 1060 4520 non
1075 4457 1142 4537 pius
1158 4454 1196 4519 31
1216 4457 1372 4537 particulis
1387 4459 1425 4520 de
1441 4469 1560 4523 centnm

217 4547 348 4611 mullibus
372 4546 496 4609 variari:
522 4548 621 4629 itaque
646 4547 719 4609 nibil
742 4546 883 4608 sensibile
907 4558 1064 4621 erraretur,
1089 4547 1146 4609 etsi
1170 4546 1224 4609 hoc
1247 4554 1441 4629 praepostere
1465 4550 1559 4612 tieret

215 4636 346 4700 Causam
370 4643 469 4698 autem
491 4636 578 4716 hujus
602 4636 655 4711 rei,
681 4636 820 4714 analogia
843 4645 1007 4699 ceterorum
1029 4637 1219 4718 planetarum
1241 4635 1333 4698 etiam
1356 4635 1386 4700 in
1410 4638 1559 4702 theoriam

214 4724 295 4788 Solis
325 4725 541 4799 deducendam,
571 4725 648 4786 inira
679 4742 744 4803 cap.
768 4723 883 4786 XLIV.
908 4734 1023 4807 etseq.
1060 4725 1203 4787 invenies.
1250 4725 1319 4789 Non
1342 4724 1445 4808 itaque
1468 4746 1559 4810 prae·

215 4823 346 4892 postera,
369 4815 423 4879 sed
446 4814 611 4877 recussims
634 4814 690 4875 hoc
713 4814 756 4887 tit,
780 4814 858 4895 qnod
881 4815 1058 4897 qualitatem
1079 4815 1190 4878 attinet
1208 4814 1321 4896 figurae
1337 4818 1560 4900 quamplaneta

217 4902 359 4965 describit
382 4901 562 4981 suppositae.
