3368 5534
450 318 481 372 ds
499 318 689 371 mnsam·
706 316 738 370 de
756 323 825 373 motu
842 320 932 373 atellae
947 319 1045 373 stares.
1373 320 1417 388 69

53 498 276 577 superioribus.
316 498 424 578 Itaque
439 495 647 562 MartisrinO
670 500 776 561 tardus
792 508 840 560 est
858 506 957 560 motus
980 497 1062 560 eirca
1075 496 1127 579 Q,
1151 499 1182 560 in
1196 500 1226 562 Η
1247 498 1419 574 mediocris,

53 587 82 648 in
106 589 135 648 F
159 588 260 649 velox.
308 587 433 651 luterim
455 595 557 650 tamen
585 589 722 669 aequalis
750 596 854 651 manet
881 596 980 648 motus
1004 588 1084 650 cirea
1106 589 1133 649 B
1156 596 1302 651 centrum.
1349 590 1416 652 Hoc

54 676 146 737 modo
171 675 289 750 titillo,
317 694 407 756 quam
429 677 633 757 superioribus
657 677 755 739 literis
779 677 870 751 innui,
896 677 1016 756 figura
1044 677 1176 739 uvalis.
1222 678 1303 740 Nam
1327 679 1416 741 eitius

51 765 83 826 in
107 767 140 827 fl
164 766 250 828 venit
284 766 416 846 facitque
446 766 625 829 distantiam
651 768 729 840 AH,
765 785 855 847 quam
888 766 969 827 circa
992 763 1032 843 Q
1067 766 1097 827 in
1129 768 1227 829 locum
1241 787 1269 828 -a
1291 767 1317 827 B
1340 787 1418 848 qua-

55 855 201 916 dratum:
241 854 395 927 breviores
417 855 533 936 ¹itaque
570 856 609 916 ad
648 856 746 917 latera
778 875 832 936 seu
863 854 894 915 in
926 854 1163 933 longitudinibus
1200 856 1308 918 mediis
1345 857 1419 922 liunt

55 944 236 1019 distantiae,
263 963 352 1024 quam
376 944 454 1007 ratio
477 945 605 1024 perfecti
629 945 732 1007 circuli
757 943 918 1006 eccentrici
942 943 1047 1024 exigit,
1073 951 1105 1004 et
1118 945 1289 1007 differentia
1311 963 1418 1009 versus

55 1032 235 1113 perigaeum
259 1031 357 1112 major
379 1041 444 1103 est,
475 1053 563 1114 quam
588 1053 693 1112 gersus
721 1052 906 1114 apogaeum:
941 1051 1017 1111 quae
1037 1032 1125 1112 justa
1148 1034 1283 1096 delinitio
1303 1033 1418 1115 figurae

56 1120 155 1183 oralia
180 1128 240 1183 est.
287 1121 393 1195 Porro,
417 1141 494 1202 quae
517 1122 597 1186 ratio
622 1135 671 1185 est
693 1133 792 1184 motus
816 1130 852 1196 d,
877 1121 983 1182 eadem
1011 1122 1241 1186 acceleratiouis
1264 1122 1369 1204 puncti
1392 1125 1420 1187 B
1460 1120 1463 1127 ’

56 1229 152 1273 causa
174 1219 301 1273 nostrae
325 1211 556 1292 intelligentiae.
602 1209 638 1273 Si
659 1212 708 1273 vis
732 1211 830 1286 scire,
859 1209 888 1271 in
913 1228 970 1291 quo
998 1211 1095 1290 gradu
1125 1213 1293 1275 celeritatis
1316 1212 1358 1285 sit
1381 1219 1417 1287 (ς,

57 1319 169 1380 quaere
198 1318 256 1380 per
285 1301 465 1385 anomaliam
498 1300 663 1381 simplicem
696 1301 762 1380 ejus
787 1322 805 1361 a
829 1297 869 1375 Q
894 1299 1083 1362 distantiam.
1129 1302 1175 1365 At
1202 1302 1228 1363 si
1252 1301 1299 1363 ris
1322 1302 1420 1365 locum

58 1389 147 1464 scire,
173 1395 297 1469 oportet
319 1389 411 1465 seim,
445 1398 588 1470 quantum
612 1390 820 1452 accumulatae
851 1407 955 1453 omues
978 1388 1017 1450 ah
1041 1408 1177 1470 apogaeo
1202 1390 1365 1454 distantiae
1389 1390 1421 1451 iu

62 1478 96 1540 iis
117 1478 330 1558 temporibus,
362 1478 392 1541 in
417 1498 494 1560 quae
517 1479 655 1559 singulae
688 1479 870 1552 inciderunt,
901 1477 931 1538 iu
955 1486 1038 1539 motu
1070 1479 1234 1543 effecerint.
1280 1480 1327 1541 At
1353 1496 1422 1542 cum

62 1566 197 1628 infinitae
223 1567 285 1628 sint
307 1568 495 1641 distantiae,
529 1568 598 1648 qnia
620 1568 737 1630 infinita
760 1569 795 1641 F,
813 1566 860 1641 ,0,
886 1568 924 1641 Η,
948 1568 975 1641 Ι,
1001 1565 1026 1629 C
1050 1564 1183 1647 puncta,
1213 1575 1245 1631 et
1267 1569 1339 1631 illae
1361 1584 1421 1629 nou

60 1657 233 1736 aequaliter
255 1675 380 1737 sparsae
404 1675 458 1735 per
480 1657 636 1720 circuitum
660 1658 743 1719 circa
758 1654 814 1733 Q,-
835 1656 1033 1717 confertiores
1057 1657 1136 1719 enim
1156 1676 1232 1738 quae
1257 1656 1420 1738 longiores,

58 1747 129 1827 quia
148 1745 196 1808 ibi
220 1754 248 1816 ό
271 1747 394 1820 tardus,
419 1746 588 1826 sparsiores
612 1766 688 1827 qnae
714 1747 885 1818 breviores,
916 1744 964 1806 hic
987 1745 1073 1807 vides
1103 1748 1312 1810 difficultatem
1335 1764 1420 1809 com-

60 1835 270 1915 putandi'loci
293 1835 454 1899 eccentrici
477 1855 515 1898 ex
535 1837 700 1918 hypothesi
724 1854 798 1896 vera
821 1841 852 1894 et
875 1832 1012 1915 physica.

143 1925 261 1987 Modus
283 1932 385 1986 tamen
417 1924 475 1987 iste
509 1937 570 1988 est:
604 1924 705 1986 divido
737 1923 893 1986 circuitum
925 1924 954 1984 in
984 1919 1069 1985 36⁰⁰
1096 1929 1127 1984 et
1153 1924 1232 2004 fingo
1263 1926 1418 2004 planetam

57 2012 175 2076 moveri
196 2013 366 2094 aequaliter
380 2014 530 2094 quamdiu
552 2015 581 2075 in
606 2033 663 2076 uno
687 2021 745 2075 est.
783 2014 832 2075 lta
848 2012 950 2073 ordine
970 2011 1009 2073 ah
1033 2029 1169 2091 apogaeo
1192 2016 1322 2076 omnium
1346 2033 1419 2093 gra·

56 2104 144 2165 dumn
168 2121 273 2164 morae
296 2111 490 2182 computatae
513 2104 588 2164 daut
610 2105 752 2184 cujusque
772 2100 964 2163 anomaliam.
1002 2102 1085 2162 Idem
1100 2101 1236 2181 intellige
1251 2103 1418 2183 peremnia
1438 2139 1440 2143 ν

56 2190 101 2274 (in
124 2192 249 2273 depicto
265 2188 426 2253 'schemate
450 2192 587 2266 Terrae).
633 2193 718 2254 llaec
742 2209 813 2270 ergo
843 2190 940 2252 omnis
968 2189 1146 2272 hypothesis
1172 2207 1210 2269 (ς.
1257 2191 1416 2273 Propertio

57 2281 135 2344 orbis
161 2285 189 2358 ὅ
215 2281 253 2342 ad
286 2281 391 2343 orbem
414 2296 440 2358 (ς
462 2304 501 2335 =
530 2278 659 2345 100000
677 2303 684 2343 :
705 2276 850 2354 152518,
884 2279 995 2340 circelli
1025 2281 1050 2354 ὅ
1083 2280 1307 2343 semidiameter
1342 2278 1415 2355 180,

58 2365 513 2448 61116οΘ,ὀὶ02000.
559 2371 639 2432 Nodi
662 2387 687 2449 (ς
707 2371 737 2433 in
764 2365 824 2431 16⁰
845 2367 899 2432 20‘
923 2368 959 2443 ὅ,
984 2379 1029 2446 tq.

142 2459 216 2522 Jam
241 2460 353 2532 dicam,
388 2459 459 2540 quid
486 2460 557 2521 mihi
580 2460 659 2520 iuter
682 2459 870 2521 s'cribeudnm
901 2458 1005 2519 incidit-
1035 2466 1066 2519 et
1090 2459 1237 2538 quomodo
1261 2459 1416 2541 physicam

57 2549 133 2611 hauc
157 2549 321 2622 rationem,
345 2547 439 2610 salvis
466 2549 603 2612 omnibus
632 2569 708 2630 quae
732 2547 818 2608 nobis
842 2554 983 2626 prostant
1005 2538 1171 2620 allicienda,
1198 2548 1418 2612 concinniorem
1512 2574 1515 2579 ·

57 2638 264 2719 imaginemur.
311 2637 394 2700 Nam
416 2637 536 2700 videtur
558 2639 681 2714 durum,
705 2637 859 2716 planetam
887 2635 961 2698 eniti
985 2655 1001 2697 e
1024 2637 1136 2699 virtute
1170 2633 1227 2712 Q,
1258 2638 1337 2719 qnod
1368 2647 1419 2700 est

58 2727 205 2790 naturalis
230 2727 401 2801 facultatis,
433 2736 479 2788 et·
493 2727 610 2788 iuterim
640 2726 818 2788 innitendo
841 2726 1004 2798 remittere,
1030 2725 1196 2799 intendere,
1220 2744 1274 2804 pro
1297 2726 1430 2788 ratione·

58 2817 228 2898 exigentiae
251 2816 370 2892 circuli,
403 2816 579 2897 aequalibus
602 2815 788 2896 temporibus
812 2814 952 2892 aequalia
973 2814 1075 2892 spatia
1098 2815 1304 2891 describendi,
1337 2816 1417 2896 quod

59 2919 104 2969 est
122 2905 270 2968 animalis
289 2905 456 2968 facultatis.
498 2903 680 2967 Conciunius
695 2904 779 2964 esset
793 2911 826 2964 nt
841 2922 958 2964 omnem
979 2903 1154 2964 facultatem
1169 2906 1337 2968 naturalem
1351 2904 1419 2967 Soli

57 2995 305 3069 transscriberes,
330 2995 377 3057 cui
399 2994 562 3056 maximam
592 3004 711 3074 partem
742 2991 1001 3065 transscribimus;
1034 2992 1176 3071 planetae
1200 3013 1272 3057 vero
1299 3002 1418 3056 tantum

56 3084 294 3147 intellectualem
309 3083 479 3164 quampiam
501 3084 678 3145 facultatem
697 3083 907 3155 tribueremus,
932 3082 978 3142 cui
994 3100 1051 3141 non
1067 3081 1180 3143 viribus
1194 3084 1248 3144 sed
1263 3083 1328 3145 solo
1344 3092 1417 3146 nutu

58 3193 129 3255 opus
153 3180 250 3234 esset.
297 3174 372 3233 ltem
396 3175 426 3234 iu
450 3173 540 3252 priori
564 3173 652 3235 modo
676 3171 829 3233 obscurior
852 3170 971 3233 videtur
992 3170 1072 3231 ratio
1095 3171 1216 3234 virtutis
1235 3191 1251 3232 e
1269 3170 1309 3250 Q
1326 3190 1415 3252 egre-

56 3260 178 3334 dientis,
202 3270 343 3342 optamus
367 3261 579 3324 dilucidiorem.
620 3262 785 3340 Utrumque
800 3278 889 3341 spero
904 3279 951 3321 me
976 3259 1093 3321 efficere
1107 3278 1199 3340 posse
1218 3281 1272 3341 per
1295 3262 1418 3324 modum

57 3352 106 3432 qui
130 3352 279 3431 sequitur.
326 3348 389 3412 Via
411 3353 553 3430 planetae
576 3370 630 3431 per
653 3369 686 3410 se
708 3350 739 3411 iu
768 3350 887 3413 circulo.
910 3367 1019 3429 magno
1048 3357 1110 3410 est:
1142 3370 1211 3412 narn
1242 3352 1417 3431 parallaxes

55 3441 129 3503 nihil
153 3440 196 3502 ad
218 3440 332 3521 ipsum3
355 3440 459 3502 demus
482 3440 555 3521 ergo
579 3449 612 3503 ut
634 3439 780 3501 inclinata
803 3440 844 3501 sit
867 3438 904 3499 ad
928 3438 1137 3518 imaginariam
1154 3442 1304 3519 quandam
1319 3441 1416 3520 eclip-

56 3531 158 3606 ticam,
195 3549 215 3590 a
239 3549 301 3609 qua·
320 3524 507 3608 digrediatur
530 3530 667 3611 utrinque
690 3548 744 3610 per
768 3525 808 3591 5⁰
832 3524 892 3602 15⁴,
923 3536 1038 3608 quanta
1069 3535 1117 3589 est
1140 3530 1280 3608 aequatio
1304 3529 1418 3591 circelli

58 3616 161 3684 9165.
206 3618 369 3680 Mereatur
389 3619 514 3698 planeta
536 3619 565 3680 iu
589 3619 719 3690 circello,
743 3618 783 3678 ad
802 3617 884 3678 illam
907 3616 1113 3697 imaginariam
1137 3617 1265 3681 orbitam
1287 3618 1417 3681 mediam

55 3718 158 3773 erecta
182 3707 224 3769 ad
247 3708 374 3788 angulos
397 3716 508 3783 rectos,
533 3707 577 3770 sic
599 3715 633 3769 ut
654 3707 792 3787 proprius
815 3708 957 3785 planetae
980 3714 1079 3768 motus
1102 3714 1295 3770 transversus
1318 3708 1359 3770 sit
1377 3707 1417 3770 ad

55 3808 174 3865 mamm
195 3797 396 3860 adventitium
419 3817 457 3859 ex
475 3797 557 3860 Sole.
591 3798 658 3859 Hoc
681 3797 769 3858 modo
792 3797 938 3857 ascendet
961 3803 993 3856 et
1015 3796 1179 3858 descendet
1202 3797 1270 3859 hinc
1294 3797 1362 3859 inde
1386 3796 1416 3858 in

56 3908 111 3953 sao
134 3887 274 3962 circello,
296 3886 372 3951 nibil
394 3885 459 3966 ipse
482 3904 592 3948 nocens
607 3887 657 3946 vel
675 3884 839 3966 'expediens
856 3885 1042 3963 promotione
1057 3904 1113 3947 sua
1126 3885 1207 3947 circa
1224 3884 1274 3964 Q.
1313 3887 1418 3949 Antea

54 3998 125 4041 vero
149 3975 309 4039 dimidiam
332 3975 540 4056 aequationem
564 3974 700 4037 circellus
724 3975 783 4036 iste
802 3976 1000 4041 confecerat.¹
1021 3974 1086 4036 Nec
1095 3975 1161 4055 jam
1181 3976 1294 4040 nitetur
1309 3983 1417 4039 contra

54 4075 171 4133 motum
197 4061 250 4143 Q,
275 4064 345 4146 quia
366 4063 395 4126 is
417 4071 466 4127 est
488 4084 546 4127 non
560 4084 688 4128 sursum
710 4064 759 4135 vel
782 4063 941 4138 deorsum,
954 4083 1012 4125 uon
1037 4063 1077 4125 ad
1098 4064 1195 4144 polos,
1218 4067 1274 4128 sed
1297 4072 1415 4128 tantum

53 4157 227 4221 inorbem.
273 4154 404 4217 Planeta
425 4172 496 4216 vero
519 4154 576 4217 ibit
598 4163 630 4216 et
652 4173 744 4235 supra
770 4172 877 4215 versus
908 4153 1008 4232 polum
1037 4152 1195 4232 eclipticas
1228 4154 1414 4218 descendens

55 4248 93 4311 ad
117 4243 162 4324 Θ
190 4252 223 4307 et
245 4243 324 4305 infra
346 4261 451 4305 versus
474 4243 601 4305 alterum
632 4242 734 4323 polum
763 4242 871 4304 itemm
899 4242 1075 4305 ascendens.
1124 4240 1274 4305 Conficiat
1301 4243 1413 4324 gradum

55 4334 203 4419 aequales
227 4331 403 4413 aequalibus
426 4333 620 4413 temporibus,
644 4331 786 4401 metiatur
801 4332 978 4393 descensum
993 4338 1025 4393 et
1039 4335 1197 4394 ascensum
1212 4353 1297 4396 suurn
1314 4332 1413 4413 specie

57 4424 95 4504 Θ
121 4430 302 4497 occurente3
334 4440 404 4483 nam
434 4421 514 4485 infra
536 4422 591 4484 sub
622 4421 728 4502 majori
751 4421 861 4500 angulo
885 4421 1023 4484 occurrit.
1069 4418 1350 4484 Diametmm'vero
1369 4421 1415 4485 ad

55 4517 158 4579 latera
179 4510 331 4575 metiatur‘
349 4519 488 4591 respectu
520 4512 656 4573 lixamm.
702 4511 788 4573 Haec
818 4510 919 4572 omnia
944 4509 1009 4572 siue
1037 4510 1151 4573 viribus
1180 4511 1279 4572 facere
1310 4519 1415 4592 potest

56 4605 120 4667 solo
143 4602 304 4665 intellectu
328 4607 362 4662 et
382 4608 465 4676 nutu,
495 4601 565 4681 quia
588 4600 669 4680 globi
692 4601 841 4662 coelestes
863 4614 969 4662 versus
992 4597 1096 4662 Solem
1114 4609 1228 4681 'graves
1249 4618 1308 4661 nou
1333 4607 1412 4663 suut.

56 4694 112 4756 llic
135 4691 233 4756 etiam
256 4689 346 4752 simul
367 4688 563 4770 pulcherrime
585 4689 658 4751 mihi
687 4689 823 4751 nascitur
844 4688 992 4769 promotio
1023 4689 1183 4764 nodorum,
1214 4689 1292 4770 quod
1322 4697 1416 4753 autea

60 4783 142 4849 nussa
164 4780 317 4845 concinna
338 4778 498 4862 hypothesi
520 4786 665 4860 poteram.
704 4780 750 4841 De
774 4797 832 4861 quo
855 4779 942 4841 ahas.
976 4777 1046 4841 Jam
1069 4777 1215 4859 quomodo
1240 4777 1415 4845 conficiatur

60 4880 126 4939 tota
145 4866 295 4958 aequatio
316 4868 426 4934 dicam.
471 4869 541 4935 Non
567 4868 637 4953 quia
666 4867 732 4932 Soli
753 4875 861 4935 ⁴totam
892 4867 1078 4948 memerito,
1108 4866 1196 4931 modo
1228 4884 1298 4934 tero
1329 4868 1414 4954 prins
