3368 5534
171 297 236 366 298
306 310 313 321 ’
652 295 693 353 no
709 296 819 354 mosum
837 301 931 356 siuas
947 301 1036 357 uua

170 478 322 558 multoque
343 478 454 540 certius
470 475 629 558 apparebit
648 478 727 541 infra
745 500 810 561 cap.
826 480 928 545 XLII.
952 481 1045 543 Porro
1065 485 1098 541 et
1112 478 1213 561 Tycho
1236 479 1293 540 hoc
1316 477 1349 541 in
1368 477 1457 542 Lnna
1479 485 1527 541 eat

169 568 306 630 imitatus
338 587 425 648 quam
456 568 599 646 proxime.
653 567 723 631 Jam
738 564 741 569 ’
756 579 787 631 et
819 570 847 631 in
881 570 999 631 theoria
1026 566 1106 630 Solis
1139 567 1304 650 (Tycboni)
1334 569 1383 630 vel
1407 568 1520 631 Terrae

170 655 370 736 (Copernico)
402 657 480 717 idern
513 667 562 718 est
590 656 835 720 demonstratum.
891 658 936 721 De
961 659 1080 719 Venere
1110 676 1181 718 vero
1214 665 1245 719 et
1268 657 1421 719 Mercurio
1453 658 1524 738 quin

169 745 248 806 idem
272 746 428 807 credamus
456 745 529 806 nihil
557 746 692 825 impedit.
746 749 811 810 Imo
830 749 895 827 jam
919 750 1158 810 demonstratum
1180 746 1292 818 habeo,
1322 746 1392 808 hinc
1426 758 1525 808 ortam

170 853 238 896 esse
272 835 455 918 opinionem,
480 834 586 896 borum
609 837 797 914 planetamm
821 849 925 901 centra
948 837 1108 900 eccentrici
1131 837 1162 896 in
1185 854 1284 897 annno
1307 835 1437 897 circellc
1461 835 1523 897 cir·

169 922 290 986 cumire.
337 921 450 986 Omnes
481 942 552 1004 ergo
584 925 725 1008 planetae
755 926 811 988 hoc
834 927 956 988 habent
1004 925 1080 987 Cum
1104 942 1175 1005 ergo
1198 924 1229 985 in
1252 924 1435 1006 Mysterio
1459 943 1524 987 meo

170 1010 507 1093 Cosmographico‚
533 1022 602 1074 ante
627 1034 721 1075 annos
745 1023 813 1077 octo
837 1020 945 1097 (plnres
966 1025 1027 1096 jam
1051 1019 1130 1094 sunt)
1153 1012 1316 1095 publicato,
1341 1013 1429 1075 litem
1447 1013 1524 1075 banc

155 1102 209 1169 ,da
233 1121 325 1163 causa
348 1102 506 1181 aequantia
530 1102 707 1165 Ptolemaici
730 1105 786 1166 hoc
810 1105 875 1166 solo
898 1104 1016 1166 nomine
1041 1102 1224 1177 distulerim,
1257 1102 1337 1184 quod
1360 1122 1399 1164 ex
1422 1110 1524 1164 astro-

169 1191 270 1251 nomia
301 1191 418 1271 vulgari
446 1191 505 1251 dici
533 1210 590 1252 non
614 1200 734 1273 posset,
769 1214 806 1254 an
832 1194 923 1255 etiam
947 1192 1001 1255 Sol
1025 1192 1072 1253 vel
1096 1193 1190 1254 Terra
1213 1200 1325 1271 puncto
1349 1190 1524 1273 aequatorio

169 1289 201 1342 et
230 1281 295 1360 ejus
319 1280 531 1341 eccentrioitas
554 1281 720 1342 bisectione
744 1289 862 1344 utatur:
893 1282 1030 1363 equidem
1054 1281 1119 1361 jam
1142 1281 1230 1342 decet
1253 1299 1316 1343 rem
1340 1299 1410 1342 esse
1434 1280 1524 1362 liqui-

171 1369 258 1442 dam,
296 1378 458 1449 postquam
490 1369 661 1431 sincerioris
697 1372 898 1433 astronomiae
929 1370 1101 1433 testimonio
1130 1371 1336 1433 confirmatum
1367 1368 1523 1445 habentus,

169 1458 288 1520 omnino
312 1458 342 1519 in
365 1458 482 1520 theoria
499 1457 580 1521 Solis
604 1459 652 1520 vel
667 1461 778 1522 Terrae
802 1470 981 1542 aequantem
1003 1461 1113 1522 inesse.
1158 1459 1224 1521 Hoc
1247 1460 1369 1539 inquam
1386 1459 1455 1538 jam
1469 1459 1523 1520 de-

167 1555 347 1622 monstrato,
372 1548 460 1610 decet
482 1567 605 1609 cansam
629 1551 787 1630 aequantia
801 1550 978 1612 Ptolemaici
1002 1571 1020 1610 a
1042 1568 1089 1610 me
1114 1548 1301 1628 assignatam
1323 1549 1354 1610 in
1376 1547 1524 1631 Mysterio

171 1636 428 1716 Cosmographico
451 1656 505 1716 pro
524 1637 611 1716 justa
633 1647 665 1698 et
689 1638 824 1718 legitima
846 1638 962 1714 baberi,
986 1658 1053 1702 cum
1076 1639 1119 1700 sit
1141 1637 1321 1700 universalis
1341 1645 1373 1699 et
1389 1656 1523 1699 commu·

167 1727 214 1788 nis
238 1727 376 1788 omnibns
405 1726 547 1805 planetis.
593 1728 681 1790 Illam
705 1729 795 1807 igitur
818 1729 875 1790 hac
899 1728 998 1808 operis
1021 1738 1108 1808 parte
1131 1725 1291 1788 declarabo
1304 1725 1445 1805 amplius.
1483 1726 1523 1787 Et

163 1816 234 1896 qnia
258 1815 423 1877 declaratio
447 1815 505 1877 crit
532 1817 692 1895 generalis,
718 1826 787 1879 utar
809 1837 882 1880 voce
905 1819 1091 1897 planetae.
1138 1815 1249 1878 Lector
1276 1825 1378 1877 autem
1412 1815 1441 1876 in
1468 1815 1521 1877 hoc

163 1915 195 1966 et
218 1904 412 1986 sequentibus
437 1903 554 1984 aliquot
577 1905 727 1983 capitibus
750 1926 868 1986 semper
891 1907 921 1969 in
938 1907 1038 1986 specie
1054 1906 1211 1968 Terram
1235 1903 1451 1984 Copernici
1474 1904 1520 1966 vel

163 1993 288 2056 Solem
312 1994 510 2074 Tychonis
535 1993 697 2073 intelligat.

251 2082 383 2145 Primum
406 2083 500 2158 sciat,
539 2085 569 2145 in
593 2084 672 2145 omni
703 2083 863 2165 hypothesi
887 2083 1137 2146 Ptolemaica
1162 2083 1218 2145 hac
1242 2083 1340 2145 forma
1363 2081 1520 2157 instructa,

163 2180 392 2254 quantacunque
424 2173 634 2235 eccentricitas
665 2173 770 2247 fuerit,
800 2173 986 2235 celeritatem
1015 2172 1043 2234 in
1068 2172 1213 2254 peribelio
1236 2179 1269 2233 et
1289 2156 1470 2234 tarditatem
1493 2172 1521 2232 in

163 2262 281 2343 aphelio
320 2261 541 2342 proportionari
579 2281 668 2344 quam
704 2261 838 2342 proxime
878 2262 965 2324 lineis
996 2281 1034 2324 ex
1066 2270 1170 2324 centro
1202 2259 1302 2323 mundi
1340 2260 1461 2323 eductis
1493 2259 1521 2321 in

162 2351 328 2432 planetam.

915 2454 919 2461 '
945 2444 981 2505 In
1004 2441 1174 2513 schemate,
1206 2438 1317 2520 inquo
1341 2461 1363 2500 a
1387 2448 1521 2500 centrum

462 2526 516 2593 rig.
538 2525 582 2577 ⁸⁵·
879 2529 981 2594 mundi
1004 2529 1076 2603 init,
1101 2536 1133 2589 et
1154 2528 1174 2606 β
1202 2537 1338 2590 centrum
1360 2526 1521 2589 eccentrici

881 2627 930 2694 da,
946 2628 1005 2699 ety
1023 2624 1165 2699 punctum
1182 2616 1352 2698 aequantia,
1370 2616 1521 2679 scribatur

880 2718 1009 2788 centroy
1022 2707 1168 2770 distantia
1181 2708 1224 2784 βό
1239 2705 1370 2769 circulus
1386 2724 1520 2787 aequans

751 2873 759 2889 ἱ
880 2818 943 2879 νφ;
967 2808 999 2860 et
1020 2816 1073 2878 per
1097 2822 1116 2858 a
1140 2804 1276 2858 centmm
1298 2794 1418 2870 mundi,
1443 2794 1520 2857 unde

760 2893 787 2971 i,
880 2894 1070 2968 computatur
1094 2884 1304 2947 eccentricitas
1329 2884 1395 2959 (est
1419 2891 1519 2945 autern

786 2973 809 3060 ”q
880 2975 1087 3058 inpraesenti
1113 2974 1236 3054 negotio
1259 2973 1313 3037 Sol
1339 2971 1518 3053 Copernico‚

807 3063 821 3141 i,
881 3066 974 3128 Terra
1012 3064 1137 3137 ceteris)
1178 3072 1286 3143 agatur
1325 3072 1412 3124 recta
1454 3078 1518 3141 ψω,

880 3174 988 3217 secans
1020 3153 1219 3215 eccentricum
1248 3152 1329 3230 inq)
1356 3159 1389 3214 et
1412 3175 1455 3225 ω,
1488 3158 1519 3212 ut

828 3252 830 3259 '
880 3246 1003 3324 planeta
1040 3243 1081 3304 sit
1115 3243 1146 3303 in
1182 3258 1209 3319 ψ
1245 3249 1277 3302 et
1309 3263 1351 3314 o,
1390 3240 1519 3302 arcubus

833 3383 845 3409 0
880 3332 1040 3395 eccentrici
1064 3336 1115 3411 ὂψ
1138 3338 1169 3391 et
1192 3353 1236 3391 ao
1260 3328 1426 3402 confectis,
1457 3328 1518 3390 illic

880 3424 917 3483 ab
942 3421 1062 3502 aphelio
1086 3439 1139 3482 seu
1163 3438 1310 3500 apogaeo‚
1335 3417 1383 3480 hic
1400 3438 1420 3479 a
1434 3417 1517 3497 peri-

878 3512 960 3574 helio
984 3531 1036 3572 seu
1061 3510 1222 3590 perigaeo:
1250 3507 1299 3589 qui
1324 3526 1415 3569 arcus
1439 3526 1477 3567 ex
1499 3528 1518 3565 a

879 3610 1028 3681 ponuntur
1066 3617 1212 3680 apparere
1250 3596 1412 3678 aequales,
1451 3595 1518 3677 qnia

879 3700 964 3752 recta
1002 3705 1060 3769 ψω
1099 3687 1173 3749 iacit
1210 3691 1285 3766 ψαό
1312 3695 1344 3748 el
1371 3707 1448 3747 arae
1482 3682 1519 3745 ad

772 3767 780 3795 ¹
879 3780 1023 3841 uerticem
1047 3777 1200 3857 aequales.
1241 3775 1316 3839 Cum
1339 3784 1442 3836 antem
1462 3779 1518 3853 ὂψ,

879 3893 923 3930 ao
948 3887 1035 3929 arcus
1055 3868 1208 3946 'ponantur
1226 3883 1293 3925 esse
1317 3863 1444 3937 minimi,
1469 3871 1518 3923 ut·

879 3966 948 4038 pote
973 3957 1002 4018 in
1022 3955 1097 4036 ipsis
1113 3958 1170 4027 d,a
1194 3953 1366 4033 apsidibus,
1393 3950 1518 4014 arectis

881 4047 972 4126 igitur
1001 4045 1087 4106 lineis
1116 4043 1189 4103 nihil
1219 4043 1361 4104 differunt
1383 4040 1423 4101 ad
1447 4060 1518 4101 sen·

165 4173 239 4216 snm.
286 4151 392 4229 ltaque
415 4143 538 4226 perinde
562 4162 597 4203 ac
621 4143 647 4203 si
671 4148 760 4219 ὂαψ,
785 4162 856 4200 eun
887 4146 990 4196 essent
1020 4133 1171 4211 triangula
1200 4131 1373 4203 rectilinea,
1398 4141 1431 4190 et
1454 4134 1481 4204 ὂ,
1504 4151 1518 4187 a

166 4240 267 4321 anguli
291 4237 366 4300 recti
389 4243 421 4296 et
444 4258 464 4294 u
487 4231 651 4293 communis
675 4240 795 4303 vertex,
828 4227 886 4288 crit
908 4234 941 4285 ut
964 4231 1006 4285 ὂιι
1030 4224 1068 4283 ad
1093 4245 1131 4282 eu
1157 4221 1200 4282 siu
1224 4228 1272 4300 ὂψ
1295 4240 1385 4281 arcus
1409 4219 1448 4279 ad
1473 4242 1518 4278 au

166 4349 277 4395 arcum.
315 4326 377 4390 Sed
401 4323 518 4402 longior
542 4330 589 4383 est
612 4326 655 4383 αό
678 4338 765 4402 quarn
784 4337 845 4391 ae;
871 4314 987 4393 longior
1010 4312 1102 4391 igitur
1126 4310 1217 4371 etiarn
1242 4328 1330 4370 arcus
1354 4314 1408 4385 ὂψ
1429 4326 1518 4388 qnam

166 4446 221 4485 aa.
258 4419 299 4481 Hi
323 4434 411 4478 arcus
430 4413 478 4486 (re
495 4430 568 4472 vera
582 4410 772 4490 inaequales)
795 4413 943 4486 apparent
959 4421 996 4462 ex
1020 4426 1040 4463 α
1064 4400 1217 4479 aequales.
1257 4396 1423 4468 Quaeritur
1442 4396 1517 4495 jam,

166 4517 278 4594 quanto
301 4516 436 4586 tempore
460 4508 592 4562 moretur
622 4500 745 4579 planeta
768 4495 798 4556 in
823 4503 945 4573 utroque
979 4508 1050 4553 arcu
1080 4507 1116 4549 ex
1140 4487 1278 4548 doctrina
1301 4493 1332 4547 et
1355 4485 1517 4587 hypothesi

165 4596 343 4671 Ptolemaei,
367 4590 486 4675 qnando
509 4590 536 4650 is
560 4586 737 4668 aequantem
761 4582 908 4646 adhibet?
930 4580 1026 4661 Igitur
1048 4598 1115 4657 exy
1138 4583 1240 4638 centro
1264 4594 1317 4655 per
1341 4594 1429 4655 srgna
1443 4590 1479 4655 ψ,
1494 4598 1518 4633 e

168 4697 268 4751 rectae
291 4687 447 4754 ducantur,
473 4686 611 4740 secantes
635 4685 812 4757 aequantem
831 4674 861 4734 in
879 4696 906 4753 χ,
922 4693 949 4731 τ.
985 4669 1076 4731 Dicet
1099 4666 1191 4746 igitnr
1213 4665 1427 4727 Ptolemaeus:
1453 4682 1517 4724 cum

168 4779 285 4853 integer
308 4773 438 4841 cuculus
461 4766 619 4853 aequantis
643 4787 689 4841 υφ
712 4766 837 4825 denotat
859 4772 977 4841 tempus
1000 4756 1184 4838 periodicum
1206 4754 1358 4836 planetae,
1384 4764 1455 4815 tunc
1478 4776 1517 4832 eg

168 4884 236 4928 esse
259 4878 430 4926 mensurant
451 4848 595 4937 temporis
618 4853 697 4936 qnod
725 4853 850 4934 planeta
876 4848 1027 4913 consumit
1052 4846 1083 4909 in
1111 4864 1184 4908 arcu
1214 4842 1375 4905 eccentrici
1397 4847 1465 4945 ψό,
1487 4854 1517 4903 et

170 4974 216 5033 or
237 4970 306 5014 aare
329 4960 499 5013 mensuram
519 4942 682 5023 temporis,
706 4939 786 5023 qnod
806 4941 932 5022 planeta
957 4934 1108 5001 comumit
1128 4934 1160 4999 in
1182 4950 1256 4997 arcu
1277 4938 1441 4999 eccenmcr
1462 4952 1515 4993 ao.
