3368 5534
196 294 259 365 178
676 299 716 351 De
734 297 842 350 Motibus
862 295 954 350 Stellae
972 297 1061 350 Martis

191 479 298 553 ficitur,
323 486 358 539 ιιι
380 478 513 558 pondere
538 476 652 556 majore
677 477 817 539 deorsum
840 479 983 540 tendente
1007 497 1086 557 aqua
1109 475 1280 539 necessario
1304 495 1422 539 sursum
1447 478 1548 542 cedat.

191 567 308 639 Quodsi
337 567 427 629 etiam
458 566 594 647 perfecte
623 567 777 628 circularis
801 576 901 629 motus
925 574 1008 629 esset
1031 568 1216 648 quorundam
1238 567 1449 642 membrorum,
1475 580 1509 630 at
1527 571 1548 631 ii

192 677 253 720 non
286 667 358 718 sunt
390 657 546 736 perpetui,
584 675 638 716 nec
662 656 767 718 mirum
797 658 833 717 de
863 675 898 717 eo
927 663 1027 728 esset,
1055 675 1121 718 cum
1151 676 1235 718 mens
1259 656 1384 741 apimali
1408 657 1548 720 facultati

188 746 365 826 praesideat
389 746 417 806 in
441 746 571 806 hnmano
595 763 738 823 corpore;
764 755 797 806 at
821 753 916 820 certe,
942 746 968 806 si
992 744 1042 806 via
1065 746 1127 807 ulla
1151 746 1259 807 fnisset
1284 746 1464 808 facultatem
1488 747 1548 809 ali-

190 855 280 916 quam
303 835 460 896 motricem
485 835 528 895 sic
553 834 731 908 instruendi,
755 843 789 896 ιιι
812 852 919 915 corpus
943 834 1065 914 aliquod
1090 853 1197 916 gyrare
1221 834 1330 915 possit,
1355 854 1414 896 non
1439 837 1550 899 fuisset

187 925 373 987 inhumano
397 942 521 1004 corpore
545 923 696 1001 neglecta.

277 1013 372 1076 Porro
396 1021 430 1074 ut
452 1031 537 1073 mens
562 1013 664 1091 aliqua
688 1012 769 1073 viam
793 1018 941 1073 monstret
964 1011 1139 1074 circularem
1163 1011 1241 1074 citra
1262 1019 1375 1074 metam
1386 1014 1435 1075 vel
1451 1016 1548 1076 centri

186 1103 235 1164 vel
260 1103 393 1183 corporis
417 1101 555 1180 alicujus,
580 1102 657 1180 quod
683 1119 736 1179 pro
762 1119 885 1162 accessu
908 1102 956 1163 vel
980 1120 1102 1162 recessu
1118 1102 1231 1182 majore
1247 1102 1296 1163 vel
1311 1101 1549 1184 minoreangnlo

186 1199 343 1273 appareat,
382 1192 411 1253 id
436 1192 499 1253 lieri
524 1210 712 1270 nequaquam
734 1197 847 1270 potest.
908 1188 1045 1252 Circulus
1070 1191 1147 1251 enim
1171 1191 1278 1253 iisdem
1297 1200 1329 1252 et
1352 1191 1493 1254 definitur
1517 1204 1548 1255 et

185 1281 348 1362 perficitur,
374 1280 560 1361 aequalitate
586 1280 705 1340 scilicet
729 1278 892 1339 distantiae
917 1301 935 1340 a
958 1279 1056 1341 medio
1076 1287 1108 1340 et
1123 1288 1382 1359 quantumcunque
1403 1282 1548 1344 matrices

185 1370 277 1432 hasce
308 1370 470 1433 facultates
500 1369 647 1442 extollas,
678 1367 805 1429 circulus
833 1375 933 1429 tamen
967 1388 1004 1429 ne
1027 1368 1092 1429 Deo
1126 1369 1245 1449 quidem
1279 1369 1361 1431 alind
1384 1381 1435 1431 est
1458 1392 1547 1450 quam

190 1459 269 1541 qnod
288 1459 354 1538 jam
378 1459 500 1520 dictum.
548 1457 667 1518 Docent
689 1457 808 1538 quidem
832 1466 1014 1536 geometrae,
1040 1456 1119 1517 datis
1143 1458 1285 1519 tribusiu
1300 1459 1545 1523 circumferentia

189 1549 309 1628 punctis
340 1548 514 1609 continuare
547 1547 704 1608 circulum:
735 1547 788 1606 sed
818 1546 873 1607 hoc
897 1546 962 1625 ipso
986 1547 1238 1625 praesupponitnr
1262 1547 1365 1628 aliqua
1386 1567 1460 1629 pars
1484 1550 1545 1612 cir-

189 1637 404 1700 cumferentiae
429 1639 550 1716 (utpote
573 1654 625 1715 per
649 1637 728 1697 trina
749 1644 862 1715 puncta
884 1636 963 1709 iens)
992 1635 1058 1714 jam
1081 1637 1229 1698 confecta.
1279 1635 1355 1707 Quis
1380 1657 1452 1717 ergo
1477 1640 1545 1718 pla-

187 1736 276 1788 netae
309 1727 367 1788 hoc
396 1726 514 1789 initium
537 1725 693 1798 ostendet,
719 1743 757 1784 ex
780 1743 837 1805 quo
861 1725 1008 1804 reliquum
1032 1725 1090 1786 iter
1113 1725 1305 1787 conformet?
1350 1727 1458 1807 ltaque
1481 1729 1545 1793 fieri

186 1815 277 1878 aliter
299 1835 359 1877 non
382 1824 502 1895 potest,
534 1816 602 1894 quin
633 1814 775 1893 planetae
807 1822 905 1874 motor
936 1834 972 1874 ex
995 1813 1213 1875 Avicennae
1235 1809 1277 1887 ⁸)
1307 1816 1463 1876 sententia
1496 1819 1542 1878 sel

186 1913 322 1966 centrum
355 1905 437 1966 orbis
475 1904 521 1965 sui
554 1922 697 1983 suamque
735 1902 773 1962 ab
810 1922 845 1963 eo
875 1903 1050 1964 distantiam
1078 1903 1135 1963 sibi
1164 1903 1360 1982 imaginetur,
1401 1906 1449 1966 vel
1483 1907 1544 1968 alis

185 1994 316 2075 quadam
347 1993 534 2073 proprietate
563 1992 666 2054 circuli
693 1992 878 2071 praestanda
909 1992 948 2052 ad
976 1991 1213 2055 efformationem
1236 1990 1330 2071 ipsius
1354 1993 1460 2056 circuli
1485 1997 1540 2056 ad-

180 2083 314 2162 juvetur.

272 2172 343 2234 Ja'm
368 2171 461 2249 igitur
485 2170 575 2232 aliter
598 2170 684 2232 nobis
709 2169 918 2232 informabitur
941 2169 1116 2251 hypothesis
1141 2168 1268 2251 physica
1290 2169 1396 2231 horum
1418 2170 1539 2233 duomm

183 2261 380 2323 schematum.
426 2261 505 2322 Nam
539 2260 566 2320 in
592 2261 764 2339 posteriori,
797 2259 875 2341 qnod
904 2258 1069 2338 simplicius
1100 2267 1163 2331 est,
1196 2259 1344 2339 siquidem
1368 2277 1472 2320 verum
1496 2271 1539 2324 est

185 2350 264 2431 quod
296 2348 465 2429 posuimus,
498 2359 652 2423 motorem,
684 2351 733 2431 qni
761 2350 914 2428 planetam
944 2367 998 2426 per
1020 2349 1078 2410 iter
1099 2354 1165 2427 pao
1188 2347 1377 2427 circumagit,
1413 2349 1443 2410 iu
1478 2350 1537 2428 ipso

181 2439 308 2518 planeta
330 2439 440 2512 inesse,
465 2457 589 2499 necesse
613 2439 714 2518 itaque
739 2439 837 2511 fuerit,
861 2437 890 2497 in
914 2437 1055 2518 planetae
1084 2445 1231 2500 motorem
1255 2437 1364 2500 cadere
1388 2440 1535 2517 quandam

183 2527 475 2589 animadversionem
501 2528 675 2607 apparentis
703 2527 918 2606 magnitudinis
943 2526 1036 2604 ipsius
1059 2527 1192 2606 corporis
1215 2527 1245 2588 in
1270 2549 1303 2601 α,
1329 2544 1366 2587 ex
1389 2550 1414 2604 y,
1431 2550 1456 2599 e,
1472 2533 1533 2602 qt,

181 2616 312 2696 inspecti
344 2617 406 2689 (vel
436 2617 522 2695 quasi
551 2616 693 2695 inspecti)
721 2628 940 2697 proptereaque
964 2615 1119 2693 planetam
1142 2615 1214 2683 niti,
1244 2625 1276 2678 ut
1310 2624 1339 2676 et
1370 2617 1533 2697 aequaliter

182 2705 305 2767 incedat
337 2707 430 2787 (quod
458 2713 618 2786 praestant
642 2706 778 2786 integrae
803 2716 835 2767 et
858 2725 915 2766 non
940 2705 1101 2784 impeditae
1133 2705 1268 2766 metricis
1297 2704 1417 2767 animae
1443 2706 1533 2779 sires)

182 2803 214 2857 et
247 2813 351 2856 omnes
381 2795 544 2856 distantias
575 2817 632 2874 oy,
657 2819 714 2870 aa,
738 2817 801 2872 αη,
825 2800 872 2856 ad
895 2794 939 2855 ita
963 2794 1064 2855 ordine
1088 2790 1313 2873 repraesentet,
1342 2803 1377 2855 nt
1404 2794 1477 2856 illae
1500 2814 1532 2856 ex

182 2885 350 2946 eccentrico
374 2886 419 2963 βγ
440 2894 605 2963 sequuntur
628 2885 694 2963 lege
718 2884 915 2962 geometrica3
940 2883 1089 2963 quemad
1113 2884 1201 2946 tinem
1224 2883 1300 2944 scire
1324 2883 1418 2945 etiam
1438 2884 1532 2956 debet,

181 2981 294 3054 quanto
317 2996 363 3052 oy
386 2974 501 3053 longior
527 2973 568 3034 sit
591 2993 679 3054 quam
702 2998 722 3036 α
737 2980 762 3046 d,
788 2973 843 3034 hoc
868 2982 916 3034 est
939 2980 1052 3053 quanta
1070 2973 1112 3034 sit
1125 2972 1337 3035 eccentrioitas
1346 2973 1428 3046 viae,
1451 2994 1533 3056 quam

179 3063 371 3126 confecturus
395 3071 453 3131 est,
477 3083 496 3124 a
518 3081 643 3142 corpore
666 3063 695 3124 in
719 3088 739 3125 α
762 3063 842 3125 circa
865 3062 944 3143 quod
967 3062 1062 3124 iturus
1079 3070 1136 3124 est.
1184 3060 1251 3132 Quo
1271 3071 1361 3142 pacto
1376 3062 1426 3124 hic
1440 3073 1533 3126 motor

177 3152 320 3232 planetae
344 3153 375 3214 iu
399 3153 502 3213 multis
526 3152 612 3213 simul
636 3153 840 3231 occupabitur.
883 3151 918 3213 Si
940 3152 997 3214 hoo
1021 3152 1087 3234 quis
1112 3151 1197 3231 fugit,
1223 3152 1314 3232 igitur
1338 3170 1465 3216 necesse
1488 3164 1532 3216 est

180 3249 214 3301 ut
238 3241 330 3316 dicat,
354 3242 507 3322 planetam
532 3243 569 3301 ad
593 3244 613 3319 β
635 3252 788 3322 punctum,
813 3242 890 3322 qnod
915 3242 994 3302 ouini
1017 3260 1139 3320 corpore
1164 3250 1216 3303 aut
1239 3251 1312 3303 nota
1336 3238 1412 3305 reali
1437 3250 1530 3316 vacat,

180 3330 332 3410 respicere
361 3339 392 3391 et
415 3330 558 3412 aequales
582 3331 622 3392 ab
646 3351 681 3392 eo
705 3331 868 3393 distantias
891 3331 976 3393 tueri.

265 3419 354 3482 Prius
379 3438 449 3482 vero
473 3420 595 3482 schema
618 3420 741 3504 physice
765 3422 809 3483 sic
833 3421 1013 3501 explicatur,
1045 3427 1077 3481 ut
1100 3419 1286 3497 concipiatur
1314 3419 1412 3480 virtus
1437 3419 1530 3500 aliqua
