3368 5534
133 354 137 363 ἱ
234 362 239 367 ,
269 280 341 357 apg
363 264 392 343 ,’
815 270 1082 339 tununensis

270 471 405 530 numeret
427 463 619 541 Ptolemaeus
642 462 681 525 ab
703 464 879 527 Alexandro
902 465 932 527 in
963 464 1222 528 observationibus
1250 464 1525 547 aequinoctiorum,
1555 486 1621 528 cum

269 556 411 636 pleraque
435 551 571 615 hauserit
594 551 793 616 achaldaeis
810 553 990 616 errantibus.
1026 555 1095 616 Non
1120 572 1187 617 snm
1208 562 1378 628 contentus,
1400 555 1500 617 multo
1521 556 1618 617 minna

269 663 360 725 qnam
382 641 474 723 prius.
521 640 556 703 Si
588 640 718 716 erravit,
753 662 805 704 cur
836 661 907 722 ergo
936 651 1059 724 uterque
1089 641 1226 723 superius
1256 642 1353 723 ipsum
1381 643 1620 719 conciliavimu,

269 733 356 815 quasi
376 729 583 813 Aegyptiacos
606 724 700 792 annos
724 752 743 792 a
769 728 818 793 12.
842 730 1027 793 Novembris·
1043 740 1167 794 mortem
1189 731 1281 794 Alex.
1305 732 1509 795 antecedente
1532 752 1620 797 naur-

269 832 401 901 pantem.
448 818 563 881 Deinde
587 819 777 899 aequinoctia
800 839 858 880 nou
883 841 901 880 a
925 817 1089 883 Chaldaeis
1113 820 1167 882 sed
1188 820 1363 901 Hipparcho
1385 822 1490 884 sumit
1538 820 1620 884 ltinil

268 909 362 991 igitur
383 908 441 971 huc
464 907 539 969 iacit
562 906 781 971 Chaldaeorum
806 926 898 970 error.

226 1020 229 1027 ¹
356 997 491 1078 Denique
528 995 690 1077 epistolam
722 998 764 1059 M.
795 998 860 1059 Tua
898 997 1011 1059 claudit
1041 996 1278 1077 propugnatione
1309 996 1434 1078 eclipsis
1469 996 1500 1058 iu
1535 996 1620 1059 clade

267 1087 373 1151 Persei
397 1106 416 1147 a
437 1105 470 1147 se
494 1086 642 1159 inventae,
668 1104 743 1166 quae
767 1084 924 1166 septennio
947 1086 1069 1148 anesca
1087 1086 1174 1149 clade
1189 1086 1301 1149 Persei.
1334 1086 1384 1149 Ex
1401 1104 1507 1149 errore
1524 1084 1619 1151 cnu-

268 1175 410 1240 daeomm
442 1183 474 1236 et
499 1193 606 1235 crassa
634 1176 854 1254 computatione
882 1175 981 1250 Livii,
1013 1173 1127 1236 duabus
1160 1174 1277 1238 scilicet
1306 1175 1440 1257 egregiis
1468 1175 1617 1256 partibus,

268 1283 357 1329 unum
380 1271 474 1326 totum
494 1264 615 1339 conflat,
641 1262 756 1325 cladem
772 1263 876 1326 Persei
899 1264 918 1325 7
938 1264 1025 1326 annis
1045 1282 1148 1326 avero
1162 1263 1363 1328 aberrantem.
1397 1262 1618 1327 characterem

268 1364 357 1435 putas
380 1352 595 1415 irrefutabilem
623 1350 685 1415 150
704 1372 799 1416 annos
816 1353 932 1433 imperii
947 1352 1072 1416 Persici.
1110 1352 1173 1415 Iuro
1197 1353 1344 1415 refutatur
1362 1352 1520 1415 mansne
1543 1353 1618 1415 irre·

268 1443 387 1505 fucabili
411 1443 596 1517 charactere,
621 1441 698 1521 quod
722 1442 776 1502 illa
797 1442 919 1527 eclipsis
942 1443 972 1504 in
996 1440 1121 1503 hiemem
1145 1441 1259 1515 incidit,
1281 1460 1349 1505 cnm
1369 1460 1444 1505 vera
1463 1451 1497 1503 et
1514 1441 1618 1505 Peraei

266 1533 371 1595 clades
393 1529 557 1609 contigerit
578 1528 659 1593 circa
682 1531 856 1606 solstitium,
880 1540 914 1592 ut
936 1529 1139 1612 superioribus
1162 1532 1279 1612 paginis
1303 1531 1495 1611 scripseram.
1539 1527 1617 1601 Quin

267 1619 367 1702 potins
399 1619 439 1680 ad
471 1638 579 1680 annum
611 1619 859 1684 antechristum
886 1616 957 1683 liii.
989 1619 1126 1689 addimus
1159 1620 1229 1682 illos
1260 1618 1323 1684 150
1343 1618 1444 1695 Livii,
1476 1619 1553 1701 qnia
1582 1638 1617 1681 ex

252 1708 371 1791 -eclipsi
403 1717 542 1778 constat.
574 1708 717 1770 Perseum
749 1710 860 1771 victum
890 1728 967 1770 anno
995 1705 1076 1772 ¹67:
1109 1728 1163 1771 nec
1192 1709 1264 1771 fasti
1293 1709 1470 1771 consulares
1499 1708 1617 1771 iudea

267 1794 298 1862 6.
311 1802 453 1878 Augusto
469 1803 550 1859 retro
571 1797 738 1859 continuati
761 1797 840 1860 ultra
864 1818 951 1860 unum
975 1817 1083 1861 annum
1105 1797 1143 1860 ab
1166 1797 1223 1869 hac
1246 1799 1472 1879 computatione
1494 1796 1615 1872 abeunt,

267 1888 374 1969 quibus
398 1896 429 1948 te
452 1886 500 1948 hic
524 1904 638 1968 quoqne
669 1886 698 1947 in
722 1905 838 1948 summa
862 1883 900 1961 6,
932 1885 1023 1948 'ivel
1049 1884 1071 1949 8
1101 1906 1246 1951 annorum
1274 1887 1363 1949 fldem
1392 1886 1542 1949 adbibere
1563 1905 1616 1968 par

266 1985 324 2053 eat,
350 1994 417 2039 cunr
440 1975 515 2056 ipsis
538 1975 617 2037 infra
640 1976 676 2036 de
700 1975 785 2037 unico
809 1995 888 2037 anno
912 1983 1018 2037 eontra
1040 1975 1246 2038 Ptolemaeum
1269 1974 1416 2054 clam
1439 1975 1614 2039 credideris

265 2066 348 2148 Ergo
372 2064 467 2127 additi
495 2060 558 2127 150
580 2065 618 2126 ad
646 2061 707 2129 167
732 2063 846 2128 iaciunt
866 2060 942 2137 317,
966 2082 1023 2145 quo
1046 2084 1123 2129 anno
1147 2084 1268 2146 regnum
1283 2064 1495 2140 Macedoniae,
1520 2065 1614 2127 imter-

136 2158 146 2183 “
266 2156 346 2218 fecto
368 2153 509 2236 Philippo
531 2153 721 2228 Arrhidaeo,
746 2154 785 2215 ud
808 2153 899 2215 aliam
922 2153 1047 2233 stirpem
1070 2148 1204 2228 transiit,¹
1225 2152 1399 2218 Casandro
1422 2154 1613 2217 succedente.

264 2244 315 2309 An
339 2244 388 2306 hio
411 2244 568 2323 quicquam
591 2254 698 2305 contra
720 2242 864 2305 Livium?
886 2251 1025 2304 recenset
1047 2261 1101 2322 per
1121 2252 1226 2324 partes
1249 2242 1399 2305 fortunam
1422 2243 1490 2323 ejus
1514 2242 1612 2325 regni:

266 2332 395 2397 seorsim
419 2331 645 2413 antiquissimos
667 2350 770 2412 reges,
803 2330 927 2394 s'eorsim
950 2329 1032 2393 bella
1054 2330 1157 2394 civilia
1186 2350 1405 2405 successorum,
1428 2333 1480 2414 qui
1503 2333 1546 2394 ad
1569 2334 1612 2395 in·

265 2422 339 2487 ceni
362 2421 533 2483 dominatus
556 2421 631 2484 certi
654 2441 692 2483 ex
714 2420 882 2484 Alexandri
905 2428 994 2500 geute
1017 2420 1163 2484 haeredes
1186 2422 1284 2484 luere:
1310 2421 1359 2483 ubi
1381 2421 1511 2502 primurn
1536 2420 1613 2485 Cas-

264 2511 375 2575 sandro
398 2510 603 2573 confirmatum
616 2511 811 2573 Macedoniae
830 2528 964 2591 regnum,
988 2519 1021 2571 et
1034 2510 1151 2573 occisus
1166 2509 1363 2585 Arrhidaeus,
1386 2509 1426 2571 ab
1441 2529 1479 2572 eo
1497 2528 1613 2573 summo

264 2600 387 2682 fastigio
411 2599 450 2661 ad
474 2599 608 2661 ultimum
631 2601 719 2662 tinem
738 2618 832 2662 anuos
859 2595 1084 2662 monument.
1118 2598 1229 2671 Sinon
1253 2598 1354 2681 placet
1376 2599 1507 2661 seorsim
1531 2619 1613 2662 corn·

263 2686 523 2753 memoratabella
536 2688 647 2764 civilia,
670 2689 724 2752 sed
747 2688 864 2749 inclusa
884 2707 1016 2751 summae
1033 2706 1175 2751 annorum
1191 2685 1254 2762 CL,
1277 2687 1357 2770 quod
1378 2686 1459 2749 sorte
1481 2706 1524 2749 ex
1546 2698 1614 2751 tex·

229 2843 234 2857 ,
263 2788 313 2843 tus
336 2777 522 2860 inspectione
546 2777 649 2840 dices:
683 2796 754 2858 ergo
787 2786 841 2839 aut
868 2795 983 2838 mecum
1012 2777 1148 2852 fateare,
1181 2776 1298 2841 Livium
1328 2775 1473 2841 emtori
1496 2776 1614 2841 calcato

264 2867 426 2933 summaria
448 2885 634 2929 numeromm
659 2866 827 2929 consectari
850 2865 971 2928 omissis
1000 2864 1151 2939 minutiis,
1185 2873 1238 2930 aut
1263 2865 1341 2928 hauc
1362 2864 1470 2929 Persei
1493 2866 1613 2929 cladem

263 2976 323 3021 non
349 2957 413 3037 jam
444 2967 560 3034 septem
590 2955 677 3018 annis
705 2956 791 3035 justo
821 2955 942 3037 propius
967 2953 1088 3018 (lbrlsto
1112 2954 1290 3029 admoveas,
1322 2955 1376 3016 sed
1400 2954 1471 3018 aliis
1495 2966 1615 3037 septem

263 3046 351 3109 annis
380 3044 498 3123 longius
527 3043 691 3108 achristo
718 3046 747 3107 in
779 3042 991 3105 antecedentia
1018 3041 1165 3105 retrahas.
1210 3042 1364 3125 Exspecto
1395 3052 1498 3107 utrum
1528 3044 1614 3107 ralia

263 3137 313 3199 An
329 3144 362 3197 tu
377 3144 478 3216 putas,
502 3151 647 3195 summurn
671 3134 827 3214 fastigium
842 3131 927 3212 regni
941 3132 1131 3195 Macedonici
1146 3131 1177 3194 in
1192 3144 1288 3195 morte
1303 3132 1473 3195 Alexandri
1497 3132 1616 3197 fuiaae!

263 3224 382 3287 minime
405 3220 535 3304 proprie.
572 3222 645 3284 Fuit
666 3221 693 3283 is
716 3224 875 3285 multorum
898 3239 1056 3301 regnorum
1079 3221 1215 3284 dominus
1238 3231 1270 3284 et
1290 3222 1464 3297 monarcha,
1487 3242 1615 3287 snm

263 3331 362 3377 aorem
382 3313 412 3375 in
425 3310 604 3374 Monarchia
620 3311 827 3374 nominetenus
850 3310 965 3372 habens
983 3309 1050 3390 jam
1066 3311 1202 3384 fratrem,
1223 3311 1284 3393 jam
1307 3310 1394 3373 lilios
1431 3310 1484 3375 Ab
1510 3331 1613 3375 eornm

264 3401 481 3482 exstirpatione
515 3400 630 3463 demum
665 3401 792 3463 seorsim
823 3400 860 3461 de
892 3418 984 3479 reguo
1007 3399 1204 3462 Macedonico
1229 3399 1409 3479 judicamus
1457 3400 1529 3465 lt'iai
1559 3402 1613 3479 br

260 3490 323 3564 flat,
347 3510 405 3553 non
419 3489 583 3571 poterimus
597 3491 795 3552 Macedonum
810 3497 991 3570 potestatem
1016 3488 1044 3549 in
1068 3488 1154 3550 clade
1169 3487 1273 3551 Persei
1296 3487 1479 3551 terminare:
1504 3508 1613 3573 anper·

154 3617 159 3626 ·
261 3579 384 3643 stitibus
417 3578 446 3641 in
474 3580 553 3641 Asia
574 3578 724 3653 Eumene,
758 3579 787 3640 in
817 3576 907 3658 Syria
938 3576 1117 3651 Antiochia,
1151 3578 1180 3639 in
1209 3579 1351 3659 Aegypto
1382 3577 1613 3653 Ptolemaeicia,

261 3668 514 3820 Macegiilbiiiiin
538 3756 614 3819 satis
639 3754 696 3816 leci
721 3754 885 3817 verborum.
923 3754 1010 3834 Rogo
1030 3754 1175 3835 majorem
1197 3753 1227 3815 in
1246 3755 1364 3818 modurn
1382 3762 1416 3818 nt
1429 3756 1612 3837 Magniana

261 3849 326 3910 Tua
349 3846 421 3909 mihi
446 3845 616 3907 libertatem
639 3845 717 3906 hanc
740 3841 926 3925 disputandi,
956 3862 1044 3924 quarn
1066 3842 1330 3923 provocationibus
1352 3844 1415 3907 suis
1439 3854 1551 3926 auget,
1582 3846 1610 3907 in

260 3936 371 3998 nralam
395 3943 511 4014 partem
535 3953 593 3995 non
617 3932 848 4013 interpretetur,
880 3941 911 3993 et
940 3949 988 3994 me
1012 3931 1069 3994 sibi
1091 3930 1328 3996 commendatum
1351 3932 1475 3997 babeat
1520 3934 1608 3999 Vale.

260 4024 291 4085 i.
316 4023 461 4088 Octobris
484 4028 574 4085 Anno
602 4019 695 4084 1602.

925 4109 1028 4188 Magn.
1052 4108 1130 4172 Nob.
1155 4109 1236 4172 Tuae

1104 4197 1338 4262 officiosissimus

1327 4285 1500 4372 ηῳιω.

809 4479 1056 4561 Postscripta

346 4643 450 4705 Lunae
476 4639 604 4723 eclipses
628 4641 769 4721 antiquae
793 4638 831 4701 ad
844 4639 927 4703 Solis
946 4644 1060 4701 motnm
1082 4637 1126 4702 sic
1149 4649 1276 4721 possunt
1297 4660 1366 4704 esse
1390 4642 1494 4721 utiles,
1517 4647 1546 4709 ai
1567 4646 1604 4711 da

259 4749 338 4793 anno
362 4740 516 4795 otmense
540 4730 614 4793 certi
637 4730 740 4805 simus,
765 4737 796 4790 et
817 4748 871 4810 pro
895 4728 944 4791 die
966 4747 1026 4790 nox
1049 4728 1090 4790 sit
1112 4728 1204 4804 facta,
1226 4738 1297 4793 tunc
1320 4734 1470 4797 correctio
1492 4734 1603 4799 Prnte·

258 4818 335 4881 nicia
358 4840 417 4883 non
439 4828 556 4883 tantam
579 4818 704 4899 eclipsin
727 4817 938 4899 praebentibus
965 4816 1102 4883 adhiberi
1128 4826 1251 4901 potest:
1283 4838 1321 4885 ea
1343 4822 1393 4885 rel
1415 4822 1448 4886 in
1470 4826 1604 4889 motibus
