3374 5528
525 306 592 371 rm,
607 304 711 369 osam
744 276 830 371 ‘uque
845 304 961 360 xnvrn
1352 297 1414 371 ³51

66 485 154 561 enim,
180 484 251 567 quia
273 485 393 566 planum
416 503 473 547 non
498 492 565 548 erat
587 484 738 566 exquisita
760 506 899 548 mensura
922 505 1054 549 summae
1079 483 1299 561 distantiarum,
1323 483 1417 547 misso

65 575 158 656 igitur
185 575 275 655 plano
308 574 470 638 distantias
499 575 581 655 ipsas
609 576 779 656 computavi
803 577 985 656 singularum
1009 575 1264 637 circumferentiae
1287 573 1419 654 partium
1505 656 1509 664 Ι

65 663 234 746 aequaliter
270 664 393 728 divisae.
449 664 702 745 Secund0‚⁶·quia
723 667 877 746 proportio
901 684 958 727 non
983 664 1124 726 manebat
1147 665 1270 737 eadem,
1304 662 1418 725 additis

65 755 317 835 geometricarum
340 755 455 836 aliquot
476 754 706 836 proportionum
723 756 868 829 terminis,
893 755 983 834 igitur
1006 755 1139 834 singulas
1163 753 1347 833 singularum
1369 752 1418 815 di-

66 843 252 931 stantiarum
288 844 496 925 proportiones
527 845 565 906 ad
599 865 669 907 suos
693 866 779 909 arcus
803 845 938 907 minimos
963 843 1098 906 consului
1121 826 1271 905 seorsim?
1303 841 1417 918 Tertio,

66 934 139 1016 quia
162 953 279 995 summa
302 934 415 1014 aliquot
436 934 647 996 distantiarum
662 954 728 1014 cap.
748 936 864 996 XLVI.
885 954 943 996 non
958 934 1056 1014 potuit
1069 933 1211 1015 constitui
1227 931 1418 1012 geometrice,

66 1022 213 1087 constitui
242 1042 297 1103 ego
322 1023 369 1084 hic
393 1023 598 1099 arithmetice,
629 1024 703 1086 nihil
735 1025 813 1086 enirn
848 1024 1039 1104 impediebat.
1096 1020 1226 1093 Quarto,
1259 1021 1316 1083 hoc
1346 1020 1419 1083 mihi

67 1112 193 1176 facienti
216 1113 329 1174 nullum
352 1120 419 1174 erat
441 1113 593 1193 negotium
617 1133 685 1176 cum
707 1114 874 1176 sectoribus
899 1113 962 1174 sive
982 1112 1083 1174 circuli
1103 1112 1166 1174 sive
1180 1111 1294 1173 uvalis:
1318 1110 1419 1192 itaque

67 1223 105 1264 ne
139 1203 196 1264 hoc
234 1202 351 1281 quidem
373 1203 444 1264 mihi
469 1204 590 1267 obstare
613 1205 729 1284 potuit,
768 1205 844 1286 quod
873 1204 917 1266 illi
940 1211 1073 1265 sectores
1096 1201 1174 1263 inter
1198 1221 1230 1263 se
1253 1200 1418 1263 differrent.

66 1294 172 1374 Atque
196 1291 240 1352 ite
263 1309 343 1353 nova
365 1291 520 1355 molitione
544 1292 626 1354 inid
651 1293 785 1366 incubui,
809 1302 843 1356 nt
865 1293 973 1355 scirem
996 1293 1045 1354 vel
1067 1292 1199 1366 tandem,
1223 1311 1261 1352 an
1285 1308 1323 1351 ex
1347 1308 1418 1352 sus-

69 1387 162 1462 cepta
189 1380 341 1460 justamm
372 1382 583 1445 distantiarum
614 1384 774 1465 hypothesi
807 1383 961 1456 (nimirum
984 1402 1022 1443 ex
1049 1381 1187 1462 opinione
1217 1399 1282 1460 cap.
1307 1375 1429 1481 XLV.)²

69 1479 269 1552 sequerentur
292 1471 383 1532 etiam
406 1472 602 1552 aequationes
625 1492 678 1552 per
701 1472 844 1535 vicariam
870 1472 956 1534 uubis
979 1471 1201 1535 manifestatae.
1325 1524 1330 1533 .

157 1560 239 1622 Rem
260 1558 306 1620 ita
327 1580 394 1623 sum
417 1581 589 1643 aggressus.
629 1563 741 1626 Centro
764 1565 800 1638 B,
825 1563 1005 1625 diastemate
1028 1560 1093 1634 BD,
1119 1559 1269 1623 scribatur
1289 1555 1420 1621 circulus

68 1646 173 1725 DGR,
197 1648 227 1711 in
260 1668 318 1729 qno
351 1649 393 1712 sit
423 1650 504 1713 linea
534 1652 671 1730 apsidum
692 1652 768 1727 DR,
793 1661 824 1715 et
846 1654 875 1714 A
898 1653 966 1714 tons
996 1650 1127 1724 virtutis,
1229 1720 1234 1734 .

71 1759 127 1802 seu
159 1745 295 1800 centrum
317 1739 410 1802 Solis.
457 1740 600 1805 Sumatur
630 1742 661 1805 in
694 1742 805 1803 circulo
831 1740 892 1803 DG
922 1747 1064 1821 punctum
1088 1736 1126 1813 G,
1208 1719 1261 1786 ΡΨ·
1282 1715 1341 1769 ¹⁰¹·

71 1828 153 1911 quod
176 1834 373 1891 connectatur
402 1848 468 1891 cum
490 1833 516 1894 B
540 1838 572 1891 et
593 1828 638 1909 A,
661 1838 694 1893 et
714 1831 756 1893 sit
784 1830 869 1905 initio
895 1830 980 1894 GBD
1004 1828 1131 1908 angulus

70 1937 214 1981 mensura
241 1918 385 1999 temporis
416 1920 633 1999 computandae
661 1918 835 1989 distantiae.
880 1921 950 1983 Erit
970 1927 1131 2000 propterea

71 2099 102 2160 in
127 2094 158 2159 G
182 2115 276 2175 usque
297 2116 356 2159 non
387 2098 568 2178 pervenerit.
614 2100 693 2161 Nam
724 2100 799 2179 haec
828 2098 907 2162 ratio
940 2095 1131 2178 computandi
1203 2091 1228 2183 „s

72 2207 127 2249 sen
166 2186 392 2249 demonstrandi
427 2187 590 2255 distantias
626 2189 791 2253 hactenns=
809 2209 846 2251 ex
878 2208 943 2268 cap.
972 2188 1071 2271 XLV.
1101 2186 1130 2247 in
1177 2185 1201 2201 ''
1222 2230 1241 2253 κ

72 2275 308 2357 praesupposito
336 2284 392 2338 est.
440 2275 489 2338 Sit
519 2285 619 2339 autem
643 2276 703 2340 DG
725 2298 797 2358 pars
829 2276 933 2341 circuli
965 2276 1068 2350 exilis,
1099 2281 1134 2336 ut
1208 2274 1215 2328 ἶ
1418 2347 1422 2358 ¹

76 2360 112 2428 1⁰
134 2365 174 2426 de
198 2358 290 2428 360⁰.
335 2368 384 2429 Ac
408 2385 474 2427 oum
496 2367 666 2446 hujusmodi
696 2368 858 2431 distantiae
882 2365 943 2430 AG
968 2385 1071 2427 omnes
1094 2364 1133 2424 ad
1209 2354 1231 2447 'iq

73 2454 208 2518 omnium
232 2454 377 2532 graduum
400 2454 460 2516 DG
485 2456 629 2518 terminos
651 2456 680 2517 D
704 2465 736 2519 et
759 2457 789 2520 G
811 2459 867 2520 hoc
895 2457 984 2518 modo
1009 2473 1133 2534 compu-
1233 2502 1249 2521 ,.
1312 2456 1333 2497 ²·-

72 2544 132 2607 tari
166 2543 287 2623 possint
315 2563 369 2623 per
400 2545 609 2607 demonstrata
642 2566 709 2626 cap.
741 2547 868 2621 XXIX,
906 2545 1014 2625 collegi
1043 2544 1134 2623 igitur
1227 2546 1233 2555 '

73 2652 180 2697 omnes
213 2628 279 2696 360
311 2633 474 2696 distantias
505 2634 567 2697 AG
595 2635 773 2713 longissima
803 2636 955 2698 additione
988 2635 1017 2695 in
1045 2651 1135 2695 unam
1405 2690 1408 2695 .

73 2741 232 2796 summam,
256 2742 331 2803 qnae
356 2723 477 2784 inventa
501 2730 550 2787 est
570 2714 747 2790 36075562
772 2725 1010 2798 (eccentricitate
1029 2718 1131 2795 9165)
1315 2722 1368 2797 ·.-‘·'.',.·'·
1399 2732 1424 2803 -ἳ

73 2811 260 2894 respondens
282 2811 419 2891 integrae
443 2814 570 2875 semitae
593 2812 675 2879 mli
695 2816 814 2878 Martis.
859 2814 930 2877 Jam
957 2821 1058 2877 centro
1082 2811 1122 2886 A,
1146 2805 1349 2867 diastemate¹
1413 2814 1416 2819 '

72 2902 224 2966 scribatur
247 2920 336 2963 arcus
358 2919 464 2964 versus
487 2902 526 2977 D,
551 2903 600 2984 qui
624 2900 666 2966 sit
688 2903 754 2968 GC.
798 2905 841 2968 Et
862 2905 941 2985 quia,
965 2920 1022 2985 qno
1046 2900 1162 2980 longior
1184 2796 1500 2997 distantimssq

71 2990 196 3055 brevius
219 2986 278 3053 iter
299 2990 451 3073 planetae,
476 2992 548 3055 data
571 3010 642 3071 ergo
666 2994 812 3057 distantia
834 3014 922 3056 arcus
945 2990 1050 3056 circuli
1067 2987 1129 3052 DG
1150 2983 1215 3066 (qui
1239 3001 1328 3044 &0¹¹⁸
1345 2982 1421 3062 dm,

71 3082 143 3143 dum
161 3076 223 3143 GA
239 3076 415 3143 distantim
439 3088 653 3162 computamus,
677 3083 751 3146 nihil
773 3085 854 3146 alind
877 3083 999 3146 metitur
1023 3100 1110 3162 quam
1133 3075 1279 3153 tempus),
1302 3070 1423 3135 dabitur
1468 3104 1483 3139 a.

71 3179 103 3235 et
126 3166 426 3247 longitudoitiueris
449 3170 545 3233 uvalis
562 3169 628 3245 DC,
653 3173 730 3253 qued
753 3173 876 3254 planeta
899 3173 930 3234 in
954 3180 1095 3250 suscepto
1114 3174 1251 3243 tempore
1266 3157 1330 3253 DG
1353 3161 1422 3233 (⁸01¹

71 3257 228 3325 anomalia
240 3254 371 3341 simplici
388 3255 438 3333 1⁰)
456 3259 584 3323 conficit.
621 3262 701 3324 Nam
719 3270 752 3324 nt
766 3262 923 3343 longitudo
938 3262 1032 3324 totius
1049 3258 1144 3323 uvalis
1164 3248 1422 3327 circumierantiae

70 3346 285 3415 adssnmmam
310 3346 520 3411 distantiarum
544 3351 683 3424 omnium,
708 3351 753 3414 ita
767 3371 800 3413 se
821 3351 915 3415 habet
936 3349 1085 3412 distantia
1101 3362 1189 3408 arcus
1204 3334 1260 3402 Dc
1284 3339 1424 3412 (inventa

70 3440 128 3521 pe'r
151 3454 255 3499 arcum
278 3434 353 3509 DG)
377 3438 416 3498 ad
439 3437 657 3519 longitudinem
681 3440 726 3502 sui
750 3460 837 3503 arcus
861 3439 958 3503 uvalis
981 3438 1047 3503 DC.
1086 3435 1251 3498 Probatum
1274 3427 1354 3493 enim
1375 3432 1425 3489 etl

69 3546 168 3611 supra
190 3545 255 3606 cap.
279 3526 429 3589 XXXIII.
454 3535 487 3589 et
509 3538 684 3609 usurpatum
706 3549 772 3611 cap.
796 3530 910 3601 XLVI.
936 3529 1000 3603 (uhi
1021 3526 1111 3606 hujus
1135 3517 1317 3603 operationis
1336 3518 1424 3599 jacta

69 3622 147 3682 sunt
169 3615 378 3688 fundamenta)
403 3637 524 3679 arcuum
547 3618 751 3683 coniectorum
774 3618 813 3683 ad
832 3619 992 3681 distantias
1015 3614 1238 3698 proportionem
1261 3626 1328 3670 essa
1351 3625 1423 3689 per-

69 3712 233 3773 mutatam.
269 3703 341 3768 Fuit
362 3714 463 3768 autem
486 3707 561 3769 haec
583 3708 683 3771 cautio
706 3728 726 3770 a
746 3726 794 3771 me
818 3708 962 3784 adhibita,
986 3713 1021 3770 nt
1039 3705 1235 3787 jungerentur
1262 3696 1330 3776 AD,
1353 3694 1423 3773 AG,

70 3795 195 3863 scilicet
222 3793 415 3858 terminomm
452 3793 478 3858 (l
508 3804 539 3858 et
566 3796 596 3858 D
627 3798 789 3863 distantiae
817 3798 857 3861 ab
879 3799 919 3869 A,
943 3805 975 3859 et

70 3884 207 3953 nedum
230 3902 363 3947 summae
386 3892 581 3965 usurparetur
599 3907 653 3967 pro
676 3886 806 3968 genuina
827 3886 975 3950 distantia

22 3968 27 3977 ⁸
73 3994 166 4041 mus
189 3973 284 4036 totius
306 3971 373 4037 Dc.
418 3974 580 4037 Dividetur
607 3977 685 4039 enirn
715 3977 843 4040 circulus
866 3976 976 4058 aliquis

73 4064 263 4131 eccentricus
289 4061 369 4138 ΒΚ,
402 4072 504 4125 centro
533 4065 559 4126 Β
594 4067 778 4147 descriptus,
810 4066 840 4128 in
872 4076 975 4147 partes

74 4160 267 4240 qnutmuque
290 4152 322 4214 in
344 4153 383 4228 D,
407 4151 446 4224 G,
471 4155 507 4228 L,
531 4153 570 4227 Κ,
593 4156 636 4227 Μ,
659 4156 703 4229 Ν,
727 4164 758 4218 et
780 4176 799 4217 a
820 4156 975 4237 principiis

74 4242 230 4328 partium,
260 4249 366 4305 centro
389 4243 491 4306 mundi
513 4244 559 4319 A,
594 4243 738 4307 ducantur
768 4265 855 4308 arcus
883 4266 975 4327 usque

75 4336 116 4398 ad
139 4333 239 4396 liueas
267 4350 305 4393 ex
327 4332 358 4394 A
379 4350 434 4412 per
455 4333 530 4395 fines
554 4353 675 4397 arcuum
699 4334 826 4413 ejectas,
852 4342 885 4396 ut
906 4333 975 4410 n0,

78 4422 145 4498 GP,
169 4420 238 4496 Lo,
262 4420 332 4496 KR,
355 4419 424 4495 MS,
446 4422 520 4498 NT3
554 4431 641 4486 emnt
670 4423 762 4504 plana
792 4425 823 4487 in
853 4425 975 4487 sinistro

77 4510 267 4577 semicirculo
282 4507 383 4586 ADO‚
397 4509 496 4585 AGP‚
515 4510 604 4583 ALQ
626 4513 742 4591 majora
758 4513 862 4592 just03
885 4514 977 4594 plana

78 4604 110 4665 in
139 4601 247 4664 dextro
279 4598 378 4676 ANT‚
410 4599 508 4675 AMS,
541 4600 631 4667 ΑΚΒ
662 4601 778 4664 minora
802 4603 896 4683 justo.
940 4604 1015 4687 Iup

79 4689 210 4755 iniuimrs
233 4689 327 4771 igitur
348 4689 476 4755 ultemm
499 4690 537 4751 ab
568 4692 663 4754 altero
692 4700 920 4773 compensatur,
944 4699 978 4754 ut

81 4781 177 4863 Thu,
192 4776 281 4847 ODA
296 4798 387 4865 quarn
408 4779 543 4860 proxima
562 4789 693 4865 aequant
711 4775 977 4869 GDNAjplanum.

1386 2580 1389 2607 l

1318 2682 1384 2733 ,ἡ
