<?xml version="1.0" encoding="UTF-8"?>
<!DOCTYPE html PUBLIC "-//W3C//DTD XHTML 1.0 Transitional//EN"
    "http://www.w3.org/TR/xhtml1/DTD/xhtml1-transitional.dtd">
<html xmlns="http://www.w3.org/1999/xhtml" xml:lang="en" lang="en">
 <head>
  <title>
</title>
<meta http-equiv="Content-Type" content="text/html;charset=utf-8" />
  <meta name='ocr-system' content='tesseract 3.04.00' />
  <meta name='ocr-capabilities' content='ocr_page ocr_carea ocr_par ocr_line ocrx_word'/>
</head>
<body>
  <div class='ocr_page' id='page_1' title='image "./joanniskepleria05frisgoog/joanniskepleria05frisgoog_0132.png"; bbox 0 0 3374 5528; ppageno 0'>
   <div class='ocr_carea' id='block_1_1' title="bbox 439 273 1408 349">
    <p class='ocr_par' dir='ltr' id='par_1_1' title="bbox 439 273 1408 349">
     <span class='ocr_line' id='line_1_1' title="bbox 439 273 1408 349; baseline 0.008 -12"><span class='ocrx_word' id='word_1_1' title='bbox 439 282 471 337; x_wconf 88' lang='lat' dir='ltr'>de</span> <span class='ocrx_word' id='word_1_2' title='bbox 489 284 677 339; x_wconf 80' lang='lat' dir='ltr'>Commentariis</span> <span class='ocrx_word' id='word_1_3' title='bbox 695 285 726 337; x_wconf 91' lang='lat' dir='ltr'>de</span> <span class='ocrx_word' id='word_1_4' title='bbox 744 290 812 338; x_wconf 87' lang='lat' dir='ltr'>motu</span> <span class='ocrx_word' id='word_1_5' title='bbox 828 284 917 339; x_wconf 72' lang='lat' dir='ltr'>cales</span> <span class='ocrx_word' id='word_1_6' title='bbox 935 283 1031 337; x_wconf 72' lang='lat' dir='ltr'>Marte</span> <span class='ocrx_word' id='word_1_7' title='bbox 1345 273 1408 349; x_wconf 65' lang='lat'>127</span> 
     </span>
    </p>
   </div>
   <div class='ocr_carea' id='block_1_2' title="bbox 54 457 1510 3940">
    <p class='ocr_par' dir='ltr' id='par_1_2' title="bbox 54 457 1412 1242">
     <span class='ocr_line' id='line_1_2' title="bbox 147 457 1408 528; baseline -0.006 -11"><span class='ocrx_word' id='word_1_8' title='bbox 147 464 337 517; x_wconf 73' lang='lat' dir='ltr'>Fabricius:</span> <span class='ocrx_word' id='word_1_9' title='bbox 357 462 385 517; x_wconf 86' lang='lat' dir='ltr'>Si</span> <span class='ocrx_word' id='word_1_10' title='bbox 401 464 448 516; x_wconf 91' lang='lat' dir='ltr'>hoc</span> <span class='ocrx_word' id='word_1_11' title='bbox 466 479 522 515; x_wconf 89' lang='lat' dir='ltr'>meo</span> <span class='ocrx_word' id='word_1_12' title='bbox 540 466 612 519; x_wconf 86' lang='lat' dir='ltr'>modo</span> <span class='ocrx_word' id='word_1_13' title='bbox 630 467 655 516; x_wconf 92' lang='lat' dir='ltr'>iu</span> <span class='ocrx_word' id='word_1_14' title='bbox 675 480 777 517; x_wconf 72' lang='lat' dir='ltr'>arcemn</span> <span class='ocrx_word' id='word_1_15' title='bbox 795 464 880 518; x_wconf 89' lang='lat' dir='ltr'>circuli</span> <span class='ocrx_word' id='word_1_16' title='bbox 896 461 951 528; x_wconf 85' lang='lat' dir='ltr'>(per</span> <span class='ocrx_word' id='word_1_17' title='bbox 962 461 1114 516; x_wconf 53' lang='lat' dir='ltr'>&amp;didonem</span> <span class='ocrx_word' id='word_1_18' title='bbox 1132 460 1240 526; x_wconf 74' lang='lat' dir='ltr'>putum</span> <span class='ocrx_word' id='word_1_19' title='bbox 1256 457 1357 511; x_wconf 84' lang='lat' dir='ltr'>lunulae</span> <span class='ocrx_word' id='word_1_20' title='bbox 1375 458 1408 509; x_wconf 89' lang='lat' dir='ltr'>ad</span> 
     </span>
     <span class='ocr_line' id='line_1_3' title="bbox 59 529 1409 605; baseline -0.004 -17"><span class='ocrx_word' id='word_1_21' title='bbox 59 538 142 588; x_wconf 83' lang='lat' dir='ltr'>sinum</span> <span class='ocrx_word' id='word_1_22' title='bbox 161 534 315 597; x_wconf 74' lang='lat' dir='ltr'>momalrae)</span> <span class='ocrx_word' id='word_1_23' title='bbox 332 551 377 600; x_wconf 91' lang='lat' dir='ltr'>per</span> <span class='ocrx_word' id='word_1_24' title='bbox 394 536 566 602; x_wconf 87' lang='lat' dir='ltr'>rectangulum</span> <span class='ocrx_word' id='word_1_25' title='bbox 583 537 622 589; x_wconf 83' lang='lat' dir='ltr'>rei</span> <span class='ocrx_word' id='word_1_26' title='bbox 643 537 790 589; x_wconf 74' lang='lat' dir='ltr'><strong>foecundam</strong></span> <span class='ocrx_word' id='word_1_27' title='bbox 815 537 927 591; x_wconf 89' lang='lat' dir='ltr'>tabulam</span> <span class='ocrx_word' id='word_1_28' title='bbox 951 533 1105 605; x_wconf 76' lang='lat' dir='ltr'>aequationis</span> <span class='ocrx_word' id='word_1_29' title='bbox 1122 533 1216 596; x_wconf 86' lang='lat' dir='ltr'>primae</span> <span class='ocrx_word' id='word_1_30' title='bbox 1235 530 1353 596; x_wconf 82' lang='lat' dir='ltr'>angulum</span> <span class='ocrx_word' id='word_1_31' title='bbox 1370 529 1409 583; x_wconf 81' lang='lat' dir='ltr'>rsl</span> 
     </span>
     <span class='ocr_line' id='line_1_4' title="bbox 56 598 1411 674; baseline -0.006 -13"><span class='ocrx_word' id='word_1_32' title='bbox 56 607 211 665; x_wconf 53' lang='lat' dir='ltr'>anomalam</span> <span class='ocrx_word' id='word_1_33' title='bbox 227 609 305 673; x_wconf 89' lang='lat' dir='ltr'>primo</span> <span class='ocrx_word' id='word_1_34' title='bbox 328 598 492 672; x_wconf 56' lang='lat' dir='ltr'>coaequatam</span> <span class='ocrx_word' id='word_1_35' title='bbox 516 609 668 673; x_wconf 63' lang='lat' dir='ltr'>inquisiverit</span> <span class='ocrx_word' id='word_1_36' title='bbox 687 614 714 660; x_wconf 85' lang='lat' dir='ltr'>e&#39;t</span> <span class='ocrx_word' id='word_1_37' title='bbox 734 614 790 672; x_wconf 88' lang='lat' dir='ltr'>port</span> <span class='ocrx_word' id='word_1_38' title='bbox 806 623 851 674; x_wconf 91' lang='lat' dir='ltr'>per</span> <span class='ocrx_word' id='word_1_39' title='bbox 867 609 933 658; x_wconf 91' lang='lat' dir='ltr'>huuc</span> <span class='ocrx_word' id='word_1_40' title='bbox 960 611 1095 670; x_wconf 77' lang='lat' dir='ltr'>sequanum</span> <span class='ocrx_word' id='word_1_41' title='bbox 1122 604 1240 668; x_wconf 85' lang='lat' dir='ltr'>anguium</span> <span class='ocrx_word' id='word_1_42' title='bbox 1268 601 1411 653; x_wconf 74' lang='lat' dir='ltr'>nomadas</span> 
     </span>
     <span class='ocr_line' id='line_1_5' title="bbox 56 672 1409 745; baseline -0.004 -14"><span class='ocrx_word' id='word_1_43' title='bbox 56 678 196 731; x_wconf 77' lang='lat' dir='ltr'>secundm</span> <span class='ocrx_word' id='word_1_44' title='bbox 215 679 389 745; x_wconf 65' lang='lat' dir='ltr'>aequationem</span> <span class='ocrx_word' id='word_1_45' title='bbox 407 680 601 744; x_wconf 72' lang='lat' dir='ltr'>investigaveris,</span> <span class='ocrx_word' id='word_1_46' title='bbox 620 682 722 737; x_wconf 85' lang='lat' dir='ltr'>babebis</span> <span class='ocrx_word' id='word_1_47' title='bbox 740 688 819 731; x_wconf 82' lang='lat' dir='ltr'>totam</span> <span class='ocrx_word' id='word_1_48' title='bbox 837 677 1070 744; x_wconf 85' lang='lat' dir='ltr'>prosthapbaeresin</span> <span class='ocrx_word' id='word_1_49' title='bbox 1086 676 1245 727; x_wconf 82' lang='lat' dir='ltr'>verissimam.</span> <span class='ocrx_word' id='word_1_50' title='bbox 1274 672 1310 724; x_wconf 85' lang='lat' dir='ltr'>Ut</span> <span class='ocrx_word' id='word_1_51' title='bbox 1326 686 1409 725; x_wconf 79' lang='lat' dir='ltr'>measa</span> 
     </span>
     <span class='ocr_line' id='line_1_6' title="bbox 54 743 1410 817; baseline -0.005 -16"><span class='ocrx_word' id='word_1_52' title='bbox 54 750 214 816; x_wconf 84' lang='lat' dir='ltr'>hypothesin,</span> <span class='ocrx_word' id='word_1_53' title='bbox 233 764 307 815; x_wconf 90' lang='lat' dir='ltr'>quarn</span> <span class='ocrx_word' id='word_1_54' title='bbox 319 757 365 801; x_wconf 86' lang='lat' dir='ltr'>tua</span> <span class='ocrx_word' id='word_1_55' title='bbox 376 751 494 800; x_wconf 84' lang='lat' dir='ltr'>veriorem</span> <span class='ocrx_word' id='word_1_56' title='bbox 510 752 602 815; x_wconf 81' lang='lat' dir='ltr'>jndico,</span> <span class='ocrx_word' id='word_1_57' title='bbox 620 753 716 817; x_wconf 86' lang='lat' dir='ltr'>plenius</span> <span class='ocrx_word' id='word_1_58' title='bbox 733 754 874 816; x_wconf 88' lang='lat' dir='ltr'>perspicias,</span> <span class='ocrx_word' id='word_1_59' title='bbox 895 767 925 802; x_wconf 89' lang='lat' dir='ltr'>en</span> <span class='ocrx_word' id='word_1_60' title='bbox 937 749 1046 800; x_wconf 90' lang='lat' dir='ltr'>schema.</span> <span class='ocrx_word' id='word_1_61' title='bbox 1061 776 1093 785; x_wconf 96' lang='lat'><em>-</em></span> <span class='ocrx_word' id='word_1_62' title='bbox 1106 746 1161 797; x_wconf 86' lang='lat' dir='ltr'>Hoc</span> <span class='ocrx_word' id='word_1_63' title='bbox 1173 746 1275 797; x_wconf 87' lang='lat' dir='ltr'>schema</span> <span class='ocrx_word' id='word_1_64' title='bbox 1286 743 1410 795; x_wconf 86' lang='lat' dir='ltr'>additam·</span> 
     </span>
     <span class='ocr_line' id='line_1_7' title="bbox 55 815 1410 887; baseline -0.004 -16"><span class='ocrx_word' id='word_1_65' title='bbox 55 836 105 887; x_wconf 85' lang='lat' dir='ltr'>qne</span> <span class='ocrx_word' id='word_1_66' title='bbox 133 821 322 885; x_wconf 78' lang='lat' dir='ltr'>explicationem</span> <span class='ocrx_word' id='word_1_67' title='bbox 349 821 486 872; x_wconf 90' lang='lat' dir='ltr'>omittenda</span> <span class='ocrx_word' id='word_1_68' title='bbox 514 837 650 881; x_wconf 87' lang='lat' dir='ltr'>censemus,</span> <span class='ocrx_word' id='word_1_69' title='bbox 677 839 731 874; x_wconf 90' lang='lat' dir='ltr'>cnm</span> <span class='ocrx_word' id='word_1_70' title='bbox 760 825 818 887; x_wconf 90' lang='lat' dir='ltr'>quia</span> <span class='ocrx_word' id='word_1_71' title='bbox 844 825 896 887; x_wconf 89' lang='lat' dir='ltr'>ipse</span> <span class='ocrx_word' id='word_1_72' title='bbox 924 820 1053 884; x_wconf 88' lang='lat' dir='ltr'>adscripsit</span> <span class='ocrx_word' id='word_1_73' title='bbox 1070 818 1214 871; x_wconf 76' lang='lat' dir='ltr'>Fabricius:</span> <span class='ocrx_word' id='word_1_74' title='bbox 1250 830 1296 876; x_wconf 81' lang='lat' dir='ltr'>,ex</span> <span class='ocrx_word' id='word_1_75' title='bbox 1324 815 1410 867; x_wconf 90' lang='lat' dir='ltr'>celeri·</span> 
     </span>
     <span class='ocr_line' id='line_1_8' title="bbox 56 885 1410 958; baseline -0.004 -16"><span class='ocrx_word' id='word_1_76' title='bbox 56 900 113 943; x_wconf 87' lang='lat' dir='ltr'>tate</span> <span class='ocrx_word' id='word_1_77' title='bbox 133 899 160 942; x_wconf 89' lang='lat' dir='ltr'>et</span> <span class='ocrx_word' id='word_1_78' title='bbox 176 893 341 958; x_wconf 77' lang='lat' dir='ltr'>incogitantia</span> <span class='ocrx_word' id='word_1_79' title='bbox 359 893 465 943; x_wconf 85' lang='lat' dir='ltr'>Martem</span> <span class='ocrx_word' id='word_1_80' title='bbox 484 909 526 958; x_wconf 89' lang='lat' dir='ltr'>pro</span> <span class='ocrx_word' id='word_1_81' title='bbox 544 895 675 944; x_wconf 83' lang='lat' dir='ltr'>libratione</span> <span class='ocrx_word' id='word_1_82' title='bbox 694 894 783 958; x_wconf 86' lang='lat' dir='ltr'>aphelii</span> <span class='ocrx_word' id='word_1_83' title='bbox 801 896 866 945; x_wconf 92' lang='lat' dir='ltr'>male</span> <span class='ocrx_word' id='word_1_84' title='bbox 886 892 1030 950; x_wconf 84' lang='lat' dir='ltr'>collocavi“,</span> <span class='ocrx_word' id='word_1_85' title='bbox 1050 890 1138 941; x_wconf 91' lang='lat' dir='ltr'>deiude</span> <span class='ocrx_word' id='word_1_86' title='bbox 1156 895 1266 940; x_wconf 88' lang='lat' dir='ltr'>correcte</span> <span class='ocrx_word' id='word_1_87' title='bbox 1283 887 1321 937; x_wconf 89' lang='lat' dir='ltr'>his</span> <span class='ocrx_word' id='word_1_88' title='bbox 1338 885 1410 936; x_wconf 87' lang='lat' dir='ltr'>sche-</span> 
     </span>
     <span class='ocr_line' id='line_1_9' title="bbox 56 958 1409 1028; baseline -0.005 -13"><span class='ocrx_word' id='word_1_89' title='bbox 56 971 130 1015; x_wconf 85' lang='lat' dir='ltr'>mate</span> <span class='ocrx_word' id='word_1_90' title='bbox 146 964 229 1028; x_wconf 81' lang='lat' dir='ltr'>priori,</span> <span class='ocrx_word' id='word_1_91' title='bbox 248 963 335 1015; x_wconf 89' lang='lat' dir='ltr'>addit:</span> <span class='ocrx_word' id='word_1_92' title='bbox 365 963 483 1023; x_wconf 78' lang='lat' dir='ltr'>,schenm</span> <span class='ocrx_word' id='word_1_93' title='bbox 499 967 579 1015; x_wconf 84' lang='lat' dir='ltr'>miuus</span> <span class='ocrx_word' id='word_1_94' title='bbox 598 966 726 1015; x_wconf 90' lang='lat' dir='ltr'>commode</span> <span class='ocrx_word' id='word_1_95' title='bbox 744 967 901 1024; x_wconf 83' lang='lat' dir='ltr'>iormaturu“,</span> <span class='ocrx_word' id='word_1_96' title='bbox 927 972 953 1014; x_wconf 90' lang='lat' dir='ltr'>et</span> <span class='ocrx_word' id='word_1_97' title='bbox 970 963 1058 1013; x_wconf 86' lang='lat' dir='ltr'>alteri:</span> <span class='ocrx_word' id='word_1_98' title='bbox 1080 963 1174 1020; x_wconf 83' lang='lat' dir='ltr'>,nimis</span> <span class='ocrx_word' id='word_1_99' title='bbox 1194 960 1321 1010; x_wconf 79' lang='lat' dir='ltr'>lesdnatio</span> <span class='ocrx_word' id='word_1_100' title='bbox 1339 958 1409 1014; x_wconf 85' lang='lat' dir='ltr'>iacit,</span> 
     </span>
     <span class='ocr_line' id='line_1_10' title="bbox 57 1031 1408 1102; baseline -0.007 -14"><span class='ocrx_word' id='word_1_101' title='bbox 57 1048 89 1088; x_wconf 84' lang='lat' dir='ltr'>nt</span> <span class='ocrx_word' id='word_1_102' title='bbox 107 1035 236 1087; x_wconf 85' lang='lat' dir='ltr'>commode</span> <span class='ocrx_word' id='word_1_103' title='bbox 261 1042 340 1085; x_wconf 86' lang='lat' dir='ltr'>totam</span> <span class='ocrx_word' id='word_1_104' title='bbox 366 1035 512 1098; x_wconf 73' lang='lat' dir='ltr'>hypothesin</span> <span class='ocrx_word' id='word_1_105' title='bbox 531 1038 557 1085; x_wconf 92' lang='lat' dir='ltr'>in</span> <span class='ocrx_word' id='word_1_106' title='bbox 574 1052 624 1086; x_wconf 91' lang='lat' dir='ltr'>uuo</span> <span class='ocrx_word' id='word_1_107' title='bbox 641 1038 769 1088; x_wconf 88' lang='lat' dir='ltr'>schemate</span> <span class='ocrx_word' id='word_1_108' title='bbox 787 1053 836 1087; x_wconf 91' lang='lat' dir='ltr'>non</span> <span class='ocrx_word' id='word_1_109' title='bbox 855 1035 1041 1102; x_wconf 76' lang='lat' dir='ltr'>depinxerim“;</span> <span class='ocrx_word' id='word_1_110' title='bbox 1066 1040 1118 1084; x_wconf 92' lang='lat' dir='ltr'>tum</span> <span class='ocrx_word' id='word_1_111' title='bbox 1137 1035 1195 1098; x_wconf 91' lang='lat' dir='ltr'>qnia</span> <span class='ocrx_word' id='word_1_112' title='bbox 1214 1031 1340 1081; x_wconf 72' lang='lat' dir='ltr'>ramnus</span> <span class='ocrx_word' id='word_1_113' title='bbox 1357 1042 1408 1079; x_wconf 88' lang='lat' dir='ltr'>noa</span> 
     </span>
     <span class='ocr_line' id='line_1_11' title="bbox 58 1101 1412 1173; baseline -0.006 -15"><span class='ocrx_word' id='word_1_114' title='bbox 58 1115 194 1158; x_wconf 81' lang='lat' dir='ltr'>contentae</span> <span class='ocrx_word' id='word_1_115' title='bbox 212 1107 289 1157; x_wconf 90' lang='lat' dir='ltr'>tribus</span> <span class='ocrx_word' id='word_1_116' title='bbox 307 1107 345 1156; x_wconf 90' lang='lat' dir='ltr'>his</span> <span class='ocrx_word' id='word_1_117' title='bbox 362 1108 436 1156; x_wconf 85' lang='lat' dir='ltr'>irritis</span> <span class='ocrx_word' id='word_1_118' title='bbox 454 1108 582 1157; x_wconf 84' lang='lat' dir='ltr'>conatibus</span> <span class='ocrx_word' id='word_1_119' title='bbox 600 1115 714 1173; x_wconf 81' lang='lat' dir='ltr'>quartum</span> <span class='ocrx_word' id='word_1_120' title='bbox 726 1109 783 1172; x_wconf 91' lang='lat' dir='ltr'>quin</span> <span class='ocrx_word' id='word_1_121' title='bbox 798 1111 876 1160; x_wconf 87' lang='lat' dir='ltr'>etiam</span> <span class='ocrx_word' id='word_1_122' title='bbox 887 1110 998 1173; x_wconf 90' lang='lat' dir='ltr'>quintum</span> <span class='ocrx_word' id='word_1_123' title='bbox 1010 1106 1043 1156; x_wconf 90' lang='lat' dir='ltr'>ad</span> <span class='ocrx_word' id='word_1_124' title='bbox 1053 1105 1121 1156; x_wconf 90' lang='lat' dir='ltr'>idern</span> <span class='ocrx_word' id='word_1_125' title='bbox 1133 1106 1206 1160; x_wconf 84' lang='lat' dir='ltr'>redit,</span> <span class='ocrx_word' id='word_1_126' title='bbox 1225 1102 1292 1152; x_wconf 86' lang='lat' dir='ltr'>unde</span> <span class='ocrx_word' id='word_1_127' title='bbox 1302 1101 1368 1151; x_wconf 82' lang='lat' dir='ltr'>inira</span> <span class='ocrx_word' id='word_1_128' title='bbox 1379 1110 1412 1151; x_wconf 89' lang='lat' dir='ltr'>es</span> 
     </span>
     <span class='ocr_line' id='line_1_12' title="bbox 57 1178 585 1242; baseline -0.002 -12"><span class='ocrx_word' id='word_1_129' title='bbox 57 1178 233 1236; x_wconf 72' lang='lat' dir='ltr'>sumtum,</span> <span class='ocrx_word' id='word_1_130' title='bbox 251 1191 316 1242; x_wconf 88' lang='lat' dir='ltr'>quse</span> <span class='ocrx_word' id='word_1_131' title='bbox 334 1178 367 1230; x_wconf 89' lang='lat' dir='ltr'>ad</span> <span class='ocrx_word' id='word_1_132' title='bbox 385 1193 437 1228; x_wconf 89' lang='lat' dir='ltr'>rem</span> <span class='ocrx_word' id='word_1_133' title='bbox 454 1180 585 1242; x_wconf 80' lang='lat' dir='ltr'>pertinent</span> 
     </span>
    </p>

    <p class='ocr_par' dir='ltr' id='par_1_3' title="bbox 57 1243 1510 2671">
     <span class='ocr_line' id='line_1_13' title="bbox 149 1243 1412 1319; baseline -0.007 -19"><span class='ocrx_word' id='word_1_134' title='bbox 149 1248 209 1300; x_wconf 85' lang='lat' dir='ltr'>Jsm</span> <span class='ocrx_word' id='word_1_135' title='bbox 226 1264 275 1299; x_wconf 93' lang='lat' dir='ltr'>non</span> <span class='ocrx_word' id='word_1_136' title='bbox 299 1250 434 1314; x_wconf 86' lang='lat' dir='ltr'>respiciens</span> <span class='ocrx_word' id='word_1_137' title='bbox 452 1250 518 1300; x_wconf 89' lang='lat' dir='ltr'>male</span> <span class='ocrx_word' id='word_1_138' title='bbox 537 1250 676 1319; x_wconf 78' lang='lat' dir='ltr'>debueatas</span> <span class='ocrx_word' id='word_1_139' title='bbox 698 1250 790 1317; x_wconf 82' lang='lat' dir='ltr'>figuras</span> <span class='ocrx_word' id='word_1_140' title='bbox 809 1251 934 1302; x_wconf 79' lang='lat' dir='ltr'>exclamat</span> <span class='ocrx_word' id='word_1_141' title='bbox 951 1249 1093 1300; x_wconf 69' lang='lat' dir='ltr'>Fatuclus:</span> <span class='ocrx_word' id='word_1_142' title='bbox 1111 1262 1184 1313; x_wconf 88' lang='lat' dir='ltr'>qnam</span> <span class='ocrx_word' id='word_1_143' title='bbox 1200 1243 1319 1308; x_wconf 81' lang='lat' dir='ltr'>jucunde,</span> <span class='ocrx_word' id='word_1_144' title='bbox 1338 1256 1412 1307; x_wconf 85' lang='lat' dir='ltr'>qnam</span> 
     </span>
     <span class='ocr_line' id='line_1_14' title="bbox 57 1315 1412 1387; baseline -0.007 -14"><span class='ocrx_word' id='word_1_145' title='bbox 57 1328 145 1378; x_wconf 73' lang='lat' dir='ltr'>outo,</span> <span class='ocrx_word' id='word_1_146' title='bbox 173 1334 249 1385; x_wconf 87' lang='lat' dir='ltr'>qnam</span> <span class='ocrx_word' id='word_1_147' title='bbox 277 1321 369 1379; x_wconf 84' lang='lat' dir='ltr'>iaciie,</span> <span class='ocrx_word' id='word_1_148' title='bbox 398 1334 472 1384; x_wconf 85' lang='lat' dir='ltr'>qnam</span> <span class='ocrx_word' id='word_1_149' title='bbox 497 1330 662 1387; x_wconf 79' lang='lat' dir='ltr'>congruenter</span> <span class='ocrx_word' id='word_1_150' title='bbox 683 1323 747 1373; x_wconf 89' lang='lat' dir='ltr'>haec</span> <span class='ocrx_word' id='word_1_151' title='bbox 775 1324 840 1373; x_wconf 86' lang='lat' dir='ltr'>inter</span> <span class='ocrx_word' id='word_1_152' title='bbox 857 1337 885 1372; x_wconf 83' lang='lat' dir='ltr'>se</span> <span class='ocrx_word' id='word_1_153' title='bbox 904 1328 929 1371; x_wconf 89' lang='lat' dir='ltr'>et</span> <span class='ocrx_word' id='word_1_154' title='bbox 947 1321 1014 1371; x_wconf 73' lang='lat' dir='ltr'>codo</span> <span class='ocrx_word' id='word_1_155' title='bbox 1037 1322 1209 1376; x_wconf 86' lang='lat' dir='ltr'>consentiant,</span> <span class='ocrx_word' id='word_1_156' title='bbox 1237 1315 1344 1379; x_wconf 84' lang='lat' dir='ltr'>pluribus</span> <span class='ocrx_word' id='word_1_157' title='bbox 1362 1328 1412 1364; x_wconf 89' lang='lat' dir='ltr'>nou</span> 
     </span>
     <span class='ocr_line' id='line_1_15' title="bbox 58 1384 1409 1460; baseline -0.007 -16"><span class='ocrx_word' id='word_1_158' title='bbox 58 1393 244 1444; x_wconf 77' lang='lat' dir='ltr'>demonstmho.</span> <span class='ocrx_word' id='word_1_159' title='bbox 276 1391 315 1442; x_wconf 89' lang='lat' dir='ltr'>Tu</span> <span class='ocrx_word' id='word_1_160' title='bbox 331 1393 373 1442; x_wconf 86' lang='lat' dir='ltr'>isc</span> <span class='ocrx_word' id='word_1_161' title='bbox 390 1392 525 1457; x_wconf 89' lang='lat' dir='ltr'>periculum</span> <span class='ocrx_word' id='word_1_162' title='bbox 544 1400 570 1443; x_wconf 91' lang='lat' dir='ltr'>et</span> <span class='ocrx_word' id='word_1_163' title='bbox 588 1395 693 1445; x_wconf 83' lang='lat' dir='ltr'>Fabricii</span> <span class='ocrx_word' id='word_1_164' title='bbox 710 1395 806 1460; x_wconf 82' lang='lat' dir='ltr'>vigilias</span> <span class='ocrx_word' id='word_1_165' title='bbox 825 1393 908 1443; x_wconf 87' lang='lat' dir='ltr'>multis</span> <span class='ocrx_word' id='word_1_166' title='bbox 927 1394 998 1443; x_wconf 90' lang='lat' dir='ltr'>annis</span> <span class='ocrx_word' id='word_1_167' title='bbox 1016 1391 1152 1441; x_wconf 88' lang='lat' dir='ltr'>inhaere</span> <span class='ocrx_word' id='word_1_168' title='bbox 1171 1387 1312 1440; x_wconf 85' lang='lat' dir='ltr'>exantlatas</span> <span class='ocrx_word' id='word_1_169' title='bbox 1331 1384 1409 1435; x_wconf 87' lang='lat' dir='ltr'>admi·</span> 
     </span>
     <span class='ocr_line' id='line_1_16' title="bbox 57 1462 1412 1531; baseline -0.007 -16"><span class='ocrx_word' id='word_1_170' title='bbox 57 1464 161 1515; x_wconf 72' lang='lat' dir='ltr'>utens</span> <span class='ocrx_word' id='word_1_171' title='bbox 198 1462 283 1524; x_wconf 80' lang='lat' dir='ltr'>(Haec</span> <span class='ocrx_word' id='word_1_172' title='bbox 302 1463 377 1512; x_wconf 84' lang='lat' dir='ltr'>verba</span> <span class='ocrx_word' id='word_1_173' title='bbox 394 1465 504 1528; x_wconf 87' lang='lat' dir='ltr'>sequitur</span> <span class='ocrx_word' id='word_1_174' title='bbox 521 1465 632 1515; x_wconf 87' lang='lat' dir='ltr'>secunda</span> <span class='ocrx_word' id='word_1_175' title='bbox 650 1481 743 1522; x_wconf 86' lang='lat' dir='ltr'>aarum.</span> <span class='ocrx_word' id='word_1_176' title='bbox 763 1480 824 1531; x_wconf 88' lang='lat' dir='ltr'>quas</span> <span class='ocrx_word' id='word_1_177' title='bbox 842 1465 954 1525; x_wconf 86' lang='lat' dir='ltr'>diximus,</span> <span class='ocrx_word' id='word_1_178' title='bbox 974 1465 1160 1520; x_wconf 86' lang='lat' dir='ltr'>correctionum,</span> <span class='ocrx_word' id='word_1_179' title='bbox 1179 1464 1300 1524; x_wconf 88' lang='lat' dir='ltr'>integrum</span> <span class='ocrx_word' id='word_1_180' title='bbox 1323 1469 1412 1508; x_wconf 88' lang='lat' dir='ltr'>consu·</span> 
     </span>
     <span class='ocr_line' id='line_1_17' title="bbox 58 1527 1415 1600; baseline -0.007 -14"><span class='ocrx_word' id='word_1_181' title='bbox 58 1550 131 1586; x_wconf 85' lang='lat' dir='ltr'>meas</span> <span class='ocrx_word' id='word_1_182' title='bbox 142 1530 250 1593; x_wconf 77' lang='lat' dir='ltr'>lolium.)</span> <span class='ocrx_word' id='word_1_183' title='bbox 271 1533 369 1584; x_wconf 84' lang='lat' dir='ltr'>Deinde</span> <span class='ocrx_word' id='word_1_184' title='bbox 381 1537 478 1599; x_wconf 70' lang='lat' dir='ltr'>pergite</span> <span class='ocrx_word' id='word_1_185' title='bbox 497 1535 570 1592; x_wconf 85' lang='lat' dir='ltr'>Vide.</span> <span class='ocrx_word' id='word_1_186' title='bbox 589 1538 622 1585; x_wconf 92' lang='lat' dir='ltr'>mi</span> <span class='ocrx_word' id='word_1_187' title='bbox 636 1538 797 1588; x_wconf 82' lang='lat' dir='ltr'>eruditissime</span> <span class='ocrx_word' id='word_1_188' title='bbox 809 1536 925 1600; x_wconf 89' lang='lat' dir='ltr'>Keplere‚</span> <span class='ocrx_word' id='word_1_189' title='bbox 937 1550 1003 1585; x_wconf 90' lang='lat' dir='ltr'>nunc</span> <span class='ocrx_word' id='word_1_190' title='bbox 1016 1536 1142 1599; x_wconf 88' lang='lat' dir='ltr'>utriusque</span> <span class='ocrx_word' id='word_1_191' title='bbox 1158 1530 1315 1596; x_wconf 90' lang='lat' dir='ltr'>hypotheses,</span> <span class='ocrx_word' id='word_1_192' title='bbox 1329 1527 1415 1578; x_wconf 83' lang='lat' dir='ltr'>conier</span> 
     </span>
     <span class='ocr_line' id='line_1_18' title="bbox 59 1599 1412 1675; baseline -0.007 -18"><span class='ocrx_word' id='word_1_193' title='bbox 59 1606 127 1662; x_wconf 85' lang='lat' dir='ltr'>ilisa,</span> <span class='ocrx_word' id='word_1_194' title='bbox 146 1614 173 1657; x_wconf 88' lang='lat' dir='ltr'>et</span> <span class='ocrx_word' id='word_1_195' title='bbox 187 1606 288 1668; x_wconf 75' lang='lat' dir='ltr'>judica,</span> <span class='ocrx_word' id='word_1_196' title='bbox 307 1613 366 1655; x_wconf 87' lang='lat' dir='ltr'>utra</span> <span class='ocrx_word' id='word_1_197' title='bbox 382 1607 415 1655; x_wconf 89' lang='lat' dir='ltr'>sit</span> <span class='ocrx_word' id='word_1_198' title='bbox 432 1606 548 1675; x_wconf 83' lang='lat' dir='ltr'>facilior,¹</span> <span class='ocrx_word' id='word_1_199' title='bbox 561 1608 594 1657; x_wconf 92' lang='lat' dir='ltr'>ad</span> <span class='ocrx_word' id='word_1_200' title='bbox 611 1609 763 1671; x_wconf 89' lang='lat' dir='ltr'>probandum</span> <span class='ocrx_word' id='word_1_201' title='bbox 782 1616 808 1659; x_wconf 91' lang='lat' dir='ltr'>et</span> <span class='ocrx_word' id='word_1_202' title='bbox 830 1607 1026 1673; x_wconf 87' lang='lat' dir='ltr'>persuadendum</span> <span class='ocrx_word' id='word_1_203' title='bbox 1053 1605 1242 1657; x_wconf 84' lang='lat' dir='ltr'>convenientior.</span> <span class='ocrx_word' id='word_1_204' title='bbox 1279 1600 1334 1650; x_wconf 81' lang='lat' dir='ltr'>Hoc</span> <span class='ocrx_word' id='word_1_205' title='bbox 1352 1599 1412 1656; x_wconf 87' lang='lat' dir='ltr'>scic,</span> 
     </span>
     <span class='ocr_line' id='line_1_19' title="bbox 58 1668 1510 1749; baseline -0.006 -20"><span class='ocrx_word' id='word_1_206' title='bbox 58 1677 156 1729; x_wconf 81' lang='lat' dir='ltr'>nullam</span> <span class='ocrx_word' id='word_1_207' title='bbox 173 1690 283 1741; x_wconf 87' lang='lat' dir='ltr'>unquam</span> <span class='ocrx_word' id='word_1_208' title='bbox 302 1677 435 1747; x_wconf 74' lang='lat' dir='ltr'>faciliorem</span> <span class='ocrx_word' id='word_1_209' title='bbox 452 1679 478 1727; x_wconf 91' lang='lat' dir='ltr'>in</span> <span class='ocrx_word' id='word_1_210' title='bbox 497 1681 659 1742; x_wconf 87' lang='lat' dir='ltr'>superioribus</span> <span class='ocrx_word' id='word_1_211' title='bbox 678 1681 763 1730; x_wconf 58' lang='lat' dir='ltr'>&amp;tam</span> <span class='ocrx_word' id='word_1_212' title='bbox 782 1695 837 1731; x_wconf 88' lang='lat' dir='ltr'>esse</span> <span class='ocrx_word' id='word_1_213' title='bbox 856 1687 900 1730; x_wconf 89' lang='lat' dir='ltr'>ant</span> <span class='ocrx_word' id='word_1_214' title='bbox 917 1680 971 1728; x_wconf 86' lang='lat' dir='ltr'>dari</span> <span class='ocrx_word' id='word_1_215' title='bbox 985 1692 1064 1742; x_wconf 89' lang='lat' dir='ltr'>posse,</span> <span class='ocrx_word' id='word_1_216' title='bbox 1083 1685 1109 1727; x_wconf 91' lang='lat' dir='ltr'>et</span> <span class='ocrx_word' id='word_1_217' title='bbox 1127 1675 1253 1737; x_wconf 66' lang='lat' dir='ltr'>admiem</span> <span class='ocrx_word' id='word_1_218' title='bbox 1271 1668 1429 1749; x_wconf 37' lang='lat' dir='ltr'>hypothesin*</span> <span class='ocrx_word' id='word_1_219' title='bbox 1506 1736 1510 1742; x_wconf 30' lang='grc' dir='ltr'>Ι</span> 
     </span>
     <span class='ocr_line' id='line_1_20' title="bbox 59 1741 1413 1815; baseline -0.006 -15"><span class='ocrx_word' id='word_1_220' title='bbox 59 1748 242 1800; x_wconf 81' lang='lat' dir='ltr'>ordinationem</span> <span class='ocrx_word' id='word_1_221' title='bbox 260 1763 307 1813; x_wconf 89' lang='lat' dir='ltr'>ego</span> <span class='ocrx_word' id='word_1_222' title='bbox 319 1750 392 1799; x_wconf 81' lang='lat' dir='ltr'>nium</span> <span class='ocrx_word' id='word_1_223' title='bbox 410 1751 560 1812; x_wconf 70' lang='lat' dir='ltr'>superiorum</span> <span class='ocrx_word' id='word_1_224' title='bbox 572 1752 672 1800; x_wconf 89' lang='lat' dir='ltr'>tabulas</span> <span class='ocrx_word' id='word_1_225' title='bbox 689 1758 823 1815; x_wconf 85' lang='lat' dir='ltr'>supputare</span> <span class='ocrx_word' id='word_1_226' title='bbox 840 1752 930 1815; x_wconf 90' lang='lat' dir='ltr'>incepi.</span> <span class='ocrx_word' id='word_1_227' title='bbox 956 1749 1004 1799; x_wconf 87' lang='lat' dir='ltr'>Per</span> <span class='ocrx_word' id='word_1_228' title='bbox 1021 1763 1078 1799; x_wconf 87' lang='lat' dir='ltr'>eam</span> <span class='ocrx_word' id='word_1_229' title='bbox 1091 1756 1232 1798; x_wconf 86' lang='lat' dir='ltr'>ostensurus</span> <span class='ocrx_word' id='word_1_230' title='bbox 1250 1760 1304 1794; x_wconf 88' lang='lat' dir='ltr'>sum</span> <span class='ocrx_word' id='word_1_231' title='bbox 1317 1741 1413 1792; x_wconf 74' lang='lat' dir='ltr'>varied·</span> 
     </span>
     <span class='ocr_line' id='line_1_21' title="bbox 61 1816 1415 1884; baseline -0.006 -13"><span class='ocrx_word' id='word_1_232' title='bbox 61 1834 128 1871; x_wconf 83' lang='lat' dir='ltr'>raam</span> <span class='ocrx_word' id='word_1_233' title='bbox 147 1820 280 1876; x_wconf 77' lang='lat' dir='ltr'>radonem.</span> <span class='ocrx_word' id='word_1_234' title='bbox 298 1834 342 1871; x_wconf 91' lang='lat' dir='ltr'>cnr</span> <span class='ocrx_word' id='word_1_235' title='bbox 354 1835 384 1871; x_wconf 84' lang='lat' dir='ltr'>aa</span> <span class='ocrx_word' id='word_1_236' title='bbox 397 1816 412 1867; x_wconf 81' lang='grc'>3</span> <span class='ocrx_word' id='word_1_237' title='bbox 427 1821 580 1882; x_wconf 88' lang='lat' dir='ltr'>acronychiis</span> <span class='ocrx_word' id='word_1_238' title='bbox 599 1823 807 1875; x_wconf 81' lang='lat' dir='ltr'>observationibus</span> <span class='ocrx_word' id='word_1_239' title='bbox 825 1839 908 1875; x_wconf 83' lang='lat' dir='ltr'>verum</span> <span class='ocrx_word' id='word_1_240' title='bbox 926 1821 1049 1884; x_wconf 78' lang='lat' dir='ltr'>ephebum</span> <span class='ocrx_word' id='word_1_241' title='bbox 1065 1828 1091 1872; x_wconf 89' lang='lat' dir='ltr'>et</span> <span class='ocrx_word' id='word_1_242' title='bbox 1104 1817 1275 1871; x_wconf 86' lang='lat' dir='ltr'>eccentricitas</span> <span class='ocrx_word' id='word_1_243' title='bbox 1292 1816 1415 1866; x_wconf 82' lang='lat' dir='ltr'>hacteum</span> 
     </span>
     <span class='ocr_line' id='line_1_22' title="bbox 59 1887 1414 1959; baseline -0.006 -16"><span class='ocrx_word' id='word_1_244' title='bbox 59 1893 115 1943; x_wconf 86' lang='lat' dir='ltr'>dari</span> <span class='ocrx_word' id='word_1_245' title='bbox 135 1906 187 1942; x_wconf 90' lang='lat' dir='ltr'>nou</span> <span class='ocrx_word' id='word_1_246' title='bbox 203 1891 318 1955; x_wconf 88' lang='lat' dir='ltr'>potnerit.</span> <span class='ocrx_word' id='word_1_247' title='bbox 355 1891 408 1956; x_wconf 88' lang='lat' dir='ltr'>Ego</span> <span class='ocrx_word' id='word_1_248' title='bbox 427 1892 487 1951; x_wconf 91' lang='lat' dir='ltr'>scio,</span> <span class='ocrx_word' id='word_1_249' title='bbox 507 1894 557 1941; x_wconf 87' lang='lat' dir='ltr'>scio</span> <span class='ocrx_word' id='word_1_250' title='bbox 576 1895 685 1958; x_wconf 90' lang='lat' dir='ltr'>inquam,</span> <span class='ocrx_word' id='word_1_251' title='bbox 704 1910 748 1959; x_wconf 90' lang='lat' dir='ltr'>per</span> <span class='ocrx_word' id='word_1_252' title='bbox 765 1895 832 1947; x_wconf 86' lang='lat' dir='ltr'>hanc</span> <span class='ocrx_word' id='word_1_253' title='bbox 850 1910 931 1945; x_wconf 90' lang='lat' dir='ltr'>meam</span> <span class='ocrx_word' id='word_1_254' title='bbox 955 1893 1101 1956; x_wconf 76' lang='lat' dir='ltr'>hypothesin</span> <span class='ocrx_word' id='word_1_255' title='bbox 1119 1891 1166 1942; x_wconf 88' lang='lat' dir='ltr'>hoc</span> <span class='ocrx_word' id='word_1_256' title='bbox 1184 1891 1237 1940; x_wconf 86' lang='lat' dir='ltr'>fieri</span> <span class='ocrx_word' id='word_1_257' title='bbox 1254 1901 1326 1951; x_wconf 87' lang='lat' dir='ltr'>posse</span> <span class='ocrx_word' id='word_1_258' title='bbox 1345 1891 1371 1936; x_wconf 89' lang='lat' dir='ltr'>et</span> <span class='ocrx_word' id='word_1_259' title='bbox 1388 1887 1414 1935; x_wconf 92' lang='lat' dir='ltr'>in</span> 
     </span>
     <span class='ocr_line' id='line_1_23' title="bbox 61 1955 1415 2032; baseline -0.002 -19"><span class='ocrx_word' id='word_1_260' title='bbox 61 1960 135 2013; x_wconf 68' lang='lat'>0-8</span> <span class='ocrx_word' id='word_1_261' title='bbox 152 1961 218 2013; x_wconf 79' lang='lat' dir='ltr'>hosis</span> <span class='ocrx_word' id='word_1_262' title='bbox 237 1967 316 2012; x_wconf 84' lang='lat' dir='ltr'>toturn</span> <span class='ocrx_word' id='word_1_263' title='bbox 333 1961 394 2012; x_wconf 89' lang='lat' dir='ltr'>iilud</span> <span class='ocrx_word' id='word_1_264' title='bbox 409 1964 538 2028; x_wconf 80' lang='lat' dir='ltr'>negotium</span> <span class='ocrx_word' id='word_1_265' title='bbox 560 1964 652 2014; x_wconf 88' lang='lat' dir='ltr'>absolvi</span> <span class='ocrx_word' id='word_1_266' title='bbox 678 1980 764 2028; x_wconf 91' lang='lat' dir='ltr'>posse,</span> <span class='ocrx_word' id='word_1_267' title='bbox 792 1968 856 2032; x_wconf 91' lang='lat' dir='ltr'>quod</span> <span class='ocrx_word' id='word_1_268' title='bbox 875 1961 998 2028; x_wconf 72' lang='lat' dir='ltr'>superi</span> <span class='ocrx_word' id='word_1_269' title='bbox 1018 1964 1167 2026; x_wconf 87' lang='lat' dir='ltr'>aaronychia</span> <span class='ocrx_word' id='word_1_270' title='bbox 1184 1961 1224 2010; x_wconf 81' lang='lat' dir='ltr'>vix</span> <span class='ocrx_word' id='word_1_271' title='bbox 1242 1955 1311 2009; x_wconf 81' lang='grc'>8-8</span> <span class='ocrx_word' id='word_1_272' title='bbox 1329 1959 1415 2011; x_wconf 74' lang='lat' dir='ltr'>dicim</span> 
     </span>
     <span class='ocr_line' id='line_1_24' title="bbox 60 2031 1416 2098; baseline -0.002 -13"><span class='ocrx_word' id='word_1_273' title='bbox 60 2037 87 2086; x_wconf 89' lang='lat' dir='ltr'>in</span> <span class='ocrx_word' id='word_1_274' title='bbox 105 2048 158 2085; x_wconf 84' lang='lat' dir='ltr'>nne</span> <span class='ocrx_word' id='word_1_275' title='bbox 176 2034 280 2098; x_wconf 84' lang='lat' dir='ltr'>planeta</span> <span class='ocrx_word' id='word_1_276' title='bbox 306 2033 428 2096; x_wconf 78' lang='lat' dir='ltr'>perficies.</span> <span class='ocrx_word' id='word_1_277' title='bbox 466 2032 493 2083; x_wconf 84' lang='lat' dir='ltr'>Si</span> <span class='ocrx_word' id='word_1_278' title='bbox 510 2035 556 2084; x_wconf 87' lang='lat' dir='ltr'>tibi</span> <span class='ocrx_word' id='word_1_279' title='bbox 573 2036 723 2098; x_wconf 81' lang='lat' dir='ltr'>probabitur,</span> <span class='ocrx_word' id='word_1_280' title='bbox 742 2045 837 2087; x_wconf 90' lang='lat' dir='ltr'>utnon</span> <span class='ocrx_word' id='word_1_281' title='bbox 862 2038 963 2097; x_wconf 89' lang='lat' dir='ltr'>dubito,</span> <span class='ocrx_word' id='word_1_282' title='bbox 991 2037 1012 2085; x_wconf 89' lang='lat' dir='ltr'>sl</span> <span class='ocrx_word' id='word_1_283' title='bbox 1031 2035 1209 2086; x_wconf 85' lang='lat' dir='ltr'>examinaveris</span> <span class='ocrx_word' id='word_1_284' title='bbox 1233 2033 1259 2081; x_wconf 90' lang='lat' dir='ltr'>in</span> <span class='ocrx_word' id='word_1_285' title='bbox 1276 2031 1416 2096; x_wconf 82' lang='lat' dir='ltr'>praecipuis</span> 
     </span>
     <span class='ocr_line' id='line_1_25' title="bbox 61 2105 1416 2174; baseline -0.001 -21"><span class='ocrx_word' id='word_1_286' title='bbox 61 2107 124 2157; x_wconf 83' lang='lat' dir='ltr'>lueis</span> <span class='ocrx_word' id='word_1_287' title='bbox 142 2120 188 2170; x_wconf 88' lang='lat' dir='ltr'>per</span> <span class='ocrx_word' id='word_1_288' title='bbox 206 2105 397 2162; x_wconf 83' lang='lat' dir='ltr'>observationes,</span> <span class='ocrx_word' id='word_1_289' title='bbox 416 2111 443 2154; x_wconf 91' lang='lat' dir='ltr'>et</span> <span class='ocrx_word' id='word_1_290' title='bbox 461 2107 510 2154; x_wconf 91' lang='lat' dir='ltr'>tuis</span> <span class='ocrx_word' id='word_1_291' title='bbox 528 2105 717 2157; x_wconf 83' lang='lat' dir='ltr'>Commentariis</span> <span class='ocrx_word' id='word_1_292' title='bbox 734 2111 760 2159; x_wconf 92' lang='lat' dir='ltr'>iu</span> <span class='ocrx_word' id='word_1_293' title='bbox 778 2110 828 2159; x_wconf 87' lang='lat' dir='ltr'>fine</span> <span class='ocrx_word' id='word_1_294' title='bbox 845 2110 980 2174; x_wconf 80' lang='lat' dir='ltr'>adjungere</span> <span class='ocrx_word' id='word_1_295' title='bbox 997 2106 1116 2168; x_wconf 83' lang='lat' dir='ltr'>volneris,</span> <span class='ocrx_word' id='word_1_296' title='bbox 1140 2105 1262 2160; x_wconf 84' lang='lat' dir='ltr'>rescribe,</span> <span class='ocrx_word' id='word_1_297' title='bbox 1289 2110 1349 2153; x_wconf 86' lang='lat' dir='ltr'>tune</span> <span class='ocrx_word' id='word_1_298' title='bbox 1368 2117 1416 2170; x_wconf 80' lang='lat' dir='ltr'>ego</span> 
     </span>
     <span class='ocr_line' id='line_1_26' title="bbox 60 2174 1417 2241; baseline -0.003 -13"><span class='ocrx_word' id='word_1_299' title='bbox 60 2179 149 2228; x_wconf 82' lang='lat' dir='ltr'>omnia</span> <span class='ocrx_word' id='word_1_300' title='bbox 169 2176 357 2241; x_wconf 80' lang='lat' dir='ltr'>diligentissime</span> <span class='ocrx_word' id='word_1_301' title='bbox 375 2182 401 2225; x_wconf 88' lang='lat' dir='ltr'>et</span> <span class='ocrx_word' id='word_1_302' title='bbox 413 2178 599 2227; x_wconf 82' lang='lat' dir='ltr'>accuratissime</span> <span class='ocrx_word' id='word_1_303' title='bbox 611 2192 667 2228; x_wconf 90' lang='lat' dir='ltr'>cum</span> <span class='ocrx_word' id='word_1_304' title='bbox 680 2182 742 2229; x_wconf 85' lang='lat' dir='ltr'>reris</span> <span class='ocrx_word' id='word_1_305' title='bbox 761 2180 1010 2231; x_wconf 73' lang='lat' dir='ltr'>demonstrationibus</span> <span class='ocrx_word' id='word_1_306' title='bbox 1023 2185 1049 2228; x_wconf 90' lang='lat' dir='ltr'>et</span> <span class='ocrx_word' id='word_1_307' title='bbox 1061 2177 1186 2241; x_wconf 84' lang='lat' dir='ltr'>exemplis.</span> <span class='ocrx_word' id='word_1_308' title='bbox 1202 2178 1262 2226; x_wconf 89' lang='lat' dir='ltr'>item</span> <span class='ocrx_word' id='word_1_309' title='bbox 1275 2174 1417 2225; x_wconf 84' lang='lat' dir='ltr'>calculandi</span> 
     </span>
     <span class='ocr_line' id='line_1_27' title="bbox 63 2245 1415 2316; baseline 0.001 -16"><span class='ocrx_word' id='word_1_310' title='bbox 63 2250 162 2300; x_wconf 78' lang='lat' dir='ltr'>ntione</span> <span class='ocrx_word' id='word_1_311' title='bbox 188 2255 216 2298; x_wconf 87' lang='lat' dir='ltr'>et</span> <span class='ocrx_word' id='word_1_312' title='bbox 238 2245 293 2298; x_wconf 88' lang='lat' dir='ltr'>aliis</span> <span class='ocrx_word' id='word_1_313' title='bbox 317 2246 476 2298; x_wconf 89' lang='lat' dir='ltr'>adumbrabo.</span> <span class='ocrx_word' id='word_1_314' title='bbox 513 2247 571 2298; x_wconf 84' lang='lat' dir='ltr'>Noli</span> <span class='ocrx_word' id='word_1_315' title='bbox 588 2250 622 2299; x_wconf 92' lang='lat' dir='ltr'>mi</span> <span class='ocrx_word' id='word_1_316' title='bbox 639 2249 748 2313; x_wconf 86' lang='lat' dir='ltr'>Kepiere</span> <span class='ocrx_word' id='word_1_317' title='bbox 770 2252 1000 2316; x_wconf 65' lang='lat' dir='ltr'>ampliustsomuia</span> <span class='ocrx_word' id='word_1_318' title='bbox 1025 2260 1113 2300; x_wconf 84' lang='lat' dir='ltr'>vorare</span> <span class='ocrx_word' id='word_1_319' title='bbox 1139 2248 1203 2299; x_wconf 89' lang='lat' dir='ltr'>haec</span> <span class='ocrx_word' id='word_1_320' title='bbox 1225 2247 1415 2301; x_wconf 75' lang='lat' dir='ltr'>mensurante.</span> 
     </span>
     <span class='ocr_line' id='line_1_28' title="bbox 63 2318 1417 2460; baseline -0.001 -19"><span class='ocrx_word' id='word_1_321' title='bbox 63 2319 530 2452; x_wconf 55' lang='lat' dir='ltr'>tutaminum</span> <span class='ocrx_word' id='word_1_322' title='bbox 543 2321 861 2460; x_wconf 59' lang='lat' dir='ltr'>territura</span> <span class='ocrx_word' id='word_1_323' title='bbox 872 2321 1062 2458; x_wconf 48' lang='lat' dir='ltr'>”iiiiii</span> <span class='ocrx_word' id='word_1_324' title='bbox 1073 2320 1272 2457; x_wconf 54' lang='lat' dir='ltr'>iiiiii?</span> <span class='ocrx_word' id='word_1_325' title='bbox 1284 2318 1417 2454; x_wconf 67' lang='lat' dir='ltr'>liliis</span> 
     </span>
     <span class='ocr_line' id='line_1_29' title="bbox 63 2460 1415 2526; baseline 0 -14"><span class='ocrx_word' id='word_1_326' title='bbox 63 2463 136 2519; x_wconf 84' lang='lat' dir='ltr'>volni,</span> <span class='ocrx_word' id='word_1_327' title='bbox 155 2475 233 2526; x_wconf 90' lang='lat' dir='ltr'>qnam</span> <span class='ocrx_word' id='word_1_328' title='bbox 251 2460 317 2511; x_wconf 88' lang='lat' dir='ltr'>hanc</span> <span class='ocrx_word' id='word_1_329' title='bbox 335 2462 470 2511; x_wconf 87' lang='lat' dir='ltr'>invenerim</span> <span class='ocrx_word' id='word_1_330' title='bbox 487 2461 635 2524; x_wconf 80' lang='lat' dir='ltr'>hypothesin</span> <span class='ocrx_word' id='word_1_331' title='bbox 653 2471 680 2514; x_wconf 89' lang='lat' dir='ltr'>et</span> <span class='ocrx_word' id='word_1_332' title='bbox 692 2479 763 2514; x_wconf 79' lang='lat' dir='ltr'>veras</span> <span class='ocrx_word' id='word_1_333' title='bbox 781 2479 870 2514; x_wconf 86' lang='lat' dir='ltr'>causes</span> <span class='ocrx_word' id='word_1_334' title='bbox 888 2465 1018 2514; x_wconf 89' lang='lat' dir='ltr'>multorum</span> <span class='ocrx_word' id='word_1_335' title='bbox 1036 2464 1157 2514; x_wconf 87' lang='lat' dir='ltr'>hactenns</span> <span class='ocrx_word' id='word_1_336' title='bbox 1176 2463 1306 2513; x_wconf 74' lang='lat' dir='ltr'>latendum</span> <span class='ocrx_word' id='word_1_337' title='bbox 1324 2466 1415 2524; x_wconf 83' lang='lat' dir='ltr'>myste-</span> 
     </span>
     <span class='ocr_line' id='line_1_30' title="bbox 62 2531 1416 2599; baseline 0 -15"><span class='ocrx_word' id='word_1_338' title='bbox 62 2536 154 2584; x_wconf 82' lang='lat' dir='ltr'>riorum</span> <span class='ocrx_word' id='word_1_339' title='bbox 172 2532 247 2596; x_wconf 83' lang='lat' dir='ltr'>p&#39;lene</span> <span class='ocrx_word' id='word_1_340' title='bbox 265 2539 291 2582; x_wconf 89' lang='lat' dir='ltr'>et</span> <span class='ocrx_word' id='word_1_341' title='bbox 309 2531 383 2596; x_wconf 89' lang='lat' dir='ltr'>piane</span> <span class='ocrx_word' id='word_1_342' title='bbox 400 2531 579 2598; x_wconf 82' lang='lat' dir='ltr'>indagaverim,</span> <span class='ocrx_word' id='word_1_343' title='bbox 599 2534 732 2599; x_wconf 71' lang='lat' dir='ltr'>quodiam</span> <span class='ocrx_word' id='word_1_344' title='bbox 750 2536 799 2586; x_wconf 91' lang='lat' dir='ltr'>Dei</span> <span class='ocrx_word' id='word_1_345' title='bbox 817 2535 936 2587; x_wconf 82' lang='lat' dir='ltr'>beneficio</span> <span class='ocrx_word' id='word_1_346' title='bbox 954 2543 1011 2599; x_wconf 89' lang='lat' dir='ltr'>post</span> <span class='ocrx_word' id='word_1_347' title='bbox 1027 2534 1146 2585; x_wconf 86' lang='lat' dir='ltr'>millenas.</span> <span class='ocrx_word' id='word_1_348' title='bbox 1166 2549 1250 2591; x_wconf 85' lang='lat' dir='ltr'>curae,</span> <span class='ocrx_word' id='word_1_349' title='bbox 1273 2534 1416 2584; x_wconf 86' lang='lat' dir='ltr'>innumeras</span> 
     </span>
     <span class='ocr_line' id='line_1_31' title="bbox 64 2602 1087 2671; baseline 0.001 -18"><span class='ocrx_word' id='word_1_350' title='bbox 64 2603 255 2659; x_wconf 63' lang='lat' dir='ltr'>montuosos,</span> <span class='ocrx_word' id='word_1_351' title='bbox 274 2603 370 2669; x_wconf 78' lang='lat' dir='ltr'>vigilias</span> <span class='ocrx_word' id='word_1_352' title='bbox 388 2618 503 2667; x_wconf 88' lang='lat' dir='ltr'>operosas</span> <span class='ocrx_word' id='word_1_353' title='bbox 521 2619 564 2669; x_wconf 92' lang='lat' dir='ltr'>per</span> <span class='ocrx_word' id='word_1_354' title='bbox 583 2602 598 2654; x_wconf 82' lang='lat' dir='ltr'>d</span> <span class='ocrx_word' id='word_1_355' title='bbox 618 2620 738 2656; x_wconf 91' lang='lat' dir='ltr'>annorum</span> <span class='ocrx_word' id='word_1_356' title='bbox 755 2610 861 2671; x_wconf 89' lang='lat' dir='ltr'>spatium</span> <span class='ocrx_word' id='word_1_357' title='bbox 879 2608 981 2658; x_wconf 89' lang='lat' dir='ltr'>tandem</span> <span class='ocrx_word' id='word_1_358' title='bbox 998 2608 1087 2657; x_wconf 82' lang='lat' dir='ltr'>inveni.</span> 
     </span>
    </p>

    <p class='ocr_par' dir='ltr' id='par_1_4' title="bbox 62 2674 1442 3320">
     <span class='ocr_line' id='line_1_32' title="bbox 156 2674 1416 2744; baseline 0.003 -18"><span class='ocrx_word' id='word_1_359' title='bbox 156 2675 197 2726; x_wconf 90' lang='lat' dir='ltr'>Tu</span> <span class='ocrx_word' id='word_1_360' title='bbox 214 2675 264 2725; x_wconf 92' lang='lat' dir='ltr'>noli</span> <span class='ocrx_word' id='word_1_361' title='bbox 281 2674 437 2727; x_wconf 82' lang='lat' dir='ltr'>librationem</span> <span class='ocrx_word' id='word_1_362' title='bbox 455 2689 582 2727; x_wconf 77' lang='lat' dir='ltr'>aramme.</span> <span class='ocrx_word' id='word_1_363' title='bbox 611 2676 694 2738; x_wconf 78' lang='lat' dir='ltr'>Quare</span> <span class='ocrx_word' id='word_1_364' title='bbox 706 2680 740 2727; x_wconf 91' lang='lat' dir='ltr'>mi</span> <span class='ocrx_word' id='word_1_365' title='bbox 752 2679 860 2744; x_wconf 87' lang='lat' dir='ltr'>Keplere</span> <span class='ocrx_word' id='word_1_366' title='bbox 879 2695 928 2729; x_wconf 90' lang='lat' dir='ltr'>non</span> <span class='ocrx_word' id='word_1_367' title='bbox 941 2679 1004 2729; x_wconf 88' lang='lat' dir='ltr'>haec</span> <span class='ocrx_word' id='word_1_368' title='bbox 1016 2685 1069 2728; x_wconf 90' lang='lat' dir='ltr'>tam</span> <span class='ocrx_word' id='word_1_369' title='bbox 1085 2683 1240 2729; x_wconf 89' lang='lat' dir='ltr'>estuaturae</span> <span class='ocrx_word' id='word_1_370' title='bbox 1259 2676 1416 2731; x_wconf 87' lang='lat' dir='ltr'>conveniens.</span> 
     </span>
     <span class='ocr_line' id='line_1_33' title="bbox 62 2746 1418 2814; baseline 0 -16"><span class='ocrx_word' id='word_1_371' title='bbox 62 2762 138 2813; x_wconf 80' lang='lat' dir='ltr'>qaam</span> <span class='ocrx_word' id='word_1_372' title='bbox 155 2746 277 2798; x_wconf 71' lang='lat' dir='ltr'>mitificae</span> <span class='ocrx_word' id='word_1_373' title='bbox 294 2754 353 2798; x_wconf 89' lang='lat' dir='ltr'>tuae</span> <span class='ocrx_word' id='word_1_374' title='bbox 371 2746 553 2810; x_wconf 78' lang='lat' dir='ltr'>speculationes</span> <span class='ocrx_word' id='word_1_375' title='bbox 571 2749 640 2798; x_wconf 82' lang='lat' dir='ltr'>circa</span> <span class='ocrx_word' id='word_1_376' title='bbox 656 2755 726 2799; x_wconf 90' lang='lat' dir='ltr'>tuam</span> <span class='ocrx_word' id='word_1_377' title='bbox 743 2750 911 2814; x_wconf 73' lang='lat' dir='ltr'>hypothesin?</span> <span class='ocrx_word' id='word_1_378' title='bbox 930 2751 983 2800; x_wconf 83' lang='lat' dir='ltr'>Etsi</span> <span class='ocrx_word' id='word_1_379' title='bbox 995 2750 1102 2800; x_wconf 86' lang='lat' dir='ltr'>maxime</span> <span class='ocrx_word' id='word_1_380' title='bbox 1120 2755 1166 2799; x_wconf 79' lang='lat' dir='ltr'>ura</span> <span class='ocrx_word' id='word_1_381' title='bbox 1177 2748 1320 2812; x_wconf 90' lang='lat' dir='ltr'>hypothesis</span> <span class='ocrx_word' id='word_1_382' title='bbox 1338 2746 1418 2798; x_wconf 82' lang='lat' dir='ltr'>salvet</span> 
     </span>
     <span class='ocr_line' id='line_1_34' title="bbox 62 2818 1416 2886; baseline -0.001 -16"><span class='ocrx_word' id='word_1_383' title='bbox 62 2827 153 2876; x_wconf 74' lang='lat' dir='ltr'>noan,</span> <span class='ocrx_word' id='word_1_384' title='bbox 172 2819 293 2882; x_wconf 87' lang='lat' dir='ltr'>operandi</span> <span class='ocrx_word' id='word_1_385' title='bbox 310 2825 396 2869; x_wconf 88' lang='lat' dir='ltr'>tamen</span> <span class='ocrx_word' id='word_1_386' title='bbox 412 2819 476 2869; x_wconf 88' lang='lat' dir='ltr'>ratio</span> <span class='ocrx_word' id='word_1_387' title='bbox 495 2833 539 2882; x_wconf 90' lang='lat' dir='ltr'>per</span> <span class='ocrx_word' id='word_1_388' title='bbox 556 2827 613 2869; x_wconf 85' lang='lat' dir='ltr'>tuae</span> <span class='ocrx_word' id='word_1_389' title='bbox 630 2820 778 2884; x_wconf 87' lang='lat' dir='ltr'>hypotheses</span> <span class='ocrx_word' id='word_1_390' title='bbox 797 2829 850 2875; x_wconf 89' lang='lat' dir='ltr'>tam</span> <span class='ocrx_word' id='word_1_391' title='bbox 869 2830 907 2873; x_wconf 86' lang='lat' dir='ltr'>est</span> <span class='ocrx_word' id='word_1_392' title='bbox 924 2821 1041 2886; x_wconf 84' lang='lat' dir='ltr'>perplexa</span> <span class='ocrx_word' id='word_1_393' title='bbox 1059 2827 1085 2870; x_wconf 91' lang='lat' dir='ltr'>et</span> <span class='ocrx_word' id='word_1_394' title='bbox 1103 2834 1218 2884; x_wconf 88' lang='lat' dir='ltr'>operosa,</span> <span class='ocrx_word' id='word_1_395' title='bbox 1237 2826 1266 2869; x_wconf 92' lang='lat' dir='ltr'>nt</span> <span class='ocrx_word' id='word_1_396' title='bbox 1283 2818 1320 2869; x_wconf 84' lang='lat' dir='ltr'>vel</span> <span class='ocrx_word' id='word_1_397' title='bbox 1338 2819 1416 2882; x_wconf 85' lang='lat' dir='ltr'>prhno</span> 
     </span>
     <span class='ocr_line' id='line_1_35' title="bbox 62 2888 1418 2961; baseline 0.001 -19"><span class='ocrx_word' id='word_1_398' title='bbox 62 2892 157 2942; x_wconf 81' lang='lat' dir='ltr'>iutuitu</span> <span class='ocrx_word' id='word_1_399' title='bbox 175 2888 284 2954; x_wconf 81' lang='lat' dir='ltr'>aliquem</span> <span class='ocrx_word' id='word_1_400' title='bbox 302 2889 425 2951; x_wconf 70' lang='lat' dir='ltr'>(interm</span> <span class='ocrx_word' id='word_1_401' title='bbox 443 2891 528 2953; x_wconf 86' lang='lat' dir='ltr'>pessit.</span> <span class='ocrx_word' id='word_1_402' title='bbox 554 2890 647 2952; x_wconf 87' lang='lat' dir='ltr'>Quodsi</span> <span class='ocrx_word' id='word_1_403' title='bbox 664 2893 745 2955; x_wconf 80' lang='lat' dir='ltr'>miuus</span> <span class='ocrx_word' id='word_1_404' title='bbox 763 2894 808 2945; x_wconf 81' lang='lat' dir='ltr'>tibi</span> <span class='ocrx_word' id='word_1_405' title='bbox 820 2895 963 2961; x_wconf 84' lang='lat' dir='ltr'>probabitur</span> <span class='ocrx_word' id='word_1_406' title='bbox 979 2893 1018 2943; x_wconf 83' lang='lat' dir='ltr'>rel</span> <span class='ocrx_word' id='word_1_407' title='bbox 1031 2893 1108 2943; x_wconf 83' lang='lat' dir='ltr'>etiarn</span> <span class='ocrx_word' id='word_1_408' title='bbox 1125 2893 1240 2948; x_wconf 66' lang='lat' dir='ltr'>mamma,</span> <span class='ocrx_word' id='word_1_409' title='bbox 1259 2890 1316 2942; x_wconf 89' lang='lat' dir='ltr'>nolo</span> <span class='ocrx_word' id='word_1_410' title='bbox 1332 2895 1418 2943; x_wconf 78' lang='lat' dir='ltr'>nmen</span> 
     </span>
     <span class='ocr_line' id='line_1_36' title="bbox 62 2961 1418 3027; baseline 0.002 -15"><span class='ocrx_word' id='word_1_411' title='bbox 62 2971 90 3012; x_wconf 85' lang='lat' dir='ltr'>at</span> <span class='ocrx_word' id='word_1_412' title='bbox 107 2962 165 3013; x_wconf 90' lang='lat' dir='ltr'>aliis</span> <span class='ocrx_word' id='word_1_413' title='bbox 185 2974 242 3010; x_wconf 86' lang='lat' dir='ltr'>eam</span> <span class='ocrx_word' id='word_1_414' title='bbox 260 2961 434 3017; x_wconf 86' lang='lat' dir='ltr'>eommunices,</span> <span class='ocrx_word' id='word_1_415' title='bbox 453 2961 498 3012; x_wconf 89' lang='lat' dir='ltr'>red</span> <span class='ocrx_word' id='word_1_416' title='bbox 509 2962 555 3012; x_wconf 90' lang='lat' dir='ltr'>sub</span> <span class='ocrx_word' id='word_1_417' title='bbox 568 2961 679 3012; x_wconf 88' lang='lat' dir='ltr'>Uranica</span> <span class='ocrx_word' id='word_1_418' title='bbox 690 2962 741 3013; x_wconf 88' lang='lat' dir='ltr'>side</span> <span class='ocrx_word' id='word_1_419' title='bbox 758 2971 840 3015; x_wconf 88' lang='lat' dir='ltr'>tecum</span> <span class='ocrx_word' id='word_1_420' title='bbox 853 2967 903 3015; x_wconf 89' lang='lat' dir='ltr'>sint</span> <span class='ocrx_word' id='word_1_421' title='bbox 921 2964 1012 3021; x_wconf 85' lang='lat' dir='ltr'>omnis,</span> <span class='ocrx_word' id='word_1_422' title='bbox 1031 2964 1096 3013; x_wconf 90' lang='lat' dir='ltr'>sicut</span> <span class='ocrx_word' id='word_1_423' title='bbox 1107 2969 1152 3015; x_wconf 90' lang='lat' dir='ltr'>tua</span> <span class='ocrx_word' id='word_1_424' title='bbox 1164 2962 1230 3027; x_wconf 91' lang='lat' dir='ltr'>apud</span> <span class='ocrx_word' id='word_1_425' title='bbox 1242 2976 1281 3014; x_wconf 89' lang='lat' dir='ltr'>me</span> <span class='ocrx_word' id='word_1_426' title='bbox 1294 2961 1418 3015; x_wconf 73' lang='lat' dir='ltr'>bacuane</span> 
     </span>
     <span class='ocr_line' id='line_1_37' title="bbox 63 3030 1442 3098; baseline -0.003 -15"><span class='ocrx_word' id='word_1_427' title='bbox 63 3042 185 3098; x_wconf 88' lang='lat' dir='ltr'>tanquam</span> <span class='ocrx_word' id='word_1_428' title='bbox 203 3033 231 3082; x_wconf 92' lang='lat' dir='ltr'>in</span> <span class='ocrx_word' id='word_1_429' title='bbox 249 3030 339 3082; x_wconf 83' lang='lat' dir='ltr'>abditis</span> <span class='ocrx_word' id='word_1_430' title='bbox 355 3030 468 3082; x_wconf 80' lang='lat' dir='ltr'>Uraniae</span> <span class='ocrx_word' id='word_1_431' title='bbox 486 3039 514 3083; x_wconf 88' lang='lat' dir='ltr'>ut</span> <span class='ocrx_word' id='word_1_432' title='bbox 531 3032 665 3096; x_wconf 79' lang='lat' dir='ltr'>paludium</span> <span class='ocrx_word' id='word_1_433' title='bbox 684 3034 774 3098; x_wconf 76' lang='lat' dir='ltr'>&#39;i&#39;rojse</span> <span class='ocrx_word' id='word_1_434' title='bbox 792 3036 887 3087; x_wconf 90' lang='lat' dir='ltr'>latuere</span> <span class='ocrx_word' id='word_1_435' title='bbox 906 3041 932 3086; x_wconf 87' lang='lat' dir='ltr'>et</span> <span class='ocrx_word' id='word_1_436' title='bbox 950 3040 979 3085; x_wconf 93' lang='lat' dir='ltr'>ut</span> <span class='ocrx_word' id='word_1_437' title='bbox 994 3030 1113 3098; x_wconf 86' lang='lat' dir='ltr'>mysteria</span> <span class='ocrx_word' id='word_1_438' title='bbox 1138 3033 1312 3088; x_wconf 87' lang='lat' dir='ltr'>reconduntur.</span> <span class='ocrx_word' id='word_1_439' title='bbox 1345 3030 1417 3094; x_wconf 83' lang='lat' dir='ltr'>Quas</span> <span class='ocrx_word' id='word_1_440' title='bbox 1438 3072 1442 3079; x_wconf 87' lang='lat'>.</span> 
     </span>
     <span class='ocr_line' id='line_1_38' title="bbox 63 3102 1415 3170; baseline -0.001 -15"><span class='ocrx_word' id='word_1_441' title='bbox 63 3107 130 3155; x_wconf 87' lang='lat' dir='ltr'>enirn</span> <span class='ocrx_word' id='word_1_442' title='bbox 148 3106 186 3154; x_wconf 91' lang='lat' dir='ltr'>sic</span> <span class='ocrx_word' id='word_1_443' title='bbox 204 3103 302 3168; x_wconf 89' lang='lat' dir='ltr'>magnis</span> <span class='ocrx_word' id='word_1_444' title='bbox 322 3102 445 3153; x_wconf 87' lang='lat' dir='ltr'>laboribus</span> <span class='ocrx_word' id='word_1_445' title='bbox 463 3117 480 3154; x_wconf 90' lang='lat' dir='ltr'>a</span> <span class='ocrx_word' id='word_1_446' title='bbox 498 3104 567 3154; x_wconf 90' lang='lat' dir='ltr'>nobis</span> <span class='ocrx_word' id='word_1_447' title='bbox 585 3104 754 3170; x_wconf 88' lang='lat' dir='ltr'>inquiruntur,</span> <span class='ocrx_word' id='word_1_448' title='bbox 777 3123 827 3157; x_wconf 91' lang='lat' dir='ltr'>non</span> <span class='ocrx_word' id='word_1_449' title='bbox 845 3107 936 3158; x_wconf 90' lang='lat' dir='ltr'>debent</span> <span class='ocrx_word' id='word_1_450' title='bbox 954 3106 1008 3156; x_wconf 90' lang='lat' dir='ltr'>aliis</span> <span class='ocrx_word' id='word_1_451' title='bbox 1030 3106 1093 3156; x_wconf 81' lang='lat' dir='ltr'>lucis</span> <span class='ocrx_word' id='word_1_452' title='bbox 1119 3111 1178 3156; x_wconf 87' lang='lat' dir='ltr'>ante</span> <span class='ocrx_word' id='word_1_453' title='bbox 1196 3111 1294 3170; x_wconf 90' lang='lat' dir='ltr'>tempus</span> <span class='ocrx_word' id='word_1_454' title='bbox 1310 3102 1415 3155; x_wconf 76' lang='lat' dir='ltr'>obtrudi</span> 
     </span>
     <span class='ocr_line' id='line_1_39' title="bbox 64 3169 1417 3244; baseline 0 -18"><span class='ocrx_word' id='word_1_455' title='bbox 64 3177 124 3226; x_wconf 80' lang='lat' dir='ltr'>l&#39;iiio</span> <span class='ocrx_word' id='word_1_456' title='bbox 145 3190 202 3225; x_wconf 88' lang='lat' dir='ltr'>meo</span> <span class='ocrx_word' id='word_1_457' title='bbox 220 3174 324 3223; x_wconf 88' lang='lat' dir='ltr'>sollicite</span> <span class='ocrx_word' id='word_1_458' title='bbox 342 3180 388 3223; x_wconf 89' lang='lat' dir='ltr'>tua</span> <span class='ocrx_word' id='word_1_459' title='bbox 404 3175 538 3238; x_wconf 82' lang='lat' dir='ltr'>inquirenti</span> <span class='ocrx_word' id='word_1_460' title='bbox 550 3169 585 3236; x_wconf 80' lang='lat'>¹⁸)</span> <span class='ocrx_word' id='word_1_461' title='bbox 607 3176 675 3227; x_wconf 92' lang='lat' dir='ltr'>nolui</span> <span class='ocrx_word' id='word_1_462' title='bbox 692 3176 776 3227; x_wconf 86' lang='lat' dir='ltr'>literas</span> <span class='ocrx_word' id='word_1_463' title='bbox 795 3186 852 3229; x_wconf 87' lang='lat' dir='ltr'>tuas</span> <span class='ocrx_word' id='word_1_464' title='bbox 873 3178 1036 3244; x_wconf 87' lang='lat' dir='ltr'>perlegendas</span> <span class='ocrx_word' id='word_1_465' title='bbox 1055 3176 1114 3229; x_wconf 92' lang='lat' dir='ltr'>dare</span> <span class='ocrx_word' id='word_1_466' title='bbox 1133 3175 1238 3227; x_wconf 89' lang='lat' dir='ltr'>eandem</span> <span class='ocrx_word' id='word_1_467' title='bbox 1257 3174 1417 3237; x_wconf 19' lang='lat' dir='ltr'>ohpcansam.</span> 
     </span>
     <span class='ocr_line' id='line_1_40' title="bbox 63 3238 1419 3320; baseline -0.002 -22"><span class='ocrx_word' id='word_1_468' title='bbox 63 3262 95 3298; x_wconf 90' lang='lat' dir='ltr'>ne</span> <span class='ocrx_word' id='word_1_469' title='bbox 112 3247 153 3297; x_wconf 85' lang='lat' dir='ltr'>rei</span> <span class='ocrx_word' id='word_1_470' title='bbox 170 3246 338 3311; x_wconf 84' lang='lat' dir='ltr'>incogitantia</span> <span class='ocrx_word' id='word_1_471' title='bbox 359 3246 462 3308; x_wconf 72' lang='lat' dir='ltr'>iuvenili</span> <span class='ocrx_word' id='word_1_472' title='bbox 486 3246 542 3319; x_wconf 79' lang='lat' dir='ltr'>aliis</span> <span class='ocrx_word' id='word_1_473' title='bbox 560 3247 585 3295; x_wconf 93' lang='lat' dir='ltr'>iu</span> <span class='ocrx_word' id='word_1_474' title='bbox 612 3247 746 3299; x_wconf 90' lang='lat' dir='ltr'>academiis</span> <span class='ocrx_word' id='word_1_475' title='bbox 764 3250 959 3314; x_wconf 86' lang='lat' dir='ltr'>propalarentur,</span> <span class='ocrx_word' id='word_1_476' title='bbox 987 3256 1121 3313; x_wconf 86' lang='lat' dir='ltr'>autequam</span> <span class='ocrx_word' id='word_1_477' title='bbox 1138 3255 1166 3298; x_wconf 91' lang='lat' dir='ltr'>tn</span> <span class='ocrx_word' id='word_1_478' title='bbox 1179 3238 1370 3320; x_wconf 40' lang='lat' dir='ltr'>‘quidquam&#39;de</span> <span class='ocrx_word' id='word_1_479' title='bbox 1388 3244 1419 3295; x_wconf 90' lang='lat' dir='ltr'>iis</span> 
     </span>
    </p>

    <p class='ocr_par' dir='ltr' id='par_1_5' title="bbox 77 3318 1027 3370">
     <span class='ocr_line' id='line_1_41' title="bbox 77 3318 1027 3370; baseline -0.001 0"><span class='ocrx_word' id='word_1_480' title='bbox 77 3319 238 3370; x_wconf 71' lang='lat' dir='ltr'>nbbemsesr</span> <span class='ocrx_word' id='word_1_481' title='bbox 320 3362 326 3369; x_wconf 96' lang='lat'>.</span> <span class='ocrx_word' id='word_1_482' title='bbox 1025 3318 1027 3323; x_wconf 86' lang='lat'>&#39;</span> 
     </span>
    </p>

    <p class='ocr_par' dir='ltr' id='par_1_6' title="bbox 62 3335 1417 3741">
     <span class='ocr_line' id='line_1_42' title="bbox 62 3335 1417 3453; baseline 0 -14"><span class='ocrx_word' id='word_1_483' title='bbox 62 3335 77 3385; x_wconf 58' lang='lat' dir='ltr'><strong>P</strong></span> <span class='ocrx_word' id='word_1_484' title='bbox 152 3382 238 3449; x_wconf 80' lang='lat' dir='ltr'>Quare</span> <span class='ocrx_word' id='word_1_485' title='bbox 257 3387 372 3438; x_wconf 84' lang='lat' dir='ltr'>examina</span> <span class='ocrx_word' id='word_1_486' title='bbox 388 3401 471 3440; x_wconf 88' lang='lat' dir='ltr'>meam</span> <span class='ocrx_word' id='word_1_487' title='bbox 490 3388 637 3453; x_wconf 89' lang='lat' dir='ltr'>hypothesin</span> <span class='ocrx_word' id='word_1_488' title='bbox 657 3396 683 3439; x_wconf 91' lang='lat' dir='ltr'>et</span> <span class='ocrx_word' id='word_1_489' title='bbox 698 3389 818 3453; x_wconf 77' lang='lat' dir='ltr'>judicium</span> <span class='ocrx_word' id='word_1_490' title='bbox 830 3396 900 3441; x_wconf 89' lang='lat' dir='ltr'>tuum</span> <span class='ocrx_word' id='word_1_491' title='bbox 919 3388 1025 3441; x_wconf 90' lang='lat' dir='ltr'>candide</span> <span class='ocrx_word' id='word_1_492' title='bbox 1038 3388 1078 3452; x_wconf 87' lang='lat' dir='ltr'>(ut</span> <span class='ocrx_word' id='word_1_493' title='bbox 1096 3389 1161 3440; x_wconf 90' lang='lat' dir='ltr'>soles</span> <span class='ocrx_word' id='word_1_494' title='bbox 1180 3389 1243 3439; x_wconf 88' lang='lat' dir='ltr'>alias</span> <span class='ocrx_word' id='word_1_495' title='bbox 1262 3389 1329 3439; x_wconf 89' lang='lat' dir='ltr'>etin</span> <span class='ocrx_word' id='word_1_496' title='bbox 1350 3386 1417 3451; x_wconf 84' lang='lat' dir='ltr'>aliis)</span> 
     </span>
     <span class='ocr_line' id='line_1_43' title="bbox 63 3458 1416 3529; baseline -0.001 -18"><span class='ocrx_word' id='word_1_497' title='bbox 63 3460 196 3525; x_wconf 88' lang='lat' dir='ltr'>perscribe,</span> <span class='ocrx_word' id='word_1_498' title='bbox 214 3466 241 3509; x_wconf 92' lang='lat' dir='ltr'>et</span> <span class='ocrx_word' id='word_1_499' title='bbox 258 3459 352 3523; x_wconf 89' lang='lat' dir='ltr'>siquid</span> <span class='ocrx_word' id='word_1_500' title='bbox 369 3467 457 3510; x_wconf 84' lang='lat' dir='ltr'>centra</span> <span class='ocrx_word' id='word_1_501' title='bbox 475 3458 581 3524; x_wconf 81' lang='lat' dir='ltr'>obiicere</span> <span class='ocrx_word' id='word_1_502' title='bbox 599 3461 690 3523; x_wconf 89' lang='lat' dir='ltr'>poteris</span> <span class='ocrx_word' id='word_1_503' title='bbox 703 3461 789 3524; x_wconf 69' lang='lat' dir='ltr'>obiice,</span> <span class='ocrx_word' id='word_1_504' title='bbox 809 3462 866 3527; x_wconf 92' lang='lat' dir='ltr'>quid</span> <span class='ocrx_word' id='word_1_505' title='bbox 884 3463 972 3529; x_wconf 89' lang='lat' dir='ltr'>probes</span> <span class='ocrx_word' id='word_1_506' title='bbox 991 3469 1035 3512; x_wconf 88' lang='lat' dir='ltr'>aut</span> <span class='ocrx_word' id='word_1_507' title='bbox 1053 3460 1174 3527; x_wconf 89' lang='lat' dir='ltr'>improbes</span> <span class='ocrx_word' id='word_1_508' title='bbox 1193 3458 1333 3527; x_wconf 77' lang='lat' dir='ltr'>significato</span> <span class='ocrx_word' id='word_1_509' title='bbox 1342 3478 1349 3519; x_wconf 78' lang='lat'>3</span> <span class='ocrx_word' id='word_1_510' title='bbox 1369 3474 1416 3527; x_wconf 89' lang='lat' dir='ltr'>ego</span> 
     </span>
     <span class='ocr_line' id='line_1_44' title="bbox 63 3532 1416 3598; baseline 0 -16"><span class='ocrx_word' id='word_1_511' title='bbox 63 3535 139 3598; x_wconf 85' lang='lat' dir='ltr'>primo</span> <span class='ocrx_word' id='word_1_512' title='bbox 159 3545 256 3598; x_wconf 87' lang='lat' dir='ltr'>quoque</span> <span class='ocrx_word' id='word_1_513' title='bbox 274 3537 384 3594; x_wconf 86' lang='lat' dir='ltr'>tempore</span> <span class='ocrx_word' id='word_1_514' title='bbox 406 3538 464 3582; x_wconf 89' lang='lat' dir='ltr'>tuas</span> <span class='ocrx_word' id='word_1_515' title='bbox 488 3532 573 3581; x_wconf 79' lang='lat' dir='ltr'>brerae</span> <span class='ocrx_word' id='word_1_516' title='bbox 591 3538 617 3581; x_wconf 89' lang='lat' dir='ltr'>et</span> <span class='ocrx_word' id='word_1_517' title='bbox 634 3547 778 3596; x_wconf 90' lang='lat' dir='ltr'>responsum</span> <span class='ocrx_word' id='word_1_518' title='bbox 796 3534 829 3583; x_wconf 93' lang='lat' dir='ltr'>ad</span> <span class='ocrx_word' id='word_1_519' title='bbox 851 3534 1008 3598; x_wconf 90' lang='lat' dir='ltr'>quaestiones</span> <span class='ocrx_word' id='word_1_520' title='bbox 1035 3533 1141 3598; x_wconf 87' lang='lat' dir='ltr'>reliquae</span> <span class='ocrx_word' id='word_1_521' title='bbox 1168 3547 1253 3581; x_wconf 90' lang='lat' dir='ltr'>omnes</span> <span class='ocrx_word' id='word_1_522' title='bbox 1280 3538 1416 3597; x_wconf 73' lang='lat' dir='ltr'>exspectes</span> 
     </span>
     <span class='ocr_line' id='line_1_45' title="bbox 64 3601 1416 3671; baseline 0 -18"><span class='ocrx_word' id='word_1_523' title='bbox 64 3604 121 3661; x_wconf 88' lang='lat' dir='ltr'>noli.</span> <span class='ocrx_word' id='word_1_524' title='bbox 142 3616 245 3668; x_wconf 87' lang='lat' dir='ltr'>quaeso,</span> <span class='ocrx_word' id='word_1_525' title='bbox 262 3617 302 3652; x_wconf 89' lang='lat' dir='ltr'>me</span> <span class='ocrx_word' id='word_1_526' title='bbox 321 3601 413 3653; x_wconf 76' lang='lat' dir='ltr'>diudns</span> <span class='ocrx_word' id='word_1_527' title='bbox 432 3603 550 3654; x_wconf 88' lang='lat' dir='ltr'>detinere.</span> <span class='ocrx_word' id='word_1_528' title='bbox 587 3603 640 3669; x_wconf 84' lang='lat' dir='ltr'>Ego</span> <span class='ocrx_word' id='word_1_529' title='bbox 659 3618 725 3654; x_wconf 91' lang='lat' dir='ltr'>nunc</span> <span class='ocrx_word' id='word_1_530' title='bbox 744 3606 847 3671; x_wconf 67' lang='lat' dir='ltr'>agariis</span> <span class='ocrx_word' id='word_1_531' title='bbox 870 3605 933 3654; x_wconf 76' lang='lat' dir='ltr'>cuns</span> <span class='ocrx_word' id='word_1_532' title='bbox 957 3604 1095 3654; x_wconf 84' lang='lat' dir='ltr'>valedicere</span> <span class='ocrx_word' id='word_1_533' title='bbox 1113 3605 1243 3664; x_wconf 85' lang='lat' dir='ltr'>constitui,</span> <span class='ocrx_word' id='word_1_534' title='bbox 1263 3602 1342 3653; x_wconf 87' lang='lat' dir='ltr'>locari</span> <span class='ocrx_word' id='word_1_535' title='bbox 1361 3603 1416 3653; x_wconf 86' lang='lat' dir='ltr'>siiis</span> 
     </span>
     <span class='ocr_line' id='line_1_46' title="bbox 66 3672 1090 3741; baseline 0.001 -18"><span class='ocrx_word' id='word_1_536' title='bbox 66 3689 147 3741; x_wconf 85' lang='lat' dir='ltr'>agros.</span> <span class='ocrx_word' id='word_1_537' title='bbox 167 3680 196 3723; x_wconf 89' lang='lat' dir='ltr'>ut</span> <span class='ocrx_word' id='word_1_538' title='bbox 214 3680 284 3723; x_wconf 87' lang='lat' dir='ltr'>tanto</span> <span class='ocrx_word' id='word_1_539' title='bbox 301 3672 400 3724; x_wconf 88' lang='lat' dir='ltr'>liberius</span> <span class='ocrx_word' id='word_1_540' title='bbox 418 3673 587 3724; x_wconf 84' lang='lat' dir='ltr'>astronomicis</span> <span class='ocrx_word' id='word_1_541' title='bbox 605 3676 630 3724; x_wconf 91' lang='lat' dir='ltr'>in</span> <span class='ocrx_word' id='word_1_542' title='bbox 648 3682 773 3738; x_wconf 89' lang='lat' dir='ltr'>posterum</span> <span class='ocrx_word' id='word_1_543' title='bbox 790 3676 919 3741; x_wconf 78' lang='lat' dir='ltr'>invigilare</span> <span class='ocrx_word' id='word_1_544' title='bbox 937 3677 1035 3740; x_wconf 89' lang='lat' dir='ltr'>possim.</span> <span class='ocrx_word' id='word_1_545' title='bbox 1057 3701 1090 3712; x_wconf 91' lang='lat'><em>-</em></span> 
     </span>
    </p>

    <p class='ocr_par' dir='ltr' id='par_1_7' title="bbox 64 3742 1416 3940">
     <span class='ocr_line' id='line_1_47' title="bbox 151 3742 1416 3810; baseline 0.002 -15"><span class='ocrx_word' id='word_1_546' title='bbox 151 3745 218 3796; x_wconf 86' lang='lat' dir='ltr'>Huic</span> <span class='ocrx_word' id='word_1_547' title='bbox 238 3744 367 3810; x_wconf 85' lang='lat' dir='ltr'>apologiae</span> <span class='ocrx_word' id='word_1_548' title='bbox 395 3747 494 3797; x_wconf 89' lang='lat' dir='ltr'>tertiam</span> <span class='ocrx_word' id='word_1_549' title='bbox 522 3746 591 3796; x_wconf 89' lang='lat' dir='ltr'>addit</span> <span class='ocrx_word' id='word_1_550' title='bbox 608 3747 734 3797; x_wconf 85' lang='lat' dir='ltr'>Fabricius</span> <span class='ocrx_word' id='word_1_551' title='bbox 762 3749 938 3798; x_wconf 89' lang='lat' dir='ltr'>correctionem</span> <span class='ocrx_word' id='word_1_552' title='bbox 956 3745 1062 3807; x_wconf 82' lang='lat' dir='ltr'>(„nlmia</span> <span class='ocrx_word' id='word_1_553' title='bbox 1080 3745 1222 3797; x_wconf 83' lang='lat' dir='ltr'>lestiuatio“</span> <span class='ocrx_word' id='word_1_554' title='bbox 1243 3742 1302 3806; x_wconf 68' lang='lat' dir='ltr'>dc.)</span> <span class='ocrx_word' id='word_1_555' title='bbox 1327 3746 1416 3797; x_wconf 83' lang='lat' dir='ltr'>iterum</span> 
     </span>
     <span class='ocr_line' id='line_1_48' title="bbox 64 3816 1416 3883; baseline -0.001 -15"><span class='ocrx_word' id='word_1_556' title='bbox 64 3832 103 3880; x_wconf 85' lang='lat' dir='ltr'>per</span> <span class='ocrx_word' id='word_1_557' title='bbox 121 3819 249 3882; x_wconf 85' lang='lat' dir='ltr'>integrum</span> <span class='ocrx_word' id='word_1_558' title='bbox 266 3816 364 3874; x_wconf 87' lang='lat' dir='ltr'>ioliurn,</span> <span class='ocrx_word' id='word_1_559' title='bbox 386 3831 438 3883; x_wconf 89' lang='lat' dir='ltr'>qua</span> <span class='ocrx_word' id='word_1_560' title='bbox 454 3816 562 3868; x_wconf 91' lang='lat' dir='ltr'>nondum</span> <span class='ocrx_word' id='word_1_561' title='bbox 590 3820 729 3869; x_wconf 88' lang='lat' dir='ltr'>accuratius</span> <span class='ocrx_word' id='word_1_562' title='bbox 756 3824 886 3883; x_wconf 90' lang='lat' dir='ltr'>perspecta</span> <span class='ocrx_word' id='word_1_563' title='bbox 904 3820 1066 3883; x_wconf 86' lang='lat' dir='ltr'>Keplerus</span> <span class='ocrx_word' id='word_1_564' title='bbox 1085 3817 1118 3869; x_wconf 90' lang='lat' dir='ltr'>ad</span> <span class='ocrx_word' id='word_1_565' title='bbox 1135 3820 1272 3881; x_wconf 87' lang='lat' dir='ltr'>praemissa</span> <span class='ocrx_word' id='word_1_566' title='bbox 1289 3817 1416 3882; x_wconf 91' lang='lat' dir='ltr'>respondit</span> 
     </span>
     <span class='ocr_line' id='line_1_49' title="bbox 66 3887 309 3940; baseline -0.004 -2"><span class='ocrx_word' id='word_1_567' title='bbox 66 3889 129 3940; x_wconf 89' lang='lat' dir='ltr'>huuc</span> <span class='ocrx_word' id='word_1_568' title='bbox 148 3890 176 3939; x_wconf 84' lang='lat' dir='ltr'>in</span> <span class='ocrx_word' id='word_1_569' title='bbox 193 3887 309 3938; x_wconf 85' lang='lat' dir='ltr'>modam:</span> 
     </span>
    </p>
   </div>
   <div class='ocr_carea' id='block_1_3' title="bbox 66 3959 1508 4845">
    <p class='ocr_par' dir='ltr' id='par_1_8' title="bbox 66 3959 1508 4845">
     <span class='ocr_line' id='line_1_50' title="bbox 151 3959 1508 4044; baseline 0 -22"><span class='ocrx_word' id='word_1_570' title='bbox 151 3959 204 4022; x_wconf 84' lang='lat' dir='ltr'>Ad</span> <span class='ocrx_word' id='word_1_571' title='bbox 227 3968 280 4022; x_wconf 83' lang='lat' dir='ltr'>tus</span> <span class='ocrx_word' id='word_1_572' title='bbox 303 3979 373 4023; x_wconf 84' lang='lat' dir='ltr'>vero</span> <span class='ocrx_word' id='word_1_573' title='bbox 388 3960 463 4022; x_wconf 90' lang='lat' dir='ltr'>haec</span> <span class='ocrx_word' id='word_1_574' title='bbox 486 3959 609 4024; x_wconf 86' lang='lat' dir='ltr'>inventa</span> <span class='ocrx_word' id='word_1_575' title='bbox 632 3961 669 4022; x_wconf 92' lang='lat' dir='ltr'>de</span> <span class='ocrx_word' id='word_1_576' title='bbox 683 3963 794 4036; x_wconf 88' lang='lat' dir='ltr'>Marte,</span> <span class='ocrx_word' id='word_1_577' title='bbox 819 3960 895 4042; x_wconf 81' lang='lat' dir='ltr'>quae</span> <span class='ocrx_word' id='word_1_578' title='bbox 909 3960 1112 4044; x_wconf 86' lang='lat' dir='ltr'>Pythagorico</span> <span class='ocrx_word' id='word_1_579' title='bbox 1131 3961 1240 4023; x_wconf 81' lang='lat' dir='ltr'>affectu</span> <span class='ocrx_word' id='word_1_580' title='bbox 1264 3978 1416 4027; x_wconf 86' lang='lat' dir='ltr'>commen·</span> <span class='ocrx_word' id='word_1_581' title='bbox 1505 4008 1508 4013; x_wconf 85' lang='lat'>.</span> 
     </span>
     <span class='ocr_line' id='line_1_51' title="bbox 66 4048 1417 4135; baseline -0.002 -23"><span class='ocrx_word' id='word_1_582' title='bbox 66 4050 117 4114; x_wconf 86' lang='lat' dir='ltr'>das</span> <span class='ocrx_word' id='word_1_583' title='bbox 139 4066 249 4135; x_wconf 25' lang='lat' dir='ltr'>mleque</span> <span class='ocrx_word' id='word_1_584' title='bbox 271 4049 384 4113; x_wconf 84' lang='lat' dir='ltr'>invitae</span> <span class='ocrx_word' id='word_1_585' title='bbox 407 4050 446 4112; x_wconf 88' lang='lat' dir='ltr'>ad</span> <span class='ocrx_word' id='word_1_586' title='bbox 470 4068 507 4110; x_wconf 86' lang='lat' dir='ltr'>ea</span> <span class='ocrx_word' id='word_1_587' title='bbox 529 4050 714 4126; x_wconf 84' lang='lat' dir='ltr'>admirande,</span> <span class='ocrx_word' id='word_1_588' title='bbox 740 4050 810 4131; x_wconf 88' lang='lat' dir='ltr'>quid</span> <span class='ocrx_word' id='word_1_589' title='bbox 833 4050 931 4112; x_wconf 85' lang='lat' dir='ltr'>dicam</span> <span class='ocrx_word' id='word_1_590' title='bbox 953 4070 1011 4113; x_wconf 91' lang='lat' dir='ltr'>uon</span> <span class='ocrx_word' id='word_1_591' title='bbox 1034 4050 1139 4113; x_wconf 86' lang='lat' dir='ltr'>habeo.</span> <span class='ocrx_word' id='word_1_592' title='bbox 1185 4048 1325 4111; x_wconf 89' lang='lat' dir='ltr'>Rideho?</span> <span class='ocrx_word' id='word_1_593' title='bbox 1369 4048 1417 4111; x_wconf 83' lang='lat' dir='ltr'>Ac</span> 
     </span>
     <span class='ocr_line' id='line_1_52' title="bbox 66 4135 1416 4222; baseline -0.004 -18"><span class='ocrx_word' id='word_1_594' title='bbox 66 4140 191 4204; x_wconf 84' lang='lat' dir='ltr'>meliora</span> <span class='ocrx_word' id='word_1_595' title='bbox 204 4139 329 4202; x_wconf 86' lang='lat' dir='ltr'>tueritne</span> <span class='ocrx_word' id='word_1_596' title='bbox 345 4158 379 4202; x_wconf 90' lang='lat' dir='ltr'>es</span> <span class='ocrx_word' id='word_1_597' title='bbox 398 4137 519 4219; x_wconf 86' lang='lat' dir='ltr'>egregio</span> <span class='ocrx_word' id='word_1_598' title='bbox 535 4139 634 4201; x_wconf 88' lang='lat' dir='ltr'>studio</span> <span class='ocrx_word' id='word_1_599' title='bbox 650 4149 682 4202; x_wconf 89' lang='lat' dir='ltr'>et</span> <span class='ocrx_word' id='word_1_600' title='bbox 695 4138 859 4222; x_wconf 86' lang='lat' dir='ltr'>eupiditate</span> <span class='ocrx_word' id='word_1_601' title='bbox 875 4139 1037 4221; x_wconf 83' lang='lat' dir='ltr'>inculpata</span> <span class='ocrx_word' id='word_1_602' title='bbox 1072 4138 1177 4219; x_wconf 87' lang='lat' dir='ltr'>Magni</span> <span class='ocrx_word' id='word_1_603' title='bbox 1193 4157 1263 4200; x_wconf 87' lang='lat' dir='ltr'>vero</span> <span class='ocrx_word' id='word_1_604' title='bbox 1284 4135 1416 4200; x_wconf 79' lang='lat' dir='ltr'>faciam?</span> 
     </span>
     <span class='ocr_line' id='line_1_53' title="bbox 67 4224 1415 4303; baseline -0.003 -12"><span class='ocrx_word' id='word_1_605' title='bbox 67 4232 106 4293; x_wconf 80' lang='lat' dir='ltr'>bt</span> <span class='ocrx_word' id='word_1_606' title='bbox 128 4228 230 4291; x_wconf 88' lang='lat' dir='ltr'>minus</span> <span class='ocrx_word' id='word_1_607' title='bbox 254 4226 310 4289; x_wconf 92' lang='lat' dir='ltr'>hoc</span> <span class='ocrx_word' id='word_1_608' title='bbox 333 4228 391 4291; x_wconf 89' lang='lat' dir='ltr'>erit</span> <span class='ocrx_word' id='word_1_609' title='bbox 413 4227 571 4291; x_wconf 88' lang='lat' dir='ltr'>candidum</span> <span class='ocrx_word' id='word_1_610' title='bbox 595 4227 720 4292; x_wconf 82' lang='lat' dir='ltr'>lacinus.</span> <span class='ocrx_word' id='word_1_611' title='bbox 767 4230 832 4292; x_wconf 91' lang='lat' dir='ltr'>Hoc</span> <span class='ocrx_word' id='word_1_612' title='bbox 855 4229 950 4291; x_wconf 89' lang='lat' dir='ltr'>solum</span> <span class='ocrx_word' id='word_1_613' title='bbox 974 4228 1028 4291; x_wconf 91' lang='lat' dir='ltr'>tibi</span> <span class='ocrx_word' id='word_1_614' title='bbox 1059 4227 1140 4303; x_wconf 87' lang='lat' dir='ltr'>dico,</span> <span class='ocrx_word' id='word_1_615' title='bbox 1173 4237 1226 4291; x_wconf 85' lang='lat' dir='ltr'>aut</span> <span class='ocrx_word' id='word_1_616' title='bbox 1249 4235 1279 4288; x_wconf 88' lang='lat' dir='ltr'>te</span> <span class='ocrx_word' id='word_1_617' title='bbox 1302 4224 1415 4288; x_wconf 88' lang='lat' dir='ltr'>coinci-</span> 
     </span>
     <span class='ocr_line' id='line_1_54' title="bbox 67 4313 1416 4398; baseline -0.003 -19"><span class='ocrx_word' id='word_1_618' title='bbox 67 4320 135 4380; x_wconf 86' lang='lat' dir='ltr'>dere</span> <span class='ocrx_word' id='word_1_619' title='bbox 161 4319 192 4381; x_wconf 90' lang='lat' dir='ltr'>in</span> <span class='ocrx_word' id='word_1_620' title='bbox 218 4316 325 4379; x_wconf 82' lang='lat' dir='ltr'>ellectu</span> <span class='ocrx_word' id='word_1_621' title='bbox 348 4337 414 4380; x_wconf 90' lang='lat' dir='ltr'>cum</span> <span class='ocrx_word' id='word_1_622' title='bbox 443 4316 618 4398; x_wconf 82' lang='lat' dir='ltr'>operatione</span> <span class='ocrx_word' id='word_1_623' title='bbox 647 4337 714 4381; x_wconf 86' lang='lat' dir='ltr'>mea</span> <span class='ocrx_word' id='word_1_624' title='bbox 741 4325 794 4381; x_wconf 86' lang='lat' dir='ltr'>aut</span> <span class='ocrx_word' id='word_1_625' title='bbox 816 4317 1022 4381; x_wconf 84' lang='lat' dir='ltr'>aberraturum</span> <span class='ocrx_word' id='word_1_626' title='bbox 1050 4315 1224 4397; x_wconf 86' lang='lat' dir='ltr'>longissime</span> <span class='ocrx_word' id='word_1_627' title='bbox 1248 4314 1286 4376; x_wconf 88' lang='lat' dir='ltr'>ab</span> <span class='ocrx_word' id='word_1_628' title='bbox 1309 4313 1416 4375; x_wconf 89' lang='lat' dir='ltr'>obser·</span> 
     </span>
     <span class='ocr_line' id='line_1_55' title="bbox 66 4401 1417 4487; baseline -0.001 -23"><span class='ocrx_word' id='word_1_629' title='bbox 66 4407 153 4470; x_wconf 76' lang='lat' dir='ltr'>satia</span> <span class='ocrx_word' id='word_1_630' title='bbox 203 4403 306 4476; x_wconf 80' lang='lat' dir='ltr'>Quid?</span> <span class='ocrx_word' id='word_1_631' title='bbox 342 4405 386 4469; x_wconf 79' lang='lat' dir='ltr'>&#39;l&#39;u</span> <span class='ocrx_word' id='word_1_632' title='bbox 410 4425 513 4486; x_wconf 86' lang='lat' dir='ltr'>parum</span> <span class='ocrx_word' id='word_1_633' title='bbox 538 4407 649 4469; x_wconf 81' lang='lat' dir='ltr'>referre</span> <span class='ocrx_word' id='word_1_634' title='bbox 673 4415 762 4486; x_wconf 86' lang='lat' dir='ltr'>putas</span> <span class='ocrx_word' id='word_1_635' title='bbox 785 4407 824 4468; x_wconf 86' lang='lat' dir='ltr'>ad</span> <span class='ocrx_word' id='word_1_636' title='bbox 847 4406 928 4470; x_wconf 86' lang='lat' dir='ltr'>orbis</span> <span class='ocrx_word' id='word_1_637' title='bbox 949 4404 1041 4469; x_wconf 85' lang='lat' dir='ltr'>annui</span> <span class='ocrx_word' id='word_1_638' title='bbox 1065 4405 1268 4487; x_wconf 85' lang='lat' dir='ltr'>aequationee,</span> <span class='ocrx_word' id='word_1_639' title='bbox 1293 4401 1417 4482; x_wconf 89' lang='lat' dir='ltr'>prolon-</span> 
     </span>
     <span class='ocr_line' id='line_1_56' title="bbox 68 4488 1416 4576; baseline -0.006 -17"><span class='ocrx_word' id='word_1_640' title='bbox 68 4507 176 4576; x_wconf 84' lang='lat' dir='ltr'>gentur</span> <span class='ocrx_word' id='word_1_641' title='bbox 204 4494 370 4557; x_wconf 62' lang='lat' dir='ltr'>dicundae</span> <span class='ocrx_word' id='word_1_642' title='bbox 399 4495 510 4559; x_wconf 86' lang='lat' dir='ltr'>Martis</span> <span class='ocrx_word' id='word_1_643' title='bbox 534 4518 553 4557; x_wconf 85' lang='lat' dir='ltr'>a</span> <span class='ocrx_word' id='word_1_644' title='bbox 576 4494 647 4557; x_wconf 91' lang='lat' dir='ltr'>Sole</span> <span class='ocrx_word' id='word_1_645' title='bbox 675 4495 756 4558; x_wconf 89' lang='lat' dir='ltr'>circa</span> <span class='ocrx_word' id='word_1_646' title='bbox 778 4495 892 4558; x_wconf 84' lang='lat' dir='ltr'>mediae</span> <span class='ocrx_word' id='word_1_647' title='bbox 916 4494 1118 4574; x_wconf 87' lang='lat' dir='ltr'>longitudines</span> <span class='ocrx_word' id='word_1_648' title='bbox 1145 4513 1183 4555; x_wconf 89' lang='lat' dir='ltr'>an</span> <span class='ocrx_word' id='word_1_649' title='bbox 1200 4488 1416 4553; x_wconf 79' lang='lat' dir='ltr'>decussantur?</span> 
     </span>
     <span class='ocr_line' id='line_1_57' title="bbox 69 4580 1416 4665; baseline -0.004 -17"><span class='ocrx_word' id='word_1_650' title='bbox 69 4588 129 4648; x_wconf 80' lang='lat' dir='ltr'>rint</span> <span class='ocrx_word' id='word_1_651' title='bbox 154 4583 208 4648; x_wconf 91' lang='lat' dir='ltr'>ubi</span> <span class='ocrx_word' id='word_1_652' title='bbox 231 4602 289 4663; x_wconf 85' lang='lat' dir='ltr'>ego</span> <span class='ocrx_word' id='word_1_653' title='bbox 313 4585 446 4661; x_wconf 83' lang='lat' dir='ltr'>decerto,</span> <span class='ocrx_word' id='word_1_654' title='bbox 470 4593 503 4647; x_wconf 90' lang='lat' dir='ltr'>tu</span> <span class='ocrx_word' id='word_1_655' title='bbox 527 4584 614 4646; x_wconf 84' lang='lat' dir='ltr'>maiis</span> <span class='ocrx_word' id='word_1_656' title='bbox 638 4585 838 4665; x_wconf 84' lang='lat' dir='ltr'>prolongare?</span> <span class='ocrx_word' id='word_1_657' title='bbox 883 4582 965 4647; x_wconf 89' lang='lat' dir='ltr'>Ote</span> <span class='ocrx_word' id='word_1_658' title='bbox 988 4583 1147 4646; x_wconf 84' lang='lat' dir='ltr'>miserum!</span> <span class='ocrx_word' id='word_1_659' title='bbox 1184 4580 1282 4651; x_wconf 80' lang='lat' dir='ltr'>Quam</span> <span class='ocrx_word' id='word_1_660' title='bbox 1310 4598 1416 4659; x_wconf 89' lang='lat' dir='ltr'>parurn</span> 
     </span>
     <span class='ocr_line' id='line_1_58' title="bbox 73 4667 1416 4755; baseline -0.005 -17"><span class='ocrx_word' id='word_1_661' title='bbox 73 4694 183 4738; x_wconf 89' lang='lat' dir='ltr'>mernor</span> <span class='ocrx_word' id='word_1_662' title='bbox 206 4692 241 4736; x_wconf 88' lang='lat' dir='ltr'>es</span> <span class='ocrx_word' id='word_1_663' title='bbox 266 4691 379 4750; x_wconf 85' lang='lat' dir='ltr'>eorum,</span> <span class='ocrx_word' id='word_1_664' title='bbox 403 4693 479 4755; x_wconf 90' lang='lat' dir='ltr'>quae</span> <span class='ocrx_word' id='word_1_665' title='bbox 504 4673 574 4737; x_wconf 92' lang='lat' dir='ltr'>olim</span> <span class='ocrx_word' id='word_1_666' title='bbox 596 4673 660 4753; x_wconf 89' lang='lat' dir='ltr'>ipae</span> <span class='ocrx_word' id='word_1_667' title='bbox 676 4681 817 4755; x_wconf 86' lang='lat' dir='ltr'>expertus</span> <span class='ocrx_word' id='word_1_668' title='bbox 840 4672 927 4754; x_wconf 88' lang='lat' dir='ltr'>inque</span> <span class='ocrx_word' id='word_1_669' title='bbox 950 4672 1047 4735; x_wconf 89' lang='lat' dir='ltr'>literis</span> <span class='ocrx_word' id='word_1_670' title='bbox 1071 4672 1111 4732; x_wconf 85' lang='lat' dir='ltr'>ad</span> <span class='ocrx_word' id='word_1_671' title='bbox 1125 4688 1171 4733; x_wconf 90' lang='lat' dir='ltr'>me</span> <span class='ocrx_word' id='word_1_672' title='bbox 1194 4667 1309 4749; x_wconf 83' lang='lat' dir='ltr'>prolixe</span> <span class='ocrx_word' id='word_1_673' title='bbox 1333 4667 1416 4731; x_wconf 83' lang='lat' dir='ltr'>datis</span> 
     </span>
     <span class='ocr_line' id='line_1_59' title="bbox 71 4756 1416 4845; baseline -0.001 -20"><span class='ocrx_word' id='word_1_674' title='bbox 71 4771 198 4826; x_wconf 66' lang='lat' dir='ltr'>tremum</span> <span class='ocrx_word' id='word_1_675' title='bbox 227 4781 272 4827; x_wconf 90' lang='lat' dir='ltr'>es.</span> <span class='ocrx_word' id='word_1_676' title='bbox 319 4762 387 4825; x_wconf 87' lang='lat' dir='ltr'>Nou</span> <span class='ocrx_word' id='word_1_677' title='bbox 410 4763 522 4827; x_wconf 85' lang='lat' dir='ltr'>sufficit</span> <span class='ocrx_word' id='word_1_678' title='bbox 544 4762 712 4843; x_wconf 84' lang='lat' dir='ltr'>transigere</span> <span class='ocrx_word' id='word_1_679' title='bbox 736 4782 802 4825; x_wconf 91' lang='lat' dir='ltr'>cum</span> <span class='ocrx_word' id='word_1_680' title='bbox 825 4762 1026 4844; x_wconf 87' lang='lat' dir='ltr'>acronychiie,</span> <span class='ocrx_word' id='word_1_681' title='bbox 1052 4765 1226 4845; x_wconf 79' lang='lat' dir='ltr'>oporteret</span> <span class='ocrx_word' id='word_1_682' title='bbox 1249 4756 1364 4839; x_wconf 88' lang='lat' dir='ltr'>reliqua</span> <span class='ocrx_word' id='word_1_683' title='bbox 1384 4757 1416 4823; x_wconf 85' lang='lat' dir='ltr'>is</span> 
     </span>
    </p>
   </div>
   <div class='ocr_carea' id='block_1_4' title="bbox 73 4850 375 4936">
    <p class='ocr_par' dir='ltr' id='par_1_9' title="bbox 73 4850 375 4936">
     <span class='ocr_line' id='line_1_60' title="bbox 73 4850 375 4936; baseline 0.02 -22"><span class='ocrx_word' id='word_1_684' title='bbox 73 4859 229 4936; x_wconf 83' lang='lat' dir='ltr'>conspectu</span> <span class='ocrx_word' id='word_1_685' title='bbox 251 4850 375 4920; x_wconf 78' lang='lat' dir='ltr'>habore.</span> 
     </span>
    </p>
   </div>
   <div class='ocr_carea' id='block_1_5' title="bbox 0 0 1703 5528">
    <p class='ocr_par' dir='ltr' id='par_1_10' title="bbox 0 0 1703 5528">
     <span class='ocr_line' id='line_1_61' title="bbox 0 0 1703 5528; baseline 0 0"><span class='ocrx_word' id='word_1_686' title='bbox 0 0 1703 5528; x_wconf 95' lang='lat' dir='ltr'> </span> 
     </span>
    </p>
   </div>
  </div>
 </body>
</html>
