3368 5534
527 267 1132 339 66666166661166666666
1447 276 1512 343 721

162 439 333 510 Bricbtnugen
350 443 456 496 nemben
474 445 520 495 mir
537 446 577 499 die
589 447 647 499 Zeis
660 448 712 500 also
728 449 851 508 61666116,
871 450 929 502 dass
946 450 990 502 Ich
1008 450 1074 502 mich
1091 466 1173 518 pegae
1191 452 1272 504 meins
1289 458 1378 519 putten
1389 453 1513 506 Freuudte

163 511 326 564 6161166166
343 514 387 566 666
404 515 547 567 Nothdnrfft
564 516 629 569 nach
647 522 684 570 nit
703 521 819 588 66661666
837 528 919 588 nege.
1193 528 1204 545 ”

252 587 304 635 sus
322 585 503 653 beyliegnnden
522 589 581 652 drey
600 591 770 643 ansebulicher
787 593 880 644 Leiitte
898 593 998 642 Brieieu
1017 593 1062 642 hat
1080 594 1125 644 der
1142 595 1207 646 Herr
1227 610 1259 645 an
1277 595 1367 654 sehen,
1389 597 1436 646 vie
1453 598 1515 663 lang

164 668 190 704 es
208 670 266 717 666,
290 657 348 706 dass
366 660 419 709 6616
438 674 498 724 opus
517 660 594 712 durch
611 663 677 713 mich
694 679 727 714 sn
745 664 854 715 trembde
874 664 935 715 Orth
954 664 1126 716 rberscbichbt
1144 667 1194 716 nnd
1212 667 1328 731 publicirt
1345 669 1443 730 worden
1461 684 1513 731 666.

163 724 261 776 Desseu
279 728 332 778 sich
350 744 401 780 uun
420 731 463 781 der
481 731 546 783 Herr
563 748 595 783 an
613 734 726 785 erlreiieu
744 736 795 785 666
813 736 953 799 beynebens
971 751 1003 784 an
1025 742 1168 803 getrbsteu,
1195 753 1222 788 er
1240 739 1321 789 werde
1339 742 1385 790 mit
1401 741 1515 801 sollicher

163 795 348 865 Besohreibnup
363 815 397 851 au
408 802 488 853 616166
501 803 588 852 orthon
599 806 647 855 6161
659 812 742 870 gnetts
755 805 871 858 666166
884 808 960 857 solbet
973 808 1012 856 ein
1024 807 1187 859 merkhliches
1202 809 1255 860 Lob
1268 811 1410 862 sersrsacht
1423 811 1513 862 haben.

185 902 192 914 .
252 870 321 920 Wais
338 871 372 921 lir
389 873 455 923 mich
472 875 498 924 in
516 876 605 925 ssiuen
620 876 743 928 Diensten
761 879 842 929 temer
864 894 895 928 an
918 878 1059 938 branchou,
1083 894 1110 930 so
1133 879 1178 931 hat
1196 881 1229 930 Er
1250 883 1317 933 mich
1339 883 1431 935 darana
1449 897 1514 949 pana

121 987 124 991 .
163 940 246 1007 6611116.
285 941 371 993 Gottes
390 942 472 1010 Segeu
490 947 536 995 mit
553 960 597 995 vus
616 947 690 998 allon.

253 1011 317 1062 0616
336 1014 360 1065 d.
383 1015 423 1064 12.
442 1016 498 1083 Τις
514 1016 573 1068 iulii
594 1015 669 1069 1606.
889 1083 894 1094 .

757 1091 809 1143 Des
827 1092 908 1144 Herm
925 1092 1093 1160 dinstvilliger

744 1168 746 1172 '
1160 1165 1192 1216 Ρ.
1214 1166 1301 1217 06661.

161 1240 240 1295 lusor.
277 1244 343 1297 Dem
365 1248 444 1298 Edlen
466 1250 518 1299 und
540 1249 660 1316 Hochgel.
679 1250 760 1302 Herrn
783 1253 807 1303 J.
827 1237 953 1317 Kepplem
982 1253 1025 1305 der
1049 1253 1217 1306 6661166.
1242 1256 1303 1320 1161.
1327 1254 1515 1317 1161666666,

277 1321 384 1373 meinem
403 1320 504 1371 sondsrs
522 1322 625 1372 lreuudl.
645 1324 697 1374 und
713 1324 837 1389 geliebtou
852 1325 948 1375 Horren
1083 1328 1088 1336 '
1319 1328 1409 1395 Praag.

253 1408 394 1472 Epistolae,
423 1423 485 1474 6666
512 1409 572 1460 61611
597 1408 726 1470 06661166,
755 1412 831 1462 66166
856 1419 913 1463 snut
937 1427 953 1463 6
974 1412 1045 1464 Ferd.
1071 1413 1235 1465 couterini
1260 1415 1284 1465 d.
1308 1413 1333 1466 8.
1353 1421 1411 1483 Apr.
1439 1417 1515 1478 1606,

164 1480 360 1530 Comoiratta
385 1479 512 1531 cardinali
530 1483 554 1532 d.
574 1481 655 1532 Roma
673 1482 698 1533 7.
719 1482 775 1534 lan.
799 1480 879 1541 1606,
909 1491 935 1534 66
953 1498 969 1534 6
986 1485 1082 1535 666166
1100 1485 1124 1535 1.
1145 1486 1174 1535 G.
1195 1487 1301 1550 Gbpel,
1329 1488 1420 1539 Martio
1448 1488 1515 1541 1606

163 1550 256 1616 (comp.
275 1552 322 1600 661.
337 1551 372 1608 11,
390 1568 417 1616 p.
429 1549 504 1614 tte).
533 1552 604 1615 Quae
624 1553 772 1606 Sersrins
791 1561 817 1605 et
834 1555 999 1621 Zieglsrns
1018 1557 1196 1621 responderunt
1214 1558 1329 1624 leguntur
1346 1561 1372 1609 in
1389 1561 1516 1612 Hmschio

163 1639 188 1688 p.
207 1620 261 1674 343
280 1630 307 1674 66
326 1620 386 1674 361.
413 1624 550 1689 Responsio
568 1626 670 1690 Kepleri
688 1628 735 1677 661.
755 1626 786 1686 11,
805 1642 830 1690 p.
844 1624 906 1677 ete.
936 1625 1298 1681 0661661666616161611
1317 1631 1401 1682 addito
1414 1634 1516 1698 Kepleri

166 1695 261 1746 calculo
280 1694 432 1746 exhibuimus
451 1696 498 1746 sol.
517 1697 555 1754 11,
574 1712 599 1761 p.
622 1694 670 1746 103
688 1713 724 1763 sq.
762 1694 931 1762 aliquorum
954 1698 1038 1749 literas
1057 1699 1179 1764 Keplerns
1199 1715 1284 1753 seeum
1305 1704 1420 1766 retinnit,
1444 1714 1516 1755 suut:

167 1766 268 1816 Stanisl.
288 1761 505 1818 Graistanoric
525 1766 615 1832 (comp.
637 1769 682 1818 vol.
703 1769 736 1827 11,
757 1767 1327 1834 6629),16616166Μ6ι1161,666666166
1347 1776 1516 1840 Antuerpien·

166 1838 828 1906 66016166666111611661666666611666666.
866 1841 1019 1891 Eberhardus
1042 1840 1169 1900 Schele,
1189 1843 1286 1909 legatus
1308 1845 1517 1914 Liiueburpensis,

165 1909 229 1960 haec
247 1909 315 1959 dedit
332 1909 455 1976 Keplero:
618 1904 625 1919 ⁸

779 1981 805 2034 S.
824 1984 853 2034 P.
872 1984 905 2034 D.

256 2051 395 2104 Clarissimo
413 2052 530 2118 Keplere.
712 2059 721 2063 ’“
1392 2098 1395 2104 .

256 2124 381 2175 Redditus
399 2126 458 2174 mihi
478 2133 535 2175 6661
552 2123 599 2175 666
616 2140 690 2177 mane
708 2127 796 2176 literae
821 2126 910 2176 aJoh.
931 2127 1014 2176 Leone
1040 2128 1146 2190 scriptae
1166 2128 1262 2195 Pragae
1283 2125 1406 2190 61166,
1432 2132 1519 2197 661666
1590 2128 1591 2132 ’

167 2199 288 2261 adiuncta
313 2204 385 2247 erant
409 2204 509 2265 septem³
531 2198 682 2262 exemplaria
704 2197 824 2263 epistolae
845 2205 905 2249 tuae
930 2197 961 2247 de
981 2197 1044 2247 Solis
1067 2199 1173 2263 deliquio
1195 2201 1304 2264 proxime
1328 2204 1460 2265 praeterito
1487 2205 1519 2254 ad

167 2285 249 2320 rerum
268 2268 411 2318 coelestium
431 2263 553 2319 amatores
571 2271 688 2332 scriptae,
707 2283 771 2335 qnae
789 2269 888 2334 quidem
906 2270 955 2318 suis
973 2269 1033 2318 locis
1052 2270 1120 2320 reddi
1139 2273 1238 2322 curabo.
1267 2271 1443 2325 Meditstionos
1461 2282 1533 2326 tuas·

167 2356 242 2406 super
258 2338 434 2391 directionibus
453 2340 563 2390 Fabricio
582 2348 664 2389 nostro
684 2342 907 2396 communicatam,
930 2354 1012 2390 rernm
1035 2340 1076 2391 ille
1100 2341 1208 2391 noudum
1227 2340 1338 2408 (saepius
1356 2344 1415 2396 11666
1434 2344 1518 2396 admo·

167 2410 246 2471 nitus)
264 2413 373 2467 remisit,
397 2412 504 2476 alioquin
528 2411 619 2462 dudum
637 2414 792 2463 remisissem.
828 2412 930 2462 Faciam
948 2420 1046 2472 tamen,
1070 2427 1144 2477 6666
1163 2416 1265 2477 primum
1284 2416 1386 2480 abipso
1405 2431 1519 2482 recepero

168 2482 300 2549 (compl.
321 2479 393 2544 366).
430 2482 507 2532 Totus
525 2484 545 2531 is
564 2497 670 2547 namque
688 2498 754 2534 nnnc
773 2489 812 2532 est
829 2484 855 2532 16
873 2482 999 2548 religendo
1020 2483 1113 2546 1661616
1136 2499 1180 2533 666
1204 2486 1234 2534 66
1260 2501 1324 2536 6666
1347 2488 1432 2548 666116,
1456 2488 1534 2553 6666Ι

167 2556 269 2606 tertium
286 2568 353 2604 nnnc
371 2554 448 2604 edidit
466 2556 609 2618 inscriptum
626 2554 704 2605 lienr.
723 2553 788 2605 Julio
801 2553 990 2604 1166166666.
1009 2561 1036 2603 et
1050 2555 1145 2605 Lnneb.
1173 2555 1309 2607 Praeterea
1327 2556 1476 2613 Celenderis
1494 2567 1521 2611 et

167 2627 329 2692 prognostica
347 2626 431 2676 scribit
449 2632 476 2675 et
494 2625 552 2675 edit
583 2624 621 2675 De
640 2627 725 2690 quibus
744 2641 800 2675 cnm
818 2636 900 2674 6666
918 2640 967 2675 666
986 2626 1019 2674 611
1034 2625 1156 2688 judicare,
1177 2628 1332 2692 supersedeo.
1362 2630 1521 2697 Epigramma

168 2697 318 2747 solummodo
338 2697 363 2746 16
381 2698 456 2760 ipsine
474 2697 592 2748 honorem
611 2711 627 2747 a
645 2712 685 2747 66
702 2698 820 2760 scriptum
839 2697 919 2746 addo:

451 2771 511 2818 Arte
529 2768 655 2819 laboratas
674 2774 754 2819 666666
773 2780 906 2833 66666666
924 2768 1056 2834 domosque

487 2839 596 2905 Suspicit
612 2840 716 2904 insipido
735 2845 833 2903 pectore
852 2840 939 2905 661666
956 2841 1031 2890 iners.

452 2913 487 2961 At
506 2911 568 2961 coeli
586 2904 696 2975 Solisque
716 2912 769 2961 6166
786 2912 927 2975 6661166666
945 2912 1061 2977 latosque

487 2981 575 3034 Sidera
592 2997 653 3048 6666
671 2983 782 3040 iscium,
801 2981 902 3032 0166616
918 2996 1027 3047 quasque
1045 2982 1119 3040 16616,

450 3051 563 3105 6616616
582 3055 708 3112 observat,
727 3058 797 3117 cnjus
816 3053 946 3118 Sapientia
963 3061 1072 3104 mentem

485 3125 588 3176 Lustrat
607 3134 632 3178 et
650 3126 683 3177 ad
700 3126 780 3177 dorae
797 3125 867 3176 iacta
885 3126 996 3176 notanda
1013 3129 1086 3188 rapit.

449 3197 600 3255 asemel,
617 3197 676 3261 hino
695 3199 797 3263 capiunt
814 3197 907 3246 16666
925 3204 971 3247 tus
988 3199 1081 3262 scripta
1097 3210 1247 3260 perennem

486 3267 585 3332 Spernit
602 3269 703 3320 humum
721 3275 747 3318 et
766 3267 861 3317 coelum
875 3267 958 3332 ¹gloria
975 3282 1034 3318 vera
1052 3266 1123 3331 petit.

256 3339 326 3391 Intra
345 3340 501 3403 quatriduum
518 3341 560 3390 ille
578 3341 637 3390 mihi
657 3340 744 3396 aderit,
764 3347 816 3388 166
834 3340 887 3402 1666
906 3339 1035 3402 epistolam
1054 3348 1122 3388 tuam
1142 3346 1167 3389 et
1184 3345 1269 3390 cetera
1287 3338 1392 3388 tradam

257 3412 357 3462 luteres
379 3409 520 3475 (postquam
539 3427 569 3460 ex
593 3412 697 3475 epistole
719 3418 765 3460 666
782 3411 902 3474 intelligo,
922 3418 948 3458 te
966 3411 1042 3460 etiam
1061 3411 1179 3474 despecta
1197 3418 1223 3461 et
1241 3410 1281 3459 sili
1299 3412 1442 3461 narratione
1453 3424 1519 3476 ἱ666-

167 3491 265 3534 mutum
282 3483 335 3535 lore
354 3490 429 3547 atque
447 3480 479 3531 de
496 3484 555 3547 ipsis
571 3498 666 3548 666666
678 3483 782 3531 nubibus
794 3482 924 3532 certiorem
935 3481 989 3533 fieri
1002 3496 1099 3544 cupere,
1119 3495 1182 3546 quae
1196 3488 1305 3544 tempore
1318 3482 1415 3546 eclipsis
1429 3481 1520 3533 Solaria

167 3562 317 3620 conspectae
336 3553 406 3613 sunt)
425 3554 471 3605 hoc
490 3568 586 3620 quoqne
604 3563 630 3605 te
642 3555 705 3604 scire
717 3554 792 3611 66161,
810 3567 849 3602 66
868 3554 968 3602 6666161
987 3554 1155 3602 instrumentis
1175 3552 1357 3603 mathematicis
1376 3553 1521 3604 destitutum

167 3627 270 3691 eclipsin
287 3633 373 3676 tamen
391 3626 458 3675 11166
473 3626 604 3692 diligenter
616 3633 642 3676 et
654 3626 748 3676 curiose
761 3624 837 3674 oculis
850 3622 991 3686 adspexisse
1010 3621 1080 3685 (nam
1093 3631 1189 3673 tantum
1202 3623 1251 3673 Dei
1269 3624 1351 3689 gratia
1368 3626 1422 3674 sisu
1440 3625 1521 3676 66666

167 3698 248 3755 valeo,
267 3704 295 3748 nt
314 3699 406 3760 apertis
425 3712 520 3762 qnoque
539 3698 615 3748 666116
631 3696 712 3747 Solem
730 3698 820 3747 intueri
839 3692 940 3759 possim)
959 3701 1034 3759 66666
1053 3695 1149 3744 initium
1168 3696 1220 3757 eius
1238 3696 1264 3744 iu
1282 3693 1329 3745 hoc
1346 3709 1402 3746 666
1420 3697 1520 3760 praedio

168 3770 311 3820 observasse
329 3768 390 3820 hora
409 3766 450 3817 12.
471 3766 514 3818 30’
531 3770 583 3820 lere
606 3776 662 3833 post
678 3767 764 3817 merid.
802 3768 869 3816 Finis
888 3782 904 3815 a
922 3780 962 3814 me
985 3773 1074 3816 exacte
1097 3767 1238 3817 observatus
1264 3766 1325 3824 luit,
1352 3781 1408 3817 oum
1433 3768 1521 3820 umbra

166 3843 194 3892 in
212 3841 357 3892 sciotherioo
375 3846 475 3890 notaret
491 3840 577 3891 horam
590 3839 615 3889 2.
629 3837 681 3888 ⁴5¹.
710 3838 817 3888 Medium
836 3840 887 3887 sive
906 3827 1002 3904 6166666
1021 3837 1149 3887 observare
1167 3852 1216 3886 uon
1234 3838 1302 3900 potui
1320 3837 1438 3902 deceptus
1456 3847 1519 3889 tem-

166 3928 227 3979 pure
245 3927 262 3963 s
279 3919 304 3962 te
324 3919 350 3962 et
368 3912 423 3962 aliis
441 3913 467 3961 in
481 3910 634 3965 Calendariis
653 3920 679 3963 et
691 3909 891 3974 Ephemeridibus
910 3914 1005 3968 notato,
1024 3916 1077 3957 tum
1096 3909 1171 3959 etiam
1188 3909 1290 3959 nubium
1309 3921 1437 3966 concursu,
1455 3923 1519 3974 6666
1615 3933 1619 3941 .

168 3991 229 4036 ante
248 3985 354 4034 medinm
373 3984 492 4048 eclipseos
510 3984 649 4049 1666666166
668 3979 750 4031 66166
768 3981 932 4045 obtegebant,
958 3981 994 4029 sic
1017 3984 1118 4037 16666,
1143 3987 1172 4029 61
1194 3979 1296 4032 subinde
1315 3980 1439 4038 eluceret,
1464 3986 1520 4044 post

167 4056 277 4107 medium
295 4069 350 4106 sero
370 4054 465 4106 coelum
483 4068 611 4115 serenum,
637 4053 730 4104 clarum
753 4057 779 4101 et
802 4051 867 4101 omui
885 4051 1010 4101 nubecula
1027 4052 1097 4115 quasi
1114 4059 1246 4116 purgatum
1265 4051 1419 4102 cernebatur.
1455 4050 1519 4102 Tum

167 4130 222 4194 ipss
239 4142 334 4193 666666
354 4124 386 4187 Θ
413 4127 439 4175 16
464 4125 549 4190 eclipsi
572 4132 670 4176 tantum
694 4122 828 4187 splendoris
854 4122 994 4185 retinebat,
1018 4129 1138 4186 qnantum
1157 4123 1230 4173 Luna
1253 4136 1317 4172 nova
1339 4130 1395 4186 post
1411 4122 1518 4173 tridnnm

169 4211 312 4265 emergens,
330 4200 366 4250 sic
384 4205 413 4248 ut
430 4211 478 4249 nec
496 4197 584 4247 stellae
603 4197 670 4247 ullae
687 4195 726 4245 hic
745 4195 811 4244 61666
830 4195 892 4250 6161,
915 4195 964 4243 166
983 4208 999 4244 6
1017 4195 1138 4259 plerisque
1157 4209 1187 4243 66
1205 4194 1276 4258 vulgo
1295 4209 1343 4243 non
1354 4194 1517 4267 ι661666661-

167 4271 288 4329 666616,
314 4269 415 4335 eclipsin
432 4268 509 4318 uliam
527 4270 609 4318 inisse.
645 4267 717 4317 Haec
735 4266 788 4315 rudi
807 4263 919 4315 Minerva
938 4271 1058 4316 annotare
1075 4266 1168 4330 1161666
1187 4267 1367 4316 communicare
1385 4265 1457 4316 solui.
1496 4267 1518 4315 Δ

167 4343 282 4393 Fabricio
301 4342 456 4392 accuratiora
474 4347 499 4390 et
523 4341 627 4391 certiora
649 4338 764 4392 habebis,
789 4338 831 4403 qni
855 4335 948 4387 666666
972 4336 1062 4387 abhinc
1084 4336 1228 4388 milliaribus
1252 4336 1358 4388 eandem
1381 4338 1519 4389 observarit

167 4414 338 4464 instrumentis
357 4412 472 4461 adhibitis
492 4412 524 4461 ad
543 4425 598 4461 666
616 4424 667 4459 rem
686 4408 888 4460 conducentibus.
1463 4466 1468 4479 ·

258 4482 426 4548 Hipparchum
444 4489 513 4533 1666
531 4482 572 4532 661
591 4480 703 4541 edideris,
723 4479 783 4530 mihi
801 4492 893 4544 quaeso
905 4481 1086 4530 communicato
1105 4492 1156 4532 una
1174 4494 1230 4531 com
1242 4477 1337 4544 Opticis
1354 4479 1404 4530 sut·
1421 4477 1517 4533 Parali-

169 4557 289 4622 pomonis.
325 4555 442 4606 Delector
459 4568 548 4618 nempe
565 4551 613 4602 hoc
632 4553 712 4602 studio
730 4552 830 4602 tametsi
849 4550 916 4600 rudis
933 4551 959 4599 iu
978 4564 1010 4600 es
1029 4557 1083 4602 arte
1100 4557 1126 4602 et
1143 4540 1359 4619 dyssspsssppsor.

258 4626 324 4679 Vale
340 4627 375 4676 mi
385 4624 494 4690 Keplere
507 4633 533 4676 et
549 4626 649 4691 saepius
667 4623 701 4674 ad
719 4637 758 4674 me
776 4622 883 4682 scribito,
902 4621 979 4671 literis
996 4620 1147 4673 solummodo
1165 4621 1263 4674 traditis
1276 4621 1317 4672 lo.
1329 4620 1408 4690 66661
1425 4627 1516 4674 nostro.

171 4697 253 4750 061661
269 4696 383 4753 strides
402 4697 500 4763 661666
516 4697 609 4762 scripta
630 4695 656 4749 in
678 4694 780 4760 praedio
797 4707 852 4746 meo
870 4692 1017 4746 16666666
1035 4692 1121 4745 xxix.
1141 4693 1204 4746 Dec.
1223 4692 1280 4744 stilo
1297 4698 1346 4742 set
1366 4693 1425 4744 anui
1443 4706 1518 4760 prope

170 4769 235 4824 hnlti
254 4766 332 4822 1605.

1197 4835 1227 4886 ’1.
1245 4833 1294 4887 Eb-
1313 4831 1410 4886 Sshsls.
