3368 5534
175 286 242 359 5ffl
660 286 1034 356 mmmmmmo

264 468 399 539 copulam
418 465 535 521 mediam
555 472 681 538 computo
702 463 732 522 θ’
752 468 832 523 citius
853 484 935 539 quam
954 469 1057 539 Tyobo.
1079 468 1252 524 durationem
1269 472 1398 537 eandm,
1418 479 1527 545 tenpus

175 549 341 608 incidentiae
356 546 465 601 brevius
479 552 509 601 et
521 547 674 618 proximum
690 551 844 605 observato.
875 549 928 604 Sed
950 549 1056 604 initium
1076 565 1127 620 per
1147 550 1319 606 durationem
1339 552 1417 607 eadit
1434 553 1464 608 lu
1480 551 1526 609 14.

177 627 226 688 32⁴
246 629 357 701 aequali
378 633 408 682 et
426 644 478 697 per
498 629 689 699 aequationem
710 635 793 700 temp.
811 628 953 700 physicam
976 625 1024 685 21⁴
1038 630 1122 694 subt..
1143 645 1216 700 quae
1237 630 1282 684 bis
1299 632 1527 705 additur.pla1e

175 714 201 769 h.
226 707 273 767 14.
295 701 353 765 53’.
396 708 473 770 Quod
499 707 671 763 latitudinem
692 710 806 772 attinet.
836 710 943 764 etiamsi
964 709 1156 770 refractionem
1177 718 1310 781 quanm
1331 712 1429 784 Tyebo
1449 713 1477 769 iu
1498 713 1524 785 J

176 793 269 864 prodit
287 804 458 853 removeam,
486 795 579 843 mmet
606 797 699 844 tamen
724 791 751 842 in
772 791 860 844 medio
881 790 1105 858 septentrionalis
1127 791 1284 847 observata
1324 791 1447 848 Proinde
1466 795 1526 848 ruit

176 873 221 928 hio
241 874 326 927 nodus
347 870 375 927 in
396 869 592 940 consequentia
611 869 778 939 promoveri,
808 877 839 924 ut
863 887 912 940 pro
938 870 1089 925 meridiana
1109 867 1138 926 5’
1163 864 1221 924 27”
1241 870 1294 925 dat
1313 879 1387 943 sept
1412 870 1439 928 l‘
1457 893 1479 929 c.
1492 892 1523 932 c.

134 978 138 988 ¹
176 954 256 1025 idque
277 970 331 1007 non
353 957 516 1023 argumento
531 949 689 1014 durationis,
712 966 783 1020 quae
797 966 893 1020 purum
907 959 1031 1005 mutatur
1051 950 1079 1004 in
1099 949 1196 1020 eclipsi
1216 967 1287 1021 pene
1308 953 1437 1016 centraii,
1459 971 1523 1024 qua·

175 1050 280 1104 cunque
294 1034 392 1086 nodum
401 1026 525 1093 'moveas
548 1031 594 1084 sed
610 1030 671 1083 sola
684 1030 884 1087 observationis
898 1031 950 1084 tide
964 1029 992 1084 in
1011 1029 1210 1086 declinatione:
1231 1030 1284 1086 nisi
1299 1032 1372 1087 torte
1386 1049 1449 1087 earu
1466 1035 1523 1105 quis

176 1113 288 1169 insolita
308 1119 338 1166 et
357 1112 438 1165 valde
460 1110 561 1181 insigni
582 1110 747 1164 refractione
761 1117 871 1164 statuta
884 1121 1009 1164 evertere
1023 1110 1150 1167 voluerit.
1179 1112 1266 1182 Atqui
1286 1130 1322 1167 ue
1343 1113 1398 1167 boc
1419 1114 1522 1185 quiden

174 1210 309 1265 passurae
329 1198 394 1246 sunt
414 1191 486 1244 istae
507 1190 723 1244 observationes.
765 1190 949 1244 Retractionis
969 1191 1042 1245 enim
1061 1191 1131 1245 haec
1154 1197 1199 1246 est
1223 1198 1340 1256 natura.
1369 1199 1404 1248 ut
1431 1211 1521 1248 versus

175 1273 345 1329 horizontem
362 1270 454 1326 subito
476 1276 591 1334 crescat,
613 1270 667 1323 etsi
686 1287 789 1341 magna
802 1271 944 1325 admodum
965 1270 1018 1325 orit
1037 1271 1167 1325 refractio
1188 1270 1217 1325 in
1237 1270 1389 1328 meridiano
1410 1273 1439 1346 )
1461 1275 1518 1336 situ,

176 1355 283 1425 quaudo
304 1351 357 1406 ibit
377 1349 514 1407 altissima
533 1350 619 1404 totius
640 1350 715 1404 illius
737 1350 840 1405 noctis:
861 1368 974 1404 necesse
988 1357 1051 1406 erat
1069 1360 1134 1421 post
1154 1346 1270 1406 dboras
1286 1369 1421 1424 magnam
1441 1355 1520 1410 ebera

176 1432 356 1489 animadverti
375 1430 548 1485 reductionis
572 1430 656 1500 hujus
682 1429 884 1494 diversitatem,
912 1431 993 1485 Luna
1019 1431 1120 1501 quippe
1143 1430 1205 1501 jam
1231 1432 1370 1487 humiliori
1398 1435 1514 1489 muitum

174 1514 236 1568 Non
256 1529 321 1567 vero
342 1512 516 1581 deprehensa
536 1517 581 1566 est
600 1526 703 1582 magna
716 1511 888 1565 retractionis
903 1510 986 1580 hrrjns
999 1510 1153 1575 diversitas,
1174 1512 1222 1565 sed
1237 1520 1288 1566 aut
1301 1507 1332 1566 4’
1347 1510 1408 1569 30”
1428 1515 1515 1577 solun,

174 1600 225 1648 aut
243 1593 328 1664 plane
349 1592 437 1655 nulla,
458 1599 491 1645 ut
511 1591 637 1661 superius
658 1590 782 1661 exipsis
799 1591 1038 1663 observationibus
1052 1591 1305 1647 demonstravimus.
1336 1593 1514 1649 Certissima·

172 1672 259 1744 igitur
285 1679 344 1735 est,
374 1672 568 1741 promotiorem
597 1672 650 1725 hoc
679 1671 738 1724 loco
767 1673 864 1725 nodum
889 1671 985 1727 fluisse.
1031 1670 1108 1726 Nihil
1132 1670 1177 1726 hic
1201 1672 1398 1742 proficeremus
1427 1676 1512 1747 anguli

171 1753 311 1815 auctione,
333 1752 408 1805 solus
428 1752 491 1805 nodi
511 1751 580 1806 situs
601 1750 629 1805 in
649 1752 734 1821 culpa
753 1758 804 1805 est.
1238 1752 1243 1763 '

259 1833 313 1887 Pro
332 1832 450 1887 fixorum
470 1830 607 1886 locatione
627 1839 702 1894 nota,
725 1833 795 1903 qnod
813 1825 859 1885 12‘
873 1838 937 1900 post
950 1829 1111 1900 principium
1125 1840 1253 1902 respectu
1267 1832 1390 1888 harum
1410 1837 1510 1889 iuventa

171 1912 210 1968 sit
229 1913 255 1984 J)
278 1913 305 1966 in
320 1906 352 1967 2⁰
376 1906 423 1966 16‘
437 1907 473 1975 ili
493 1929 544 1974 nec
564 1912 650 1966 multo
672 1910 794 1965 anterius
815 1928 865 1981 per
878 1910 1078 1974 retractionem,
1101 1920 1133 1966 ut
1146 1927 1217 1983 quae
1236 1912 1263 1967 in
1278 1913 1333 1967 bac
1346 1913 1399 1969 etc
1413 1915 1510 1969 minias

172 2010 236 2064 pars
251 1999 295 2046 est
309 1991 474 2062 parallaxis,
497 2008 557 2046 cum
577 1990 639 2060 ipsa
657 1991 741 2045 etiam
763 1992 838 2062 long.
859 1991 1015 2060 parallaxis
1036 1991 1073 2044 sit
1091 1991 1204 2065 exigua.
1226 2009 1264 2046 sc.
1279 1987 1318 2048 5’.
1347 1993 1464 2049 llinutis
1482 1990 1509 2050 12

171 2078 327 2146 congruunt
346 2088 384 2128 sc.
404 2071 508 2125 horarii
529 2071 555 2141 b
578 2087 596 2124 a
617 2075 649 2139 Θ
671 2066 700 2126 7‘
716 2067 763 2127 3“.
790 2072 828 2125 Et
845 2070 950 2142 quia)
969 2071 1093 2141 proxime
1109 2070 1275 2142 eclipticam,
1296 2072 1447 2128 latitudine
1465 2092 1507 2128 aes

169 2152 269 2223 majori
290 2167 371 2224 quam
393 2147 421 2206 5‘
443 2145 501 2204 23“
523 2156 610 2220 sept,
636 2158 699 2206 tote
718 2153 811 2206 demta
830 2152 864 2204 de
886 2146 933 2205 65‘
959 2146 1014 2205 15”
1035 2151 1169 2206 distentia
1188 2160 1361 2216 centres-om.
1391 2154 1508 2225 reliuqm

172 2227 222 2297 58¹
246 2226 311 2288 12“.
352 2231 482 2285 Centrum
502 2230 589 2301 igitur
608 2232 721 2285 umbrae
742 2238 870 2302 respectu
890 2231 1008 2286 lixarum
1029 2231 1083 2286 erit
1102 2231 1130 2286 in
1151 2230 1178 2286 3.
1202 2226 1247 2286 14.
1268 2227 1348 2296 llll.
1389 2237 1431 2289 At
1450 2250 1507 2289 cua·

170 2319 289 2385 putatur
309 2328 346 2367 ex
366 2310 496 2381 'l’ycbone
519 2312 554 2364 ad
575 2311 602 2365 h.
627 2308 651 2367 1.
673 2308 723 2367 38‘
743 2318 808 2365 ante
829 2311 945 2365 medium
966 2312 993 2364 in
1015 2307 1043 2364 3.
1062 2305 1095 2366 21
1102 2352 1108 2365 .
1132 2306 1167 2365 35
1192 2306 1234 2375 lii.
1275 2311 1405 2368 Vicissim
1426 2314 1506 2387 igitm,

170 2392 194 2447 si
215 2399 339 2448 centrum
359 2391 472 2444 umbrae
493 2389 522 2443 in
543 2386 569 2446 3.
585 2385 631 2446 21.
647 2386 682 2445 35
698 2387 733 2454 ili
755 2392 913 2456 collocetur,
935 2393 1009 2446 fixae
1030 2399 1095 2447 sunt
1115 2394 1317 2462 promovendae
1338 2408 1392 2463 per
1412 2390 1481 2456 dtr.

480 2549 557 2606 m.
585 2550 704 2622 Eclipsis
724 2551 820 2606 Lunae
840 2567 912 2605 anno
936 2545 1020 2608 1595.
1041 2544 1116 2610 7117.
1138 2551 1199 2607 Oct.

248 2664 315 2719 Cum
336 2665 392 2721 4ο.
413 2665 493 2737 digiti
514 2672 565 2720 aut
583 2666 668 2735 paulo
689 2667 751 2735 plus
773 2666 799 2719 in
820 2666 918 2719 umbra
931 2671 1033 2727 essent
1055 2665 1154 2719 occidit
1173 2666 1201 2737 )
1222 2671 1356 2731 centnm,
1379 2663 1411 2722 θ’
1430 2670 1507 2724 selu

153 2752 315 2818 'postquam
336 2745 449 2815 primum
471 2746 524 2800 init
544 2745 750 2800 animadversus
772 2746 895 2800 deiectus
910 2745 1018 2816 aliquis,
1040 2761 1120 2815 quem
1140 2745 1249 2815 pictura
1269 2746 1389 2803 umbos
1408 2748 1506 2823 quasd-

166 2832 228 2882 sets
251 2818 281 2887 Ἰ.
304 2826 338 2879 de
358 2826 568 2890 semidiametro,
589 2843 638 2880 reu
660 2826 739 2898 digiti
763 2819 829 2887 1Ἰ.;
852 2825 946 2896 itaque
966 2824 995 2877 7’
1017 2842 1040 2879 ο.
1060 2825 1202 2889 maturrime,
1223 2825 1241 2881 i.
1262 2844 1288 2880 e.
1313 2820 1361 2885 13’
1383 2838 1451 2885 ante
1467 2845 1505 2884 ea·

166 2922 260 2961 casum
280 2905 308 2975 )
330 2905 383 2960 tuit
403 2923 505 2961 merum
526 2906 641 2961 initium.
684 2905 778 2960 Oritur
797 2924 863 2960 vero
886 2908 918 2972 Θ
945 2904 972 2959 in
994 2900 1065 2974 2411.
1088 2913 1134 2965 2
1157 2906 1184 2960 b.
1208 2900 1255 2961 18.
1276 2901 1327 2960 57’
1347 2916 1380 2963 et
1400 2908 1428 2981 )
1448 2926 1505 2965 aaa·

166 2989 228 3041 dum
249 2985 277 3040 in
297 2986 426 3056 opposito
447 2989 480 3055 Θ
502 2985 676 3056 praeoccidit,
698 2986 823 3040 nimirum
844 2987 872 3040 h.
896 2981 940 3041 13.
960 2980 1017 3048 50‘,
1038 2992 1071 3039 ut
1090 3003 1206 3055 operose
1227 3000 1278 3056 per
1298 2988 1504 3059 applicetis-e·

164 3066 344 3137 parallueos
365 3074 395 3120 et
414 3065 587 3121 reductionis
608 3064 699 3118 inveni
719 3074 915 3137 computatum.
944 3067 1021 3136 Ergo
1041 3064 1148 3120 initium
1168 3066 1222 3121 ibit
1237 3066 1264 3123 b.
1283 3060 1329 3121 18.
1347 3064 1396 3124 34.
1430 3071 1502 3141 Ριις.

165 3154 271 3217 ponunt
291 3147 407 3201 medium
427 3148 454 3202 h.
477 3141 522 3200 20.
547 3140 595 3199 29‘
616 3160 713 3215 appar.

515 3257 630 3308 Calculus
649 3258 785 3321 Tycham,
805 3261 845 3308 cui
864 3272 918 3323 aeq.
938 3258 967 3307 Τ.
989 3256 1012 3304 7’
1035 3256 1086 3308 14”
1104 3260 1158 3310 sub.

166 3340 630 3411 immmenmmp

307 3414 1243 3540 memouawoamm-oapp-oa

358 3488 382 3538 3.
419 3487 445 3540 5.
466 3487 508 3539 35.
528 3486 562 3537 43
744 3488 787 3538 40.
807 3486 841 3537 23

323 3554 582 3567 ''³‘'-
767 3562 789 3611 1.
807 3559 842 3609 20
992 3560 1112 3572 ““-
1168 3560 1374 3573 -—.--

357 3575 562 3629 ammo
631 3629 862 3640 -ss-
1022 3577 1099 3629 am
1170 3578 1305 3631 ome

421 3645 559 3700 amm
639 3647 1117 3719 wecs-ffff
1276 3652 1302 3701 a

322 3717 1114 3807 oooomffiQffiffioomo
1277 3746 1304 3793 ²·

636 3801 889 3873 >ummo
1276 3814 1303 3866 s

583 3882 654 3931 Hora
671 3879 714 3932 70.
733 3880 768 3933 24
786 3881 884 3947 aqud!
902 3887 941 3932 ast
957 3897 1017 3932 vera
1037 3877 1071 3946 00.
1201 3900 1258 3954 ω,
1325 3902 1360 3955 ¹⁰

162 3968 280 4018 Horatius
325 3965 472 4019 27.13-
617 3966 704 4019 73000
775 3970 885 4023 Dimidia
902 3970 955 4021 dur.
974 3970 999 4021 lu.
1037 3970 1061 4020 2.
1098 3970 1177 4022 7.10

163 4031 298 4101 samir.)
324 4036 366 4088 13.
403 4039 421 4091 0
493 4037 517 4089 3.
539 4038 580 4090 13.
599 4036 704 4089 230000
775 4040 883 4092 Medium
901 4041 925 4091 h.
943 4056 998 4105 aeq.
1019 4040 1061 4092 20.
1079 4041 1122 4093 24.
1160 4042 1178 4093 0

65 4119 71 4131 ·
162 4105 414 4161 mmsar
597 4128 703 4180 mm
773 4133 874 4182 mm
1015 4131 1292 4200 mmrwm

161 4182 222 4232 Var.
383 4179 416 4231 44
1094 4202 1120 4255 7·
1141 4203 1174 4256 25

163 4268 280 4321 Gorrecta
323 4269 364 4321 42.
385 4269 418 4320 17
1015 4273 1056 4325 13.
1075 4273 1118 4327 st.
1138 4273 1172 4327 32
1190 4281 1323 4343 apparenti

163 4340 266 4461 {utputa
323 4339 366 4461 bg.
387 4339 421 4462 ig
440 4363 472 4376 ·-
491 4337 533 4392 14.
554 4339 607 4392 300
817 4345 950 4399 Praersuit
968 4348 1164 4403 omnedsnsn
1181 4365 1204 4404 c·
1225 4346 1275 4402 ¹0⁴.

186 4426 202 4461 a
215 4448 220 4456 .
359 4448 366 4462 .

163 4480 203 4532 Sc.
215 4483 267 4532 dur.
281 4484 306 4532 d.
325 4482 367 4533 57.
387 4481 421 4532 44
439 4504 475 4517 ·-
495 4480 535 4532 14.
557 4480 609 4533 100

345 4570 370 4625 3.
391 4571 424 4623 13
495 4571 537 4624 00.
558 4571 609 4624 230
