3374 5528
760 299 929 369 mppmua.
1448 301 1512 371 545

165 478 290 542 Terram
314 479 413 554 ducta,
437 479 467 542 in
491 499 550 560 qua
572 481 640 544 aliis
663 482 767 545 diebus
791 483 968 563 copulantur
991 481 1155 544 luminaria.
1202 483 1247 545 At
1269 482 1355 545 Luna
1379 501 1416 544 ex
1436 500 1512 564 qua„

166 569 231 630 dris
255 568 392 648 digressa
414 569 501 649 inque
525 571 641 650 copulis
664 581 814 647 versante,
837 581 952 653 ponunt
975 572 1065 634 istam
1080 572 1334 635 eccentricitatem
1353 573 1439 634 reddi
1452 574 1511 636 mi'-

166 676 269 720 norem
293 667 326 719 et
346 666 474 733 tantam,
499 668 612 738 quanta
634 660 793 741 requiritur
817 663 854 723 ab
878 661 1139 723 observationibus
1161 662 1343 741 copularum.

253 748 298 809 At
321 747 390 809 dum
413 765 469 828 ego
492 767 601 810 causas
621 758 754 811 motuum
773 768 811 811 ex
834 749 960 830 physica
979 768 1111 823 accerso,
1136 749 1239 811 videor
1254 750 1344 811 aliam
1361 749 1510 813 rationem

166 836 283 916 ingredi
320 836 440 898 debere.
500 835 533 898 Si
567 838 644 900 enim
676 839 887 900 eccentricitas
916 839 973 901 hoc
1002 838 1121 900 nomine
1148 839 1182 900 lit
1204 838 1394 919 aequatiouis
1417 858 1510 902 causa

163 924 306 1006 physica,
337 925 408 1008 qnia
430 925 635 988 semicirculus
658 927 793 1007 superior
822 929 945 990 alonte
968 927 1089 989 virtutis
1112 928 1206 989 distat
1229 927 1362 1004 longius,
1387 946 1511 1010 eamque

165 1013 308 1076 virtutem
331 1033 390 1077 non
413 1014 458 1075 ita
480 1014 588 1078 fortem
612 1017 781 1096 experitur,
807 1025 839 1078 ut
862 1018 939 1078 alter
963 1015 1118 1078 humilior·
1144 1024 1245 1089 certe,
1275 1014 1346 1078 Sole
1370 1026 1511 1079 versante

163 1103 247 1165 circa
260 1104 372 1166 Lunae
388 1122 554 1183 apogaeum
568 1106 662 1185 (quod
678 1114 796 1168 veteres
813 1106 917 1168 dicunt
935 1106 1070 1186 epicycli,
1096 1123 1151 1184 ego
1166 1107 1322 1179 cusentii),
1348 1105 1433 1167 Luna
1445 1106 1510 1168 ideo

162 1191 349 1255 nanciscitur
372 1210 512 1271 magnam
527 1195 736 1275 aequationem
759 1195 789 1281 iu
812 1195 944 1276 quadris,
969 1196 1038 1275 quia
1061 1214 1120 1255 uon
1143 1203 1260 1257 tantum
1277 1196 1360 1256 locus
1384 1197 1511 1274 apogaei

164 1291 237 1343 ωηο
260 1280 378 1383 lopgius
401 1302 420 1342 a
443 1283 536 1344 Terra
559 1283 665 1357 distat,
690 1284 773 1345 sed
766 1304 833 1366 ipsa
856 1285 945 1346 etiaru
969 1285 1055 1345 Luna
1078 1291 1148 1345 ante
1171 1283 1321 1345 octiduum
1345 1302 1411 1345 cum
1428 1283 1509 1358 Sole,

166 1369 197 1431 id
221 1371 299 1432 est
291 1390 322 1431 ru
345 1371 412 1432 loco
436 1372 564 1452 apogaei
588 1374 694 1447 fuerat,
718 1374 843 1435 multum
867 1383 936 1435 tunc
959 1373 1229 1435 aTerrisrevera
1247 1381 1372 1446 remota,
1398 1392 1434 1434 ex
1452 1392 1509 1452 quo

164 1467 302 1539 temppre
330 1478 385 1539 per
414 1460 480 1521 dies
504 1469 571 1522 octo
595 1462 624 1522 in
647 1462 833 1541 languidiore
865 1463 976 1524 virtute
1008 1481 1101 1543 usque
1129 1463 1168 1522 ad
1196 1463 1340 1541 quadram
1363 1470 1509 1541 promota,

162 1556 250 1610 tanto
274 1548 418 1628 majorem
437 1550 636 1612 accumulavit
659 1552 856 1613 differentiam
879 1561 978 1615 motus
1009 1570 1062 1612 seu
1090 1550 1307 1631 aequationem.
1355 1550 1510 1625 Vicissim,

163 1637 238 1698 Sole
271 1638 347 1699 inter
377 1656 543 1720 apogaeum
573 1648 605 1701 et
635 1641 808 1720 perigaeum
840 1641 944 1703 Lunae
975 1641 1073 1702 medio
1098 1641 1162 1702 loco
1186 1649 1342 1714 versante,
1372 1640 1457 1701 Luna
1480 1641 1509 1701 in

163 1727 274 1805 copula
297 1746 363 1789 cum
386 1725 459 1789 Sole
483 1728 550 1790 ideo
574 1728 718 1791 minorem
741 1729 833 1791 habet
855 1731 1081 1811 aequationem,
1114 1729 1263 1809 quianon
1287 1736 1402 1794 tantum
1428 1730 1509 1790 locus

163 1817 292 1897 apogaei
320 1829 390 1878 ωηο
423 1817 543 1878 brevius
566 1820 703 1880 a‘l'erra
726 1819 835 1891 distat,
877 1821 929 1881 sed
953 1819 1020 1898 ipsa
1043 1819 1133 1881 etiam
1157 1818 1243 1880 Luna
1266 1827 1335 1880 aute
1360 1818 1510 1880 octiduum

163 1905 195 1967 in
226 1906 356 1986 quadra,
399 1906 429 1966 id
461 1914 509 1967 est
538 1907 568 1968 in
598 1926 733 1987 apogaeo
763 1908 816 1969 illo
847 1909 962 1981 luerat,
994 1909 1091 1970 minus
1115 1928 1134 1968 a
1156 1906 1258 1969 Terris
1280 1917 1399 1970 remota
1422 1927 1509 1988 quam

162 1995 265 2073 prius,
303 2014 368 2057 cum
399 2003 483 2056 esset
510 2015 674 2076 apogaeum
702 2017 769 2060 cum
797 1997 879 2060 Sole.
930 1999 995 2059 Hoc
1025 1998 1126 2079 itaque
1156 2005 1245 2076 pacto
1276 1996 1364 2076 plane
1386 2008 1535 2059 contra-v

162 2085 241 2146 rium
265 2085 367 2146 evenit
388 2085 462 2163 ejus,
488 2086 566 2165 quod
589 2085 736 2167 putabant
758 2088 889 2149 artifices
912 2087 1107 2165 priores,·ut
1130 2086 1305 2166 angustiora
1329 2087 1390 2148 sint
1413 2086 1509 2148 inter-

164 2173 247 2235 valla
271 2173 373 2235 Lunae
396 2173 578 2236 humillimae
603 2184 634 2237 et
657 2175 823 2237 altissimae
846 2176 875 2236 iu
895 2176 1017 2256 quadris
1040 2194 1129 2257 quam
1152 2175 1182 2237 in
1207 2174 1342 2254 copulis,
1376 2194 1440 2236 cum
1463 2175 1509 2236 illi

164 2261 284 2323 laxiora
300 2262 452 2336 iecissent,
476 2282 642 2345 magnaque
659 2265 703 2326 sit
715 2265 921 2326 ecceutricitas
937 2265 1017 2326 orbis
1032 2266 1146 2333 Lunae.
1170 2284 1228 2325 nou
1250 2270 1282 2324 ut
1295 2264 1374 2343 apud
1392 2272 1510 2326 veteres

162 2350 294 2430 singulis
317 2351 456 2432 quadris,
480 2353 534 2413 sed
558 2353 664 2427 rarius,
689 2350 823 2415 ninnimm
848 2354 965 2432 quoties
989 2352 1044 2415 Sol
1067 2354 1096 2415 in
1121 2354 1228 2414 linearn
1249 2352 1386 2432 apsidum
1406 2353 1510 2414 Lunae

162 2439 288 2515 incidit,
319 2441 397 2522 quod
425 2441 585 2521 quotannis
612 2444 645 2505 lit
667 2442 714 2504 bis
737 2444 826 2522 paulo
850 2443 956 2505 minus.
1002 2443 1069 2505 Nisi
1093 2444 1169 2504 forte
1194 2459 1315 2503 causam
1338 2443 1404 2521 quis
1429 2442 1511 2503 dicat

163 2527 257 2591 aliam
280 2488 369 2609 liujus
391 2537 564 2593 menstruae
582 2531 792 2612 aequatiouum
816 2532 1018 2607 differentiae,
1051 2531 1218 2611 cujusmodi
1242 2549 1297 2609 ego
1319 2532 1439 2611 quidem
1463 2531 1512 2593 in·
1543 2576 1546 2580 -

161 2618 318 2698 vestigare
340 2637 400 2681 non
422 2620 516 2699 potui.

255 2705 318 2769 Sed
333 2708 465 2770 adrem:
492 2709 645 2811 etposito,
670 2710 902 2791 quodaequatio
926 2706 964 2772 7⁰
987 2688 1040 2774 281
1064 2728 1147 2772 suam
1163 2727 1200 2769 ex
1218 2708 1266 2768 his
1285 2708 1385 2770 causis
1399 2706 1513 2771 habeat

167 2796 325 2877 originem,
339 2815 406 2859 cum
425 2799 489 2877 ejus
514 2798 597 2861 sinus
621 2799 662 2860 sit
687 2796 803 2874 13000,
827 2799 978 2861 dimidium
997 2796 1084 2863 0500
1103 2807 1185 2861 esset
1207 2797 1414 2859 ecceutricitas
1430 2795 1511 2860 orbis

164 2886 282 2960 Lunae,
302 2884 407 2949 Sole
399 2907 430 2948 m
453 2887 533 2949 linea
556 2888 692 2989 apsidum
715 2888 819 2951 Lunae
842 2899 993 2950 versante.

254 2976 292 3037 In
310 2976 473 3037 schemate
495 2976 588 3055 priori
612 2977 681 3050 (Nn.
706 2974 742 3052 6)
766 2977 808 3039 sit
829 2979 885 3041 AF
908 2974 1008 3052 6500,
1034 2976 1164 3057 qualium
1183 2976 1233 3037 tn
1261 2970 1400 3047 100000,
1423 2981 1456 3035 ut
1470 2974 1512 3037 sit

161 3065 221 3129 AB
248 3060 387 3137 106500,
409 3065 469 3127 AD
493 3061 611 3129 93500.
644 3067 686 3128 Et
709 3067 750 3129 sit
767 3067 832 3146 J'am
853 3068 979 3147 angulus
994 3064 1078 3129 BAO
1097 3063 1147 3128 151
1170 3060 1224 3126 811.
1265 3064 1308 3126 Ut
1323 3063 1413 3140 igitur
1427 3069 1510 3125 totus

162 3153 202 3215 ad
226 3161 400 3233 tangentem
422 3153 506 3218 BAC
530 3151 605 3229 440,
629 3155 674 3217 sic
696 3157 753 3217 AB
777 3157 816 3216 ad
839 3156 892 3219 BC
916 3150 1035 3234 4687..
1080 3154 1118 3218 Ei
1141 3171 1211 3214 vero
1232 3151 1367 3233 aequalis
1381 3160 1430 3213 est
1443 3150 1508 3214 DE.

161 3244 206 3306 Ut
229 3241 322 3323 igitur
344 3244 403 3305 AD
427 3243 467 3303 ad
488 3243 559 3317 DE,
583 3243 627 3305 sic
650 3251 733 3305 totus
757 3243 795 3306 ad
819 3242 893 3317 501,
917 3251 1092 3323 tangentem
1114 3241 1215 3320 anguli
1242 3241 1293 3303 171
1320 3238 1390 3303 1311.
1427 3240 1506 3302 Dia-

162 3339 262 3393 metro
285 3330 377 3411 igitur
400 3350 535 3413 apogaea
558 3331 588 3393 iu
612 3333 728 3414 copulis
750 3333 851 3413 posita
874 3331 926 3396 301
954 3331 1023 3404 1611,
1048 3333 1192 3411 perigaea
1210 3330 1353 3391 evaderet
1368 3324 1421 3390 341
1445 3326 1511 3392 2611

161 3440 222 3482 ηηο
253 3420 394 3502 scrupulo
424 3421 520 3500 major
547 3440 634 3502 quam
663 3441 771 3502 supra,
809 3441 898 3502 quum
925 3421 973 3483 hic
1004 3440 1169 3502 apogaeum
1198 3436 1373 3498 usurpemus
1402 3425 1509 3499 quarta

163 3519 251 3590 parte
284 3509 429 3572 minorem
456 3530 545 3592 qnam
569 3529 667 3590 supra.
713 3511 817 3592 Neque
848 3511 967 3584 dubito,
998 3510 1024 3571 si
1053 3508 1287 3591 speculationem
1319 3507 1396 3569 hanc
1419 3525 1509 3589 super

164 3598 391 3663 eccentricitate
415 3600 603 3678 comprobem
627 3600 808 3675 evidentius,
833 3601 902 3682 quin
927 3618 1029 3662 omues
1052 3618 1099 3660 me
1127 3597 1242 3679 J'ussuri
1275 3595 1336 3658 sint
1363 3615 1427 3658 cum
1453 3597 1525 3667 ob-¹

162 3688 386 3751 servationibus
410 3689 548 3751 diametri
571 3690 674 3751 Lunae
698 3709 790 3752 causa
813 3689 954 3751 errorculi
983 3689 1058 3750 adeo
1081 3688 1200 3750 subtilis
1224 3686 1402 3765 transigere.

251 3777 311 3842 flio
334 3777 424 3855 igitur
447 3779 552 3840 modus
576 3787 623 3840 est
645 3779 757 3859 primus
786 3798 823 3840 ex
846 3779 920 3840 totis
943 3778 1139 3841 semicirculis
1162 3775 1302 3838 circuitus
1321 3774 1509 3855 planetarum

162 3866 367 3931 ratiocinandi
391 3867 427 3929 de
451 3869 684 3930 eccentricitate.

251 3954 394 4035 Sequitm
418 3956 504 4030 alter,
531 3958 579 4036 qui
603 3959 728 4019 eandem
751 3957 1013 4020 ratiocinationem
1031 3975 1069 4018 ex
1090 3960 1172 4016 motu
1193 3952 1313 4016 horario
1328 3953 1359 4015 iu
1373 3970 1507 4032 apogaeo
1571 4002 1574 4004 ,

163 4055 194 4110 et
216 4044 361 4127 perigaeo
384 4044 515 4108 deducit.

248 4135 465 4199 Demonstravi
488 4135 519 4196 in
542 4131 709 4197 Commeat.
733 4135 769 4195 de
792 4135 923 4197 motibus
946 4134 1069 4209 Martis,
1092 4132 1314 4212 proportionem
1337 4128 1507 4194 diurnorum

160 4225 190 4287 in
221 4223 344 4305 aphelio
385 4232 417 4285 et
443 4223 586 4304 perihelio
624 4223 744 4305 (quibus
775 4224 805 4285 in
839 4225 926 4286 Luna
956 4225 1138 4304 respondent
1172 4240 1336 4302 apogaeum
1365 4228 1396 4280 et
1424 4220 1507 4299 peri-

160 4317 286 4394 gaeum)
317 4331 384 4374 esse
407 4314 437 4374 iu
460 4312 650 4394 proportione
675 4314 766 4392 dupla
789 4332 896 4375 eversa
918 4313 1079 4389 linearum,
1112 4330 1187 4392 quae
1211 4330 1248 4371 ex
1272 4318 1373 4372 centro
1397 4310 1507 4370 Terrae

160 4403 189 4465 in
212 4401 345 4486 apogaei
367 4411 399 4463 et
420 4402 553 4482 perigaei
576 4403 644 4463 loca
658 4404 812 4464 ducuntur.
858 4402 1060 4465 Assumautur
1074 4401 1166 4481 igitur
1181 4419 1219 4461 ex
1238 4399 1336 4478 capite
1351 4398 1389 4460 11.
1413 4398 1523 4473 hora-¹

147 4493 221 4557 'rius
245 4499 346 4554 motus
361 4492 488 4573 apogaei
510 4487 562 4554 27⁶
588 4489 639 4565 311,
663 4491 795 4571 perigaei
819 4489 872 4554 351
895 4488 971 4566 4211,
994 4491 1024 4552 iu
1048 4489 1294 4573 oppositionibus.
1332 4486 1437 4566 Neque
1452 4506 1506 4547 nos

161 4583 264 4646 turbet
287 4579 341 4643 illa
362 4581 585 4659 oonerderatio,
609 4582 687 4663 quod
711 4581 837 4653 scimus.
862 4580 1028 4645 ωηιίηοιη
1052 4599 1118 4643 esse
1142 4577 1391 4641 accelerationem
1413 4593 1506 4654 copu-

161 4673 257 4735 larum
281 4666 417 4742 (Bralreo
437 4670 698 4739 variationem
728 4671 871 4743 dictaml·
898 4668 965 4751 J'sm
992 4669 1071 4732 enim
1101 4667 1179 4730 vel
1171 4687 1256 4748 rpsae
1280 4664 1505 4727 observationes

162 4762 272 4824 docent
307 4755 393 4823 tun
422 4759 710 4823 accelerationem
701 4781 731 4821 ru
760 4759 865 4822 eadem
882 4759 1082 4863 proportione
1103 4776 1170 4820 cum
1191 4755 1320 4819 horariis
1343 4753 1507 4817 admixtam

162 4850 231 4926 illis,
254 4852 360 4913 manat
376 4844 471 4931 igitur
489 4849 642 4932 proportio
657 4850 763 4913 eadem
776 4848 889 4911 etiam
880 4870 912 4912 m
927 4848 1101 4931 compositis
1114 4847 1245 4913 motibus
1262 4843 1362 4917 (Eucl.
1378 4843 1417 4907 V.
1434 4840 1502 4917 21).

237 4952 328 5008 mrsu
341 4951 417 5003 epm
431 4955 467 4994 ua
1262 4947 1295 5001 36
