3368 5534
774 293 815 376 Da
835 320 918 375 Luna.
1453 278 1518 388 Ι871

164 502 197 561 st
217 452 574 583 proportio'ceteromm
597 510 628 563 et
643 502 772 583 denique
796 501 890 580 ipsius
908 501 967 563 ΑΕ
990 501 1028 562 ad
1044 496 1127 564 360⁰
1149 498 1279 562 dabitur.
1318 503 1353 563 ln
1372 499 1521 580 triangulo

161 586 259 669 igitur
277 589 439 669 sphaerico
453 588 551 663 Asu,
574 590 750 671 rectangulo
770 590 810 651 ad
823 591 859 663 E,
886 590 975 651 datur
997 596 1157 670 praeterea
1176 589 1256 650 latus
1274 588 1332 652 ΑΕ
1346 589 1521 668 stangulus
1619 596 1624 605 '

162 677 328 759 oppositus
350 677 450 747 ΑΒΕ,
473 697 565 760 quare
588 685 622 741 et
635 680 694 742 AD
717 678 863 741 distantia
885 678 956 739 nodi
981 679 1019 739 ab
1043 678 1181 758 opposito
1205 678 1269 739 loco
1286 676 1367 739 Solis
1391 677 1520 751 dabitur,

159 772 192 827 et
213 758 277 829 ΕΙ)
300 767 455 847 elongatio
478 767 583 831 Lunae
606 769 645 830 ab
675 767 727 830 illo
760 768 857 839 nodo,
887 768 965 848 quod
995 774 1062 829 erat
1093 766 1271 846 quaesitum.
1318 769 1420 848 Atque
1447 766 1521 827 haec

158 861 210 917 est
231 856 411 931 methodus,
436 876 495 940 qua
518 857 708 919 Ptolemaeus
732 857 816 919 initio
840 856 941 918 luerat
963 875 1045 918 usus.
1205 878 1208 883 ·
1403 862 1409 869 ”

253 940 403 1007 ceterum
425 944 517 1007 aliam
545 944 625 1008 viam
657 946 802 1008 insistens
825 944 854 1004 in
878 946 993 1025 Magna
1017 942 1264 1023 (impositione,
1293 961 1450 1023 regressus
1474 951 1522 1005 est

156 1030 197 1093 ad
219 1031 305 1095 haee
327 1033 410 1114 ipsa,
439 1053 516 1115 quaa
539 1034 617 1097 inter
643 1035 795 1114 principia
827 1041 1014 1095 assumserat
1036 1040 1068 1094 et
1091 1049 1166 1113 quae
1194 1032 1263 1093 inde
1288 1032 1520 1102 deducebantur,

156 1118 386 1203 mdargnenda.
424 1122 580 1186 Facillime
597 1123 675 1185 eninr
699 1143 782 1186 error
805 1122 834 1183 iu
851 1131 913 1184 tam
933 1121 1037 1184 subtili
1059 1121 1187 1182 materia
1210 1121 1384 1200 contingere
1407 1131 1519 1202 potest.

154 1204 298 1287 Primum
323 1210 445 1295 dioptra
466 1210 673 1293 Hipparchum
700 1212 827 1285 fefellit,
851 1231 907 1273 nec
930 1211 1019 1291 plane
1053 1217 1142 1272 tanta
1164 1217 1212 1271 est
1234 1209 1339 1271 Lunae
1363 1210 1519 1273 diameter.
1604 1212 1607 1217 ’

155 1296 284 1363 Deinde
308 1316 366 1362 nec
387 1299 528 1363 horarius
551 1300 595 1362 ita
609 1310 712 1364 certus
731 1309 789 1376 est,
813 1306 847 1362 ut
861 1301 940 1362 omni
965 1298 1055 1361 dubio
1079 1306 1193 1360 careat.
1231 1297 1318 1360 Duas
1341 1299 1419 1361 enim
1433 1300 1521 1361 Luna

152 1384 283 1451 obtinet
306 1388 716 1474 inaequalitatemquarnm
748 1408 825 1469 quae
853 1389 883 1451 in
915 1390 1012 1450 coitus
1044 1387 1188 1449 luminum
1216 1387 1329 1448 desinit
1360 1388 1520 1478 admodum

150 1474 311 1551 Munus
334 1476 454 1541 incerta
476 1477 542 1553 luit,
567 1485 601 1540 ut
622 1479 712 1542 aliter
734 1478 818 1541 illam
841 1477 1034 1540 Ptolemaeus
1059 1475 1234 1549 tradiderit,
1258 1476 1347 1538 aliter
1371 1473 1519 1557 Ccpemi-

150 1582 218 1643 ou,
247 1566 471 1647 aliterTycho.
508 1566 590 1630 Fieri
613 1566 705 1630 etiam
727 1567 835 1650 potuit,
860 1574 894 1629 nt
912 1567 941 1627 in
957 1566 1107 1644 eclipseos
1131 1573 1164 1626 et
1185 1584 1287 1626 morae
1311 1573 1343 1626 et
1356 1566 1519 1646 digitorum

150 1652 383 1717 observatione
416 1673 474 1717 nou
505 1655 583 1719 satis
613 1656 791 1746 diligentiae
821 1656 863 1717 sit
895 1654 1070 1717 adhibitum.
1116 1654 1202 1715 h'am'
1218 1654 1248 1715 in
1273 1655 1392 1717 defectu
1415 1655 1518 1716 Lunae
1589 1724 1592 1729 ,

149 1742 285 1831 difficile
315 1751 365 1807 ost
387 1742 550 1806 aestimare
580 1745 659 1825 quod
687 1745 792 1827 periit,
823 1764 889 1808 cum
912 1764 970 1806 non
994 1743 1141 1804 videatur.
1189 1743 1326 1824 Denique
1350 1743 1518 1807 latitudinis

151 1832 302 1913 angulus,
329 1840 364 1894 ot
381 1831 463 1894 inira
486 1833 610 1907 dicetur,
634 1834 724 1895 dubio
744 1852 802 1895 non
822 1841 915 1895 caret.
954 1832 997 1896 Ut
1015 1834 1079 1912 Jam
1102 1850 1163 1893 non
1187 1832 1285 1895 dicam
1308 1833 1345 1894 de
1369 1849 1415 1909 eo,
1440 1834 1519 1914 quod

150 1918 312 1987 &meter
335 1920 458 1995 Lunae,
491 1923 550 1984 etsi
572 1922 603 1983 in
625 1942 684 1984 uno
708 1921 833 2003 epicycli
856 1923 923 1984 loco
955 1929 1038 1983 recte
1063 1919 1153 1982 luerit
1181 1920 1360 1993 observata,
1395 1921 1424 1987 iu
1450 1922 1519 1984 aliis

150 2018 262 2073 tamen
286 2009 366 2073 locis
389 2010 495 2073 vitium
523 2011 684 2073 contrahat
706 2011 744 2072 ob
767 2010 889 2079 nimiam
913 2010 951 2072 ab
973 2009 1149 2090 Hipparcho
1178 2010 1366 2090 suppositam
1394 2010 1517 2090 quanti-

148 2106 254 2163 utem
278 2098 420 2181 epicycli,
445 2099 515 2161 dum
538 2099 739 2181 inaequalitas
762 2099 859 2162 omnis
882 2119 920 2162 ex
944 2098 1077 2182 epicyclo
1107 2097 1269 2173 derivatur,
1293 2118 1369 2181 quae
1394 2099 1517 2162 dimidia

149 2195 310 2271 exparte
333 2186 454 2250 aliunde
477 2187 571 2250 venit.

243 2275 447 2340 Ptolemaeus
471 2294 543 2356 ergo
567 2277 596 2338 in
616 2275 829 2339 iterationibus
851 2275 995 2355 pauciora
1016 2275 1164 2337 assumsit
1186 2283 1218 2337 et
1236 2277 1366 2339 certiora
1389 2277 1516 2339 demon-

150 2366 286 2431 stnsndo
310 2365 407 2427 motui
431 2365 611 2428 latitudinis.
655 2365 750 2428 Biuas
774 2364 918 2444 eclipses,
947 2383 1035 2446 quam
1058 2364 1158 2444 potuit
1184 2364 1317 2427 invenire
1341 2365 1516 2445 longissimo
1570 2380 1575 2391 '

148 2454 306 2537 temporie
330 2453 492 2517 intervallo
516 2454 683 2530 distantes,
708 2454 803 2535 elegit
825 2454 869 2515 sic
892 2462 1101 2534 comparatas,
1129 2460 1164 2514 nt
1187 2461 1313 2533 utraque
1337 2462 1419 2516 esset
1441 2474 1515 2535 par-

149 2545 240 2611 natta
275 2542 414 2624 ejusdem
448 2541 644 2623 quantitatis,
666 2543 756 2623 ,apud
789 2542 916 2604 eundem
943 2543 1071 2616 nodum,
1104 2542 1134 2603 in
1158 2542 1264 2604 eadem
1287 2542 1380 2624 plaga
1402 2544 1514 2618 mundi,

149 2634 287 2716 denique
312 2632 343 2693 in
368 2631 475 2693 eodem
497 2630 563 2694 loco
587 2631 729 2713 epicycli,
753 2637 789 2693 ut
810 2640 981 2706 constaret,
1011 2629 1144 2692 umbram
1168 2630 1353 2695 intransitu
1376 2632 1514 2715 utrinque

149 2722 297 2803 ejusdem
328 2740 398 2783 esse
427 2719 587 2782 crassitiei.
637 2719 694 2780 His
717 2720 795 2782 enim
820 2721 901 2782 datis
934 2728 1048 2782 certum
1071 2727 1155 2792 erat,
1185 2721 1323 2801 utrinque
1347 2722 1514 2802 aequaliter

149 2811 297 2877 abfuisse
320 2808 407 2872 illam
423 2828 442 2871 a
456 2809 543 2882 uodo,
567 2828 603 2870 ac
617 2808 740 2889 proinde
764 2808 852 2870 orbes
870 2808 1063 2871 latitudinum
1088 2817 1311 2871 consummatos
1335 2809 1514 2893 sedeatque

148 2902 306 2982 integros,
328 2896 406 2960 nihil
428 2894 598 2973 residuum,
621 2897 694 2959 nihil
718 2897 877 2975 deficiens,
908 2916 963 2960 nec
986 2916 1060 2978 opus
1088 2896 1147 2960 tuit
1168 2906 1202 2961 ut
1224 2907 1332 2973 antea,
1365 2918 1514 2980 praecog-

148 2990 239 3055 nosci
263 2987 442 3063 horarium,
476 2986 653 3048 diametrum
675 2987 780 3048 Lunae
805 2995 857 3049 aut
878 2988 1019 3061 umbrae,
1052 3005 1109 3048 nec
1132 2988 1273 3068 angulum
1297 2986 1513 3066 inclinationis,

148 3096 185 3141 ac
209 3097 252 3140 ne
277 3074 428 3156 epocham
450 3074 569 3156 quidem
593 3082 692 3136 motus
715 3076 895 3139 latitudinis.
942 3076 1067 3139 Suffecit
1092 3076 1180 3149 scire,
1204 3077 1322 3140 Lunam
1345 3079 1514 3159 aequaliter

148 3166 280 3231 anodo
304 3154 441 3227 abluisse
463 3162 619 3245 utrinque,
651 3164 752 3244 potuit
774 3165 901 3240 nesciri,
932 3173 1086 3249 quantum,
1102 3165 1243 3230 abfuerit.
1291 3166 1335 3230 Ut
1358 3177 1459 3230 autem
1484 3177 1515 3230 et

149 3256 209 3333 hoc
234 3255 372 3319 sciretur
393 3251 599 3335 postmodum,
627 3271 744 3314 rursum
767 3253 1084 3334 Ptolemaeus,elegit
1107 3255 1182 3316 duas
1203 3257 1350 3336 partiales
1373 3257 1513 3339 eclipses,

150 3344 298 3427 ejusdem
333 3341 502 3403 anomaliae
536 3340 644 3420 plagae
673 3348 704 3402 et
733 3342 931 3420 quantitatis,
965 3342 1019 3403 sed
1048 3343 1177 3407 alteram
1209 3346 1288 3408 nodo
1318 3347 1514 3410 descendenti

152 3434 303 3507 vicinam,
330 3430 459 3493 alteram
481 3429 667 3491 ascendenti.
703 3429 783 3492 Nam
805 3439 923 3510 tempus
946 3431 1135 3512 interjectum
1159 3434 1322 3497 secuudum
1345 3437 1514 3500 latitudinis

153 3531 276 3587 motum
290 3526 364 3582 ante
378 3518 592 3598 investigatum
611 3517 801 3592 ostendebat,
826 3528 936 3600 quanto
952 3539 1024 3585 arcu
1042 3520 1145 3583 circuli
1164 3521 1202 3585 ab
1217 3522 1345 3586 invicem
1360 3527 1512 3591 abessent.

153 3608 290 3679 ,certum
314 3616 426 3683 autem,
451 3607 550 3669 minus
572 3606 760 3669 semicirculo
778 3607 903 3674 distare.
941 3605 1041 3680 Quare
1065 3610 1215 3673 residuum
1238 3613 1277 3674 ad
1298 3615 1516 3679 semicirculum

156 3708 207 3763 est
223 3697 392 3761 'distantia
422 3694 574 3775 utriusque
604 3696 752 3775 eclipseos
781 3718 876 3762 asuo
904 3699 981 3760 nodo
1013 3699 1042 3760 in
1066 3719 1156 3761 unam
1189 3720 1333 3764 summam
1365 3706 1514 3786 conjecta,

156 3784 237 3871 quae
271 3786 396 3849 bisecta
426 3783 528 3864 prodit
555 3793 703 3846 secretam
733 3785 918 3866 singulamm
940 3808 959 3850 a
982 3789 1061 3850 nodo
1093 3787 1283 3865 distantiam,
1313 3794 1391 3873 quod
1419 3815 1514 3877 quae-

153 3876 304 3941 rebatur:
331 3873 441 3953 augulo
465 3872 633 3935 latitudiuis
656 3873 820 3938 etiamnum
841 3877 988 3958 ignorato.
1469 3904 1473 3913 ·

249 3962 417 4029 Succincta
444 3980 517 4022 sane
547 3961 719 4039 methodus,
752 3964 899 4047 siqnidem
937 3966 1089 4047 quantitas
1121 3968 1256 4030 delectus
1287 3972 1515 4036 aestimatomm

161 4053 293 4119 intuitus
307 4069 369 4113 non
385 4050 535 4125 fefellerit,
560 4057 592 4111 et
605 4069 724 4132 semper
741 4053 771 4116 in
786 4063 904 4134 promtu
918 4055 981 4118 sint
998 4065 1060 4119 tam
1080 4059 1252 4121 commodae
1276 4060 1513 4127 observationes.

197 4160 206 4177 ·
251 4140 318 4206 Sed
341 4157 519 4220 pergamus;
544 4147 650 4220 quarto
665 4140 770 4222 itaque
783 4144 976 4208 Ptolemaeus
999 4146 1128 4209 alteram
1150 4147 1397 4229 inaequalitatem
1410 4155 1513 4217 Lunae

162 4230 213 4296 lib.
239 4230 284 4293 V.
310 4228 495 4310 aggreditur,
521 4228 648 4310 quaein
673 4231 827 4295 novilunia
859 4234 970 4297 desinit
992 4244 1024 4298 et
1044 4236 1226 4317 plenilunio,
1256 4260 1345 4322 quam
1369 4262 1434 4324 cap.
1463 4242 1512 4307 10.

164 4318 357 4384 demonstrat
388 4316 466 4380 citra
494 4335 635 4396 magnum
664 4318 883 4386 incommodum
906 4324 937 4385 in
960 4325 1076 4389 calculo
1106 4328 1261 4409 eclipsium
1284 4333 1385 4395 omitti
1411 4351 1512 4415 posse.

224 4406 372 4479 *Quinto
395 4405 583 4468 latitudinem
605 4407 709 4470 Lunae
734 4412 905 4491 maximam,
931 4407 1008 4497 quae
1031 4417 1137 4479 eadem
1160 4425 1210 4481 est
1236 4438 1302 4483 cum
1332 4423 1441 4502 angulo
1463 4422 1514 4484 in-

168 4496 341 4561 clinationis
365 4495 447 4557 orbis
469 4495 573 4558 Lunae
597 4496 779 4579 adplenum
812 4502 987 4583 eclipticas,
1011 4505 1204 4569 Ptolemaeus
1228 4527 1285 4570 non
1310 4510 1407 4574 minus
1430 4530 1514 4574 com-

168 4586 313 4667 pendiose
343 4584 518 4663 inquisivit,
550 4596 725 4665 exspectato
755 4600 925 4666 momento,
954 4612 1011 4674 quo
1043 4595 1130 4658 Luna
1159 4595 1189 4658 in
1213 4596 1332 4660 Cancro
1364 4601 1514 4663 borealem

169 4672 296 4737 limitem
319 4672 499 4755 attingebat.
537 4675 620 4737 Tunc
642 4677 721 4740 enim
739 4677 769 4739 iu
783 4679 990 4745 Alexandrina
1008 4684 1071 4763 poli
1091 4686 1257 4748 elevatione
1271 4688 1359 4751 Luna
1380 4689 1513 4770 proxime

172 4763 315 4827 corucem
345 4762 492 4825 accedam
522 4782 599 4843 pene
628 4768 708 4829 omni
740 4785 772 4828 se
801 4771 952 4850 parallaxi
983 4775 1121 4838 exuebat
1171 4776 1205 4839 In
1228 4776 1285 4840 hoc
1312 4779 1431 4861 quidem
1453 4780 1513 4841 situ

173 4848 365 4931 Ptolemaeus
389 4850 529 4930 affirmat,
551 4873 591 4959 se¹
607 4873 750 4938 semper
771 4858 900 4924 eandem
913 4861 1017 4926 Lunae
1040 4863 1220 4929 dhtautiam
1241 4869 1391 4935 avertice
1414 4868 1514 4952 quoad
