3368 5534
287 308 354 377 262
767 309 807 360 m
824 304 1149 361 nemetensem

377 487 540 553 Ostensum
576 486 677 569 itaque
706 493 768 564 ιιι,
799 488 891 550 etiam
919 486 1109 590 'l'ychonicae
1137 483 1323 550 restitutioni
1344 482 1481 548 accidere
1503 481 1594 547 hoc
1585 505 1634 548 m·

287 578 453 653 commodi,
482 585 516 639 ut
543 576 606 638 alia
633 576 842 641 eccentricitas
873 576 1032 640 eccentrici
1060 577 1188 658 prodeat
1215 595 1254 638 ex
1276 573 1480 659 aoronychiis,
1509 574 1575 638 alia
1596 593 1634 637 ex

288 667 412 751 reliquis
436 665 706 729 observationibus.

374 756 499 820 Interim
536 755 627 817 etiarn
667 755 700 817 in
728 755 786 816 hac
828 755 1016 818 restitutione
1053 755 1226 838 Tychonica
1262 752 1561 831 observationes
1596 752 1637 814 ad

286 845 482 910 biseetionem
505 845 585 907 ιίιιιι
606 851 759 925 praeeunt
806 845 958 927 l'ychonis
981 844 1059 907 enim
1081 845 1290 908 eccentricitas
1313 851 1379 906 tota
1400 843 1504 925 puncti
1578 861 1636 904 ua-

285 936 358 999 torii
382 943 430 999 ιιι
450 930 570 1009 20160,
594 933 748 997 dimidium
773 930 889 1007 10080,
911 934 960 996 vel
982 934 1013 997 in
1036 935 1193 1016 aequantia
1214 932 1393 997 Ptolemaici
1415 860 1634 996 torma&

286 1026 330 1090 Et
350 1024 400 1088 hic
422 1024 588 1087 invenimus
614 1019 730 1101 10312,
754 1023 833 1105 quod
855 1024 978 1105 propius
1000 1024 1040 1086 ad
1053 1023 1131 1086 hanc
1145 1022 1382 1086 dimidiationem
1400 1020 1529 1085 accedit.
1567 1022 1635 1084 Ac·

285 1114 375 1177 cedet
405 1121 506 1176 autem
537 1111 631 1175 multo
663 1113 785 1194 propius
815 1119 847 1174 et
877 1113 956 1174 infra
984 1113 1063 1176 hanc
1089 1113 1253 1177 descendet
1282 1115 1402 1194 (nempe
1433 1112 1474 1174 ad
1492 1109 1635 1191 justissi-

285 1223 366 1267 mam
398 1200 520 1279 9282):
553 1201 604 1264 ubi
626 1201 684 1267 Ac
712 1201 836 1282 majoris
859 1202 1036 1278 schematis,
1063 1203 1121 1266 hoc
1150 1209 1200 1265 ιιι
1220 1201 1264 1264 ΒῙ
1291 1201 1417 1265 ιιιίιιοιὶι
1446 1207 1479 1263 ιι
1505 1199 1635 1277 sinistri,

286 1300 319 1356 et
340 1314 407 1357 cum
430 1312 468 1355 ea
489 1293 546 1355 AB
569 1292 618 1353 vel
642 1291 687 1354 GI
709 1290 870 1373 (distantia
885 1293 1035 1372 apogaea)
1050 1292 1140 1354 fuerit
1157 1291 1273 1354 minuta
1280 1311 1290 1367 ;
1313 1290 1448 1354 ι1ι1ιι1ιιι
1461 1289 1522 1353 ΔΕ
1536 1288 1637 1352 dextri

285 1382 449 1446 schematis
477 1382 600 1463 ejusque
628 1380 763 1462 aequalis
791 1387 823 1442 et
849 1380 965 1443 vicaria
986 1383 1041 1445 DF
1070 1380 1186 1445 sinistri
1215 1387 1248 1442 et
1276 1400 1343 1443 cnm
1364 1398 1403 1441 ea
1423 1378 1484 1443 AD
1505 1378 1559 1441 vel
1580 1378 1636 1441 HF

284 1471 448 1546 (distantia
468 1471 628 1552 perigaea)
651 1469 743 1533 luerit
764 1477 862 1531 aucta.
907 1470 1018 1533 Minori
1041 1470 1120 1535 enim
1134 1477 1220 1552 parte
1234 1476 1333 1548 aucta,
1355 1469 1463 1550 majori
1477 1467 1635 1544 diminuta,

283 1561 453 1625 differentia
474 1559 617 1622 minuitur
639 1558 717 1621 inter
739 1566 905 1640 utramque.

372 1649 502 1730 Culpam
524 1657 625 1713 autem
647 1647 736 1728 hujus
767 1645 988 1729 discrepantiae
1009 1647 1088 1711 inter
1110 1647 1247 1711 diversos
1269 1648 1375 1711 modos
1398 1646 1633 1711 eccentricitatir

283 1739 472 1824 quaerendae
495 1739 544 1812 (ut
565 1738 645 1800 idem
667 1737 827 1800 memoriae
851 1756 943 1799 causa
963 1737 1083 1818 saepius
1098 1740 1248 1818 repetam)
1267 1737 1396 1800 sustinet
1414 1736 1514 1800 solum
1528 1736 1633 1801 vinu

283 1828 510 1903 assumtionem,
534 1846 610 1909 quae
632 1826 706 1889 mihi
728 1826 811 1889 luere
834 1825 971 1889 consulto
994 1844 1060 1888 cum
1083 1826 1224 1908 'lychoue
1247 1835 1279 1888 et
1300 1825 1466 1890 artificibus
1479 1826 1632 1909 hucusque

282 1936 464 1982 communes.
509 1918 590 1981 Nam
611 1917 682 1983 hinc
703 1925 786 1979 certo
809 1913 1006 1990 concluditur,
1029 1935 1089 1978 uon
1111 1935 1181 1978 esse
1203 1924 1317 1980 certum
1340 1923 1372 1978 et
1384 1917 1477 1979 haum
1490 1923 1633 1998 punctum

280 2008 313 2071 in
339 2006 507 2070 eccentrico
535 2005 690 2088 planetae,
721 2007 802 2069 circa
830 2005 908 2086 quod
934 2003 1057 2085 planeta
1078 2013 1223 2087 perpetuo
1246 2004 1422 2088 aequahbus
1444 2004 1631 2088 temporibus

281 2097 426 2179 aequales
448 2096 576 2176 angulos
599 2095 746 2158 conficiat
783 2096 862 2158 Nam
876 2093 951 2156 illud
967 2094 1085 2156 omnino
1105 2093 1269 2176 (siquidem
1286 2095 1414 2158 alterum
1428 2103 1632 2159 assumtur-

280 2185 319 2248 de
342 2185 481 2249 circulari
505 2185 602 2248 orbita
624 2184 733 2248 sideris
754 2183 966 2257 retineremus)
994 2182 1164 2246 librandum
1185 2183 1273 2248 nohis
1296 2184 1409 2248 esset
1400 2203 1431 2247 ιιι
1449 2183 1631 2268 msa-pa·

281 2274 353 2338 dum
376 2292 495 2338 sursum
516 2274 672 2351 deorsum,
704 2273 784 2358 quod
814 2272 960 2354 quomodo
983 2291 1050 2336 cum
1072 2272 1240 2338 ratiomhns
1262 2272 1451 2338 naturalibus
1472 2272 1630 2338 conciliari

281 2364 390 2447 possit,
413 2383 474 2428 non
495 2363 593 2427 video.

371 2454 437 2518 Imo
459 2472 531 2516 vero
554 2461 586 2515 et
606 2452 735 2516 alterum
756 2458 957 2516 assumtorum
978 2449 1057 2514 inira
1079 2468 1145 2533 cap.
1168 2451 1284 2515 XLIV.
1306 2452 1495 2528 destruetur,
1524 2469 1629 2534 nempe

284 2542 413 2606 orbitam
444 2542 553 2605 sideris
582 2561 643 2604 uon
674 2560 743 2605 esse
764 2541 929 2622 perlectum
952 2540 1111 2615 circulum,
1135 2541 1189 2604 aed
1211 2542 1342 2604 ovalemr
1367 2547 1400 2604 et
1421 2542 1630 2625 longanima

283 2631 416 2701 omnium
444 2650 513 2694 esse
544 2630 723 2694 diametrum
754 2628 909 2710 apsidum
940 2629 1149 2693 brevissimam
1181 2649 1268 2706 vero,
1304 2649 1380 2713 quae
1410 2649 1466 2712 per
1494 2640 1630 2695 centrum

282 2721 396 2801 figurae
418 2720 531 2783 transit
551 2720 582 2783 in
597 2718 833 2800 longitudinibus
852 2717 969 2781 mediis.
1007 2720 1118 2783 Mirum
1137 2719 1238 2802 itaque
1252 2740 1312 2783 uon
1326 2729 1385 2798 est,
1400 2721 1630 2785 observationes

281 2811 416 2893 reliquas
431 2818 518 2872 entra
533 2809 752 2890 oppositionem
765 2827 831 2878 cum
846 2808 919 2871 Sole
929 2826 988 2870 non
998 2809 1167 2872 consentire
1179 2808 1250 2873 huic
1258 2809 1418 2894 hypothesi
1431 2809 1533 2893 capite
1539 2809 1628 2876 xvi

282 2899 477 2976 constitutae,
500 2917 568 2962 cnm
589 2898 648 2961 dno
670 2898 750 2961 falsa
772 2897 803 2959 in
826 2916 893 2960 eam
915 2899 1155 2979 assumserimus.

862 3125 1048 3138 *ἢ

828 3305 948 3407 Caput
972 3303 1080 3384 XXI

446 3468 561 3545 caess
587 3489 645 3533 ιιι·
664 3465 753 3548 fuleo
773 3467 953 3554 hypothesis
974 3488 1081 3533 veron
1096 3465 1218 3553 prodat
1240 3475 1270 3532 et
1291 3399 1467 3552 φιιιιιιιι

367 3610 462 3674 Porro
490 3611 559 3693 quia
582 3629 638 3691 ego
662 3612 782 3674 axioma
803 3610 861 3674 hoc
883 3610 1125 3683 dialecticorum,
1155 3628 1201 3672 ex
1231 3610 1328 3673 falso
1350 3629 1477 3675 verum
1499 3616 1628 3697 sequi,

279 3698 471 3762 vehementer
497 3700 564 3773 odi,
594 3708 756 3781 propterea
784 3701 864 3783 quod
892 3719 928 3762 eo
951 3697 1111 3781 (lopernici
1140 3702 1241 3782 (quem
1264 3717 1374 3782 sequor
1395 3701 1576 3783 magistrum
1598 3703 1629 3767 in

280 3787 496 3870 hypothesibus
518 3789 784 3854 universalioribus
807 3790 983 3872 systematis
1005 3785 1163 3868 mundani)
1185 3789 1322 3870 jugulum
1353 3798 1494 3870 petatur:
1520 3811 1628 3876 operar

278 3876 409 3958 pretium
430 3877 552 3958 putavi,
577 3878 683 3941 lectori
706 3879 874 3954 estendere,
897 3878 1046 3960 quomodo
1068 3877 1117 3940 hic
1140 3897 1178 3940 ex
1201 3879 1279 3941 falso
1301 3898 1405 3942 verum
1427 3890 1584 3964 ιιιμιιιιι.

367 3965 499 4028 Primum
517 3967 582 4047 jam
605 3966 719 4043 vidisti,
742 3986 802 4031 non
823 3968 913 4048 plane
936 3986 1038 4030 verum
1060 3967 1153 4049 sequi.
1200 3968 1276 4034 Cum
1305 3968 1384 4032 enim
1405 3969 1465 4034 iter
1485 3972 1627 4054 pm

279 4072 334 4136 per
365 4074 454 4117 unum
478 4056 636 4119 eccentrici
663 4057 785 4138 planum
808 4057 924 4120 duobus
946 4056 1043 4119 modis
1066 4057 1286 4133 consideretur,
1314 4077 1420 4140 nempe
1449 4067 1482 4123 et
1508 4062 1626 4127 ratium

280 4143 476 4224 longitudinis
506 4145 561 4207 sub
589 4146 679 4209 certis
701 4147 844 4227 gradibus
871 4153 903 4209 et
924 4145 1048 4210 minutis
1070 4145 1186 4208 zodiaci
1209 4146 1327 4222 circuli,
1357 4156 1389 4209 ιι
1410 4148 1530 4214 ιιιίοιιι
1552 4152 1626 4216 alti·

279 4232 393 4295 tudinis
425 4253 478 4295 seu
510 4233 673 4297 distantiae
706 4257 725 4297 a
756 4244 859 4298 centro
889 4234 991 4299 mnndi
1021 4235 1101 4317 qnod
1123 4235 1275 4310 circumit,
1306 4255 1394 4318 quam
1417 4237 1488 4302 aliis
1511 4241 1626 4304 zodiaci

280 4321 356 4383 locis
380 4321 502 4384 exhibet
525 4323 631 4385 aliam:
656 4332 761 4386 nostra
784 4325 863 4387 salsa
884 4325 1052 4405 suppositio
1075 4323 1191 4387 invexit
1213 4324 1332 4407 quidem
1346 4325 1501 4406 planetam
1515 4330 1627 4394 debitis

280 4410 466 4492 temporibus
488 4411 519 4474 in
543 4411 645 4475 debita
667 4412 736 4476 loca
757 4412 969 4495 longitudinis,
1000 4420 1034 4476 at
1054 4432 1113 4477 non
1136 4413 1268 4477 debitam
1291 4413 1318 4474 ei
1340 4416 1498 4495 praestitit
1519 4418 1626 4482 altitu·

281 4498 391 4563 dinem.
436 4500 506 4563 Non
529 4498 620 4582 igitur
640 4501 730 4583 plane
753 4519 854 4567 verum
877 4502 1056 4583 sequebatur
1078 4521 1116 4564 ex
1137 4503 1218 4567 falsa
1237 4502 1294 4567 hac
1307 4501 1478 4585 hypothesi.
1509 4507 1626 4573 De‘ndc

281 4608 340 4651 non
364 4588 430 4650 ideo
453 4588 532 4651 idem
556 4597 604 4652 est
626 4589 749 4653 effectus
771 4592 868 4665 (circa
890 4591 986 4653 solam
1010 4592 1101 4654 etiam
1124 4592 1355 4673 longitudinem)
1373 4600 1406 4657 ιι
1421 4613 1515 4661 retae
1528 4596 1625 4682 hypo·

280 4677 403 4741 theseos
433 4678 530 4742 adhuc
562 4679 730 4761 incognitae
763 4688 795 4742 et
825 4681 921 4744 falsae
954 4700 974 4745 a
1004 4681 1091 4745 uobis
1119 4690 1293 4759 ιιιιιιιιιιι,
1324 4682 1403 4764 quod
1432 4683 1475 4751 ad
1504 4704 1624 4752 sensum

282 4765 407 4829 effectus
423 4767 519 4918 iqem
550 4769 676 4833 videtur.
722 4770 831 4834 Potest
851 4769 930 4834 enim
951 4769 1104 4835 minimum
1125 4771 1239 4854 aliquid
1261 4770 1385 4850 deeras,
1415 4772 1497 4858 quot
1518 4794 1625 4845 ιιιιιι

281 4872 342 4917 non
365 4855 453 4936 capia
