3368 5534
641 310 703 369 Pars
720 311 813 369 Tertia
850 313 932 389 (lapus
948 313 1048 369 xxm
1453 321 1518 392 299

257 489 357 572 Atqui
379 509 435 571 ego
451 490 527 565 dico,
551 515 596 575 εχ
619 492 662 555 sic
680 492 862 557 delineatum
876 513 978 558 arcum
992 494 1145 576 temporis,
1160 502 1195 557 ut
1208 495 1304 559 voluit
1321 498 1524 576 Ptolemaeus,

165 596 237 640 esse
260 580 509 661 quamproxime
532 582 571 643 ad
595 587 644 659 ιφ
667 601 769 646 arcum
792 583 927 658 itineris,
959 592 992 646 ut
1016 594 1063 646 est
1086 589 1130 646 cd
1152 585 1300 647 distantia
1322 607 1409 651 arcus
1433 595 1484 669 oq
1506 612 1526 653 a

162 676 274 732 centro
297 669 416 746 mundi,
440 671 480 731 ad
503 672 546 748 ιβ
569 671 746 733 distantiam
770 673 949 735 mediocrem
971 683 1147 753 punctorum
1170 695 1236 754 sap
1260 675 1298 737 ab
1321 699 1360 752 α,
1384 688 1417 739 ει
1438 679 1525 740 simi·

162 755 237 819 liter
259 776 366 821 arcum
387 759 534 840 temporis
556 782 601 840 φτ
623 779 691 823 esse
708 760 747 822 ad
766 781 867 824 arcum
885 761 1001 823 itineris
1025 786 1074 824 ao
1098 782 1187 844 quam
1205 765 1351 842 proxime,
1366 775 1463 838 utest
1485 792 1525 830 αε

163 845 321 909 distantia
347 867 435 911 arom
465 872 512 911 εω
544 859 689 912 acsutro
717 851 818 913 mundi
846 875 866 913 a
898 851 938 912 ad
968 853 1007 928 εβ
1037 852 1213 914 distantiam
1243 874 1262 915 a
1289 861 1393 917 centro
1421 857 1522 918 muudi

163 935 364 1008 mediocrem,
397 957 474 1019 quae
497 946 600 1018 potest
622 939 797 1019 contingere
820 940 850 1002 iu
873 960 908 1014 rr,
929 963 947 1019 p
972 941 1076 1020 signis.
1128 940 1188 1003 Est
1210 941 1288 1005 euim
1311 952 1344 1005 ut
1366 945 1466 1024 prius,
1491 954 1525 1008 ut
1633 990 1638 1007 .

162 1047 201 1104 ys
231 1026 275 1087 ad
303 1032 345 1107 γι
366 1025 411 1089 sic
434 1051 477 1111 εχ
499 1028 538 1089 ad
560 1033 630 1105 bp3
657 1036 689 1089 et
715 1038 750 1090 ut
772 1051 814 1109 γφ
836 1029 876 1090 ad
898 1051 935 1108 γε
957 1030 1001 1091 sic
1025 1052 1069 1106 φτ
1091 1030 1129 1091 ad
1153 1051 1214 1106 εω;
1252 1033 1306 1093 εει
1335 1041 1452 1116 yoest
1482 1036 1522 1097 ad

163 1120 201 1194 τι
234 1114 302 1177 fere
331 1123 366 1179 ut
387 1117 432 1194 βι
455 1117 519 1191 (vel
541 1120 592 1196 γε)
616 1117 656 1178 ad
679 1122 745 1179 ab:
768 1127 857 1198 patet
879 1118 948 1180 inde
971 1118 1041 1199 quia
1062 1122 1105 1196 βι
1128 1127 1176 1181 εει
1199 1121 1327 1183 medium
1351 1121 1522 1186 arithmeti-

164 1222 232 1266 cum
265 1203 470 1286 intorquet
492 1211 548 1269 αι.
599 1206 793 1269 Ptolemaeus
826 1207 905 1269 enim
932 1207 1007 1269 facit
1038 1210 1099 1283 αβ,
1123 1210 1143 1286 β
1152 1232 1166 1287 7
1188 1211 1340 1289 aequales.
1387 1213 1522 1275 Medium

164 1302 270 1355 autem
293 1294 516 1358 arithmeticum
537 1295 616 1359 inter
639 1295 793 1371 terminos,
818 1296 895 1358 inter
919 1316 993 1377 quos
1016 1316 1114 1377 parva
1136 1307 1184 1360 est
1202 1300 1366 1379 proportio,
1391 1301 1522 1364 insensi-

164 1381 216 1444 bili
239 1382 347 1464 aliquo
369 1384 467 1464 majus
491 1392 539 1447 est
561 1384 658 1446 medio
682 1385 874 1464 geometrico.
921 1385 1015 1448 Verbi
1044 1386 1145 1464 gratia
1168 1387 1246 1449 inter
1273 1387 1312 1451 10
1336 1399 1368 1450 ει
1393 1388 1433 1455 12
1456 1410 1522 1452 me-

166 1471 247 1534 dium
271 1472 496 1537 arithmeticum
514 1482 563 1536 est
580 1473 639 1536 11:
664 1474 794 1537 medium
808 1475 1022 1555 geometricum
1042 1485 1090 1537 est
1116 1470 1229 1559 10¹⁹l2,
1258 1478 1334 1539 lere:
1359 1478 1409 1540 ubi
1425 1481 1523 1542 minus

166 1580 224 1622 uua
255 1562 405 1625 vicesima
437 1562 522 1625 unius
550 1562 718 1642 particulae
743 1564 822 1625 inter
845 1574 1000 1644 utrumque
1024 1564 1153 1626 medium
1176 1567 1312 1629 interest.
1358 1568 1401 1630 Et
1423 1577 1523 1631 tamen

165 1649 193 1711 hi
215 1644 338 1713 numeri
362 1661 434 1715 suut
450 1651 613 1714 familiares
631 1652 766 1714 theoriae
781 1654 903 1725 Martis,
927 1653 977 1734 qui
999 1653 1092 1715 babet
1115 1656 1372 1719 eccentricitatem
1392 1660 1523 1720 omnium

166 1738 331 1803 maximam
357 1742 439 1821 apud
461 1741 678 1803 Ptolemaeum.

255 1826 335 1892 Cum
367 1831 460 1911 igitur
494 1831 649 1911 proportio
678 1854 717 1910 ys
749 1829 788 1891 ad
824 1835 865 1909 γι
893 1828 934 1891 sit
957 1829 1124 1891 insensibili
1147 1832 1243 1912 major
1264 1835 1457 1914 proportione
1480 1843 1524 1899 αι

167 1918 203 1980 ad
226 1919 284 1996 ιβ,
310 1918 370 1982 erit
392 1930 425 1982 et
446 1919 598 2001 proportio
621 1943 664 2001 χε
687 1920 726 1981 ad
750 1924 800 1999 ψι
822 1918 991 1980 insensibili
1014 1920 1110 1999 major
1128 1940 1215 2001 quam
1238 1923 1392 2002 proportio
1416 1931 1461 1986 αι
1483 1927 1523 1988 ad

167 2009 215 2085 ιβ.
264 2006 415 2072 Similiter
446 2017 480 2071 ut
505 2031 542 2088 ps
574 2008 613 2069 ad
642 2030 684 2088 γφ
711 2008 754 2070 sic
783 2031 826 2069 ao
851 2009 889 2068 ad
913 2029 969 2087 φτ.
1024 2007 1086 2070 Sed
1115 2032 1153 2089 ys
1181 2011 1220 2071 ad
1249 2033 1295 2091 yq
1322 2023 1371 2075 est
1399 2014 1462 2076 lere
1489 2024 1524 2077 ut

169 2098 205 2176 εβ
232 2098 275 2160 ad
306 2120 365 2161 aa:
399 2096 536 2161 nimirum
567 2098 721 2177 proportio
745 2097 798 2158 illa
820 2096 987 2159 insensibili
1010 2098 1109 2178 aliquo
1134 2099 1229 2161 minor
1253 2110 1302 2162 est
1324 2102 1394 2164 ista.
1440 2105 1523 2184 Ergo

168 2196 196 2249 et
216 2188 377 2270 proportio
410 2209 457 2249 εω
488 2188 526 2248 ad
555 2207 601 2264 φτ
623 2185 791 2249 insensibili
814 2185 915 2265 aliquo
939 2186 1034 2249 minor
1057 2195 1105 2249 est
1127 2191 1319 2268 proportione
1343 2193 1383 2271 εβ
1404 2193 1443 2254 ει
1467 2217 1521 2256 aa.

251 2275 326 2339 Jam
343 2286 557 2357 permutemus.
595 2275 654 2337 Est
675 2275 751 2337 enim
766 2275 919 2354 proportio
942 2281 995 2337 ει
1018 2277 1057 2337 ad
1080 2279 1127 2355 ιβ
1149 2277 1315 2340 insensibili
1336 2281 1431 2344 minor
1448 2301 1521 2362 pro-

167 2365 303 2444 portione
333 2367 378 2443 ιβ
405 2366 454 2428 vel
481 2366 523 2443 βε
553 2363 593 2425 ad
622 2388 675 2440 εα,
705 2372 742 2425 'eo
767 2365 846 2444 quod
875 2367 920 2442 βι
942 2365 989 2425 νει
1012 2367 1053 2442 βε
1076 2375 1125 2429 εει
1147 2367 1276 2430 medium
1299 2370 1521 2434 arithmeticum

167 2455 243 2519 iuter
270 2461 317 2518 τι
338 2463 373 2518 ει
393 2477 454 2529 τε,
486 2464 521 2515 ut
542 2452 635 2534 prius.
681 2454 847 2515 Probatum
870 2463 970 2515 autern
994 2454 1066 2528 fuit,
1096 2457 1317 2535 proportionem
1340 2482 1384 2540 εχ
1407 2461 1446 2522 ad
1469 2466 1523 2540 ιφ

168 2563 231 2607 esse
255 2545 404 2626 majorem
426 2543 617 2625 proportione
641 2549 686 2604 αι
708 2543 747 2604 ad
770 2543 830 2618 ιβ,
866 2562 904 2603 ex
937 2543 1050 2623 duabus
1079 2544 1203 2607 minori:
1231 2555 1263 2608 et
1292 2550 1518 2629 proportionem

168 2656 208 2695 eo
230 2635 273 2697 ad
295 2656 346 2715 φτ
367 2633 513 2697 minorem
536 2651 603 2694 esse
616 2631 810 2711 proportione
834 2633 873 2709 εβ
896 2632 934 2693 ad
958 2654 1008 2706 αε,
1031 2651 1069 2693 ex
1084 2633 1200 2696 duabus
1213 2636 1334 2715 majori:
1360 2646 1393 2698 ut
1407 2648 1518 2718 quanto

168 2740 203 2784 ex
228 2723 348 2788 duabus
377 2729 425 2785 αι
454 2721 495 2783 ad
526 2722 583 2798 ιβ,
615 2730 648 2783 ει
670 2723 711 2798 εβ
734 2722 774 2782 ad
797 2744 852 2792 ca,
881 2721 936 2783 illa
958 2721 1052 2783 minor
1074 2731 1107 2784 et
1129 2723 1204 2785 haec
1227 2725 1337 2804 major,
1371 2734 1457 2788 tanto
1482 2745 1520 2789 ex

168 2811 281 2875 duabus
303 2838 346 2897 ’t
364 2812 409 2876 'ad
432 2816 482 2890 ιφ
503 2817 536 2872 et
559 2833 603 2871 so
626 2811 665 2872 ad
689 2831 742 2889 φτ,
764 2810 819 2871 illa
842 2811 947 2889 major,
972 2809 1047 2872 baec
1063 2811 1166 2875 minor.
1200 2814 1308 2893 Itaque
1327 2816 1419 2877 etiam
1440 2816 1520 2879 illius

167 2902 349 2966 insensibilis
381 2900 569 2963 differentiae
600 2900 634 2960 lit
665 2899 765 2978 aliqua
798 2900 1022 2978 compensatio,
1056 2911 1090 2961 ut
1111 2901 1204 2963 multo
1227 2904 1349 2983 propius
1373 2923 1445 2968 vero
1468 2906 1520 2980 sit,

166 2982 388 3072 proportionem
415 3013 457 3072 εχ
486 2990 525 3050 ad
555 2994 603 3067 ιψ
634 2988 674 3049 ad
702 3005 828 3066 unguem
852 3008 919 3049 esso
943 2988 1098 3068 aequalem
1121 2991 1305 3071 proportioni
1328 3016 1374 3054 ao
1398 2994 1437 3055 ad
1461 3016 1518 3070 φτ.

166 3081 353 3163 aequalibus
376 3079 469 3160 igitur
492 3078 599 3140 sumtis
618 3078 747 3139 arcubus
770 3081 819 3158 ιψ
841 3087 874 3138 et
897 3101 951 3151 eos,
975 3078 1024 3158 qui
1038 3078 1184 3141 hactenus
1199 3080 1319 3142 suerunt
1334 3082 1518 3163 inaequales,

166 3171 219 3234 erit
251 3180 379 3250 uterque
402 3173 456 3247 ιφ
480 3168 527 3229 vel
550 3189 599 3229 ao
621 3167 750 3228 medium
773 3167 994 3246 proportionale
1022 3166 1100 3229 inter
1123 3192 1141 3229 o
1154 3193 1186 3250 χ,
1211 3188 1324 3231 moram
1347 3171 1375 3231 in
1399 3172 1519 3250 aphelio

166 3269 193 3321 et
205 3282 261 3340 φτ,
278 3250 605 3337 moram'iuperihelio,
621 3263 651 3317 et
661 3255 813 3336 proportio
824 3256 916 3334 igitur
934 3280 978 3337 εχ
994 3255 1032 3317 ad
1047 3278 1095 3332 φτ
1118 3258 1308 3337 (aequalibus
1321 3259 1519 3323 existentibus

165 3354 209 3430 ιφ
222 3358 257 3412 ει
269 3350 334 3422 εω)
345 3347 438 3427 dupla
447 3345 506 3406 erit
518 3344 720 3425 proportionis
730 3349 773 3406 αι
782 3344 821 3405 ad
836 3347 877 3423 ιβ
890 3346 938 3406 νει
948 3347 987 3423 βε
1003 3346 1042 3406 ad
1052 3368 1101 3420 ac,
1118 3347 1197 3408 illius
1209 3347 1340 3424 minoris,
1355 3349 1442 3428 hujus
1451 3369 1518 3411 ma-

161 3438 245 3518 joris,
266 3435 437 3499 insensibili
456 3434 565 3515 aliquo.
598 3436 645 3496 Ac
664 3433 830 3496 aumatium
840 3434 991 3516 proportio
1009 3437 1110 3496 adad
1124 3458 1168 3496 αε
1185 3436 1330 3515 duplasit
1344 3437 1518 3501 alterutrius
1548 3498 1551 3505 .

164 3528 269 3591 harum
283 3524 490 3605 (componitur
505 3523 584 3585 enim
597 3542 636 3584 ex
646 3522 790 3603 utrisque,
803 3542 879 3602 pene
890 3524 1063 3604 aequalibus
1074 3524 1282 3600 existentibus,
1293 3537 1411 3588 exemto
1420 3528 1519 3591 medio

165 3616 358 3680 arithmetico
381 3615 424 3692 ιβ
446 3612 496 3673 vel
519 3613 587 3690 βε),
612 3631 683 3691 ergo
707 3612 883 3693 aequalibus
906 3612 1107 3675 existentibus
1123 3614 1250 3676 arcubus
1265 3615 1395 3677 eccentri
1420 3621 1473 3696 ιψ
1488 3626 1521 3681 ει

165 3730 217 3783 su,
240 3701 398 3787 proportio
423 3720 523 3764 morae
546 3725 589 3782 εχ
612 3703 787 3763 admoram
810 3724 859 3782 φτ
882 3702 1016 3783 aequalis
1039 3702 1098 3764 erit
1119 3703 1302 3782 proportioni
1325 3709 1370 3766 αι
1393 3705 1433 3766 ad
1456 3725 1519 3784 τες

166 3807 194 3859 ει
214 3794 346 3859 clarius:
371 3798 484 3873 quanto
507 3791 623 3871 longior
646 3799 694 3852 est
716 3796 765 3852 αι
788 3810 876 3871 quam
900 3816 957 3867 aa,
992 3799 1079 3853 tanto
1102 3791 1213 3853 diutius
1238 3801 1372 3855 moratur
1394 3795 1521 3874 planeta

165 3884 192 3947 in
215 3894 302 3948 certo
327 3880 434 3963 aliquo.
452 3898 525 3942 arcu
546 3879 678 3941 eccentri
701 3880 779 3961 apud
804 3886 830 3954 ι,
855 3901 943 3962 quam
967 3882 996 3944 in
1020 3881 1139 3960 aequali
1161 3900 1232 3942 arcu
1251 3882 1383 3944 eccentri
1397 3885 1476 3964 apud
1496 3910 1521 3950 ε.

165 3976 266 4057 Atque
289 3972 349 4035 hoc
372 3968 508 4050 sequitur
530 3987 569 4031 ex
592 3968 777 4031 ordinatione
793 3971 906 4032 formae
921 3976 1062 4051 (intellige
1083 3978 1260 4051 particularis
1279 3986 1309 4034 et
1321 3980 1522 4054 inaequalitati

165 4075 268 4144 pinna
299 4065 464 4138 servientis)
494 4057 697 4120 Ptolemaioae
727 4059 848 4139 ejusque
871 4068 982 4141 puncto
1005 4059 1195 4139 aequatorio,
1220 4067 1305 4121 certa
1326 4069 1359 4122 et
1384 4063 1522 4143 legitima

167 4149 443 4223 demonstratione,
476 4156 618 4228 quantum
647 4149 686 4209 ad
717 4148 783 4211 loca
810 4168 944 4230 apogaeo
973 4157 1005 4210 et
1026 4148 1168 4227 perigaeo
1192 4148 1292 4209 vicina
1315 4151 1438 4216 attinet.
1486 4157 1521 4218 Iu

166 4240 276 4304 ceteris
308 4237 489 4303 tenuissima
520 4246 647 4319 apparet
670 4237 845 4314 diversitas,
878 4257 971 4319 eaque
1000 4246 1111 4317 quanto
1144 4235 1313 4299 evidentior
1336 4239 1368 4302 iu
1394 4243 1521 4305 demon-

167 4330 332 4403 stratione,
362 4335 451 4389 tauto
484 4324 581 4387 miuor
613 4325 644 4387 in
667 4327 794 4388 effectu:
828 4328 896 4408 quia
925 4327 1009 4388 verbi
1037 4325 1137 4404 gratia
1158 4327 1312 4405 proportio
1336 4354 1390 4408 αμ
1414 4333 1453 4394 ad
1476 4355 1521 4395 αε

167 4420 260 4483 minor
290 4427 355 4494 est,
387 4424 421 4478 et
451 4419 506 4476 αθ
537 4415 577 4477 ad
606 4437 651 4477 aa
673 4416 767 4479 multo
794 4417 897 4492 miuor,
923 4434 1011 4494 quam
1034 4419 1083 4475 αι
1105 4414 1144 4474 ad
1168 4438 1210 4475 αε
1233 4415 1367 4482 omnium
1390 4421 1521 4484 maxima

167 4508 346 4591 maxbniqne
369 4506 507 4569 effectus.
674 4500 691 4517 ‘⁹
