3368 5534
448 348 479 401 de
497 347 685 401 Commentariis
704 347 735 402 de
751 353 820 401 motor
837 240 1039 445 ιιεῦῆῧε
1370 338 1417 419 55¹

150 612 230 678 Cum
249 623 396 695 perpetuo
415 623 476 690 tuo,
493 615 654 678 Maestline
676 625 856 696 praeceptor
870 618 990 697 optime,
1012 617 1133 681 silentio
1153 637 1250 683 meam
1265 617 1414 683 scribendi

66 705 256 784 diligentiam
288 705 381 765 toties
409 704 473 782 jam
507 705 744 786 expugnaveris:
779 705 889 767 accidit
917 706 989 770 mihi
1020 716 1139 784 tamen,
1171 709 1250 789 quod
1277 706 1307 770 iu
1334 708 1413 770 bello

65 795 316 872 desperantibus,
347 801 380 853 ut
401 801 486 855 tanto
515 795 612 874 magis
645 794 850 874 scriptoriam,
883 802 994 874 quanto
1027 797 1123 857 miuus
1154 797 1297 877 profici03
1329 797 1414 859 etin

63 882 212 944 victoriae
235 891 324 962 parte
346 900 465 961 ponam,
489 884 618 945 salutem
641 900 758 945 omnem
781 884 950 962 desperare.
989 885 1034 946 Tu
1053 885 1078 947 si
1097 885 1184 947 lectis
1208 886 1284 965 meis
1308 883 1415 966 Opti·-

65 973 131 1046 cis,
158 990 285 1052 quorum
309 972 461 1051 exemplar
484 974 644 1042 (unacum
667 972 734 1033 aliis
759 981 885 1052 quatuor
904 992 957 1053 per
975 973 1167 1052 bibliopolam
1184 973 1312 1038 Gellium
1336 974 1415 1054 apud

65 1062 108 1122 Te
131 1060 294 1139 depositis,
319 1079 394 1140 qnae
417 1078 490 1139 rogo
514 1071 548 1122 ut
569 1062 729 1123 Besoldo
753 1061 870 1123 doctori
896 1062 1010 1140 petenti
1040 1063 1160 1136 tradas)
1189 1062 1256 1125 Tibi
1279 1065 1413 1127 Franco-

65 1151 143 1211 iurto
168 1150 249 1210 dono
273 1149 350 1222 misi,
376 1149 401 1209 si
425 1149 506 1210 lecta
524 1151 718 1230 conceptione
737 1151 856 1212 meede
871 1169 950 1211 nova
974 1151 1075 1223 stella,
1099 1170 1188 1232 quarn
1205 1152 1271 1232 jam
1291 1152 1413 1231 accipis,

65 1258 120 1299 non
152 1236 342 1318 permoveris
371 1238 409 1298 ad
442 1238 651 1301 scribendum:
694 1246 726 1299 at
758 1239 867 1300 saltem
898 1239 936 1300 ob
967 1237 1000 1301 S.
1035 1238 1096 1302 0ΙΙΙΙ
1118 1234 1216 1315 Mtffl,
1249 1241 1295 1303 cui
1327 1249 1418 1322 grata·

65 1334 134 1388 aunt
167 1327 341 1406 hujusmodi
373 1327 502 1406 scripta,
535 1346 668 1408 quaeque
697 1327 759 1406 Ipsi
790 1327 876 1390 varia
914 1328 1100 1408 conquisivi,
1144 1329 1256 1410 aliquid
1288 1331 1413 1394 scribas.
1505 1388 1507 1392 a

67 1417 222 1477 Provocat
244 1417 284 1476 ad
307 1424 338 1476 te
356 1415 575 1490 Roeslinus‚
599 1417 683 1495 cujus
707 1415 849 1495 scripturn
868 1417 934 1496 jam
957 1418 1074 1496 accepit
1097 1416 1129 1480 S.
1151 1415 1186 1480 O.
1210 1418 1304 1480 Mt·¹:
1331 1439 1414 1481 coru-

67 1503 163 1566 muuis
187 1505 265 1566 haec
298 1505 577 1567 mathematicorum
602 1514 649 1567 est
672 1505 817 1578 materia,
850 1524 938 1586 quam
965 1525 1022 1567 non
1055 1506 1205 1586 attingere
1237 1508 1415 1571 desertionis

67 1594 176 1656 crimen
200 1601 423 1673 repraesentat.

152 1683 189 1744 ln
216 1680 499 1745 Commentariis
522 1682 563 1742 de
585 1681 746 1749 Motibus
778 1681 911 1744 Martis
941 1681 968 1742 si
999 1700 1082 1744 meos
1113 1682 1233 1744 labores
1265 1701 1423 1759 cerneres,

68 1773 171 1851 opinor
192 1772 227 1832 id
259 1771 375 1833 diceres
408 1772 486 1850 quod
518 1788 566 1831 res
598 1779 647 1831 est
678 1770 814 1850 quodque
845 1772 936 1832 etiam
965 1771 1001 1832 de
1026 1768 1144 1850 Opticis
1178 1771 1276 1833 dicere
1299 1780 1331 1833 te
1355 1792 1413 1835 non

67 1861 188 1935 dubito,
224 1879 271 1921 me
301 1860 419 1921 scilicet
450 1878 507 1921 non
538 1878 605 1920 raro
635 1860 743 1921 nodum
771 1859 800 1920 in
829 1859 927 1939 scirpo
958 1878 1110 1940 quaerere.
1158 1857 1220 1922 Cur
1251 1879 1322 1941 ergo
1354 1872 1414 1924 no'u

67 1968 180 2011 mecum
215 1949 418 2011 communicas
439 1967 493 2028 per
516 1947 645 2011 literae?
682 1947 780 2028 Saepe
814 1949 885 2010 mihi
918 1967 976 2010 nou
1005 1948 1152 2027 cogitanti
1184 1948 1288 2029 inepta
1319 1950 1416 2013 multa

69 2038 241 2113 obveniunt,
267 2057 343 2119 quae
367 2056 421 2117 per
443 2038 549 2099 literas
572 2037 719 2100 ventilata
742 2037 830 2099 facile
853 2056 1058 2117 agnoscerem.
1096 2035 1202 2098 Omnis
1224 2057 1309 2101 meus
1332 2039 1417 2101 labor

69 2129 94 2188 iu
117 2128 176 2189 hoc
201 2136 261 2200 est,
285 2136 319 2188 ut
338 2127 403 2206 jam
418 2144 504 2205 porro
528 2145 566 2186 ex
585 2125 721 2205 genuinis
744 2126 844 2187 causis
867 2134 931 2188 tam
946 2125 1140 2207 aequatioues
1163 2127 1294 2189 eccentri
1315 2128 1416 2207 justas

71 2236 156 2296 quam
179 2216 346 2277 distantias
370 2224 531 2277 exstruam.
568 2214 686 2276 Proieci
709 2223 808 2276 autem
830 2232 885 2294 ρει
902 2215 958 2276 Dei
984 2214 1113 2295 gratiam
1136 2233 1275 2296 eousque,
1301 2223 1415 2278 utnon

70 2305 133 2384 plus
166 2305 304 2366 aberrem
328 2305 358 2376 in
383 2323 441 2366 uno
473 2323 561 2385 quam
583 2303 612 2365 in
637 2304 732 2366 altero
764 2312 921 2384 certusque
954 2303 1030 2378 sim,
1060 2312 1216 2384 utrumque
1240 2303 1278 2366 ab
1310 2306 1417 2368 eadem

71 2394 230 2475 hypothesi
261 2392 429 2473 proficisci,
459 2412 495 2454 ac
518 2393 641 2472 proinde
664 2412 722 2453 non
749 2411 840 2472 posse
871 2412 938 2454 esse
966 2413 1062 2466 vana,
1094 2410 1171 2472 qnae
1194 2392 1231 2454 de
1253 2391 1415 2457 virtutibus

71 2482 244 2545 nutricibus
268 2483 399 2562 disputo.
436 2480 569 2562 Cumque
591 2480 684 2543 toties
702 2482 767 2561 jam
790 2481 1033 2561 triumphaverlm
1053 2481 1214 2557 deMerte,
1237 2481 1295 2543 hoc
1314 2490 1414 2546 tamen

71 2574 235 2634 etiamnum
258 2570 288 2633 in
303 2591 398 2632 cansa
420 2581 537 2632 manet:
562 2570 588 2631 ei
604 2571 763 2632 eccentrici
786 2571 865 2632 ratio
889 2570 1079 2633 distribuitur
1099 2570 1180 2632 inter
1196 2572 1414 2634 coucenlricum

72 2672 99 2723 et
121 2661 310 2744 epicyclum‚
335 2660 414 2736 scis,
439 2667 571 2721 centrum
596 2660 720 2741 epicycli
743 2659 910 2739 inaequalis
941 2668 1040 2721 motus
1067 2659 1131 2720 fieri
1162 2660 1193 2720 in
1217 2660 1420 2734 concentrico,

71 2751 170 2812 idest
193 2746 415 2812 concentricum
438 2747 637 2828 snperalieno
658 2757 761 2810 centro
785 2749 950 2830 aequaliter
964 2749 1025 2811 ire:
1050 2748 1120 2827 qnia
1143 2748 1235 2810 etiam
1259 2758 1414 2811 eccentrus

69 2848 207 2901 movetur
230 2857 321 2918 snper
344 2838 441 2899 alieno
466 2846 578 2898 centro.
625 2834 742 2907 Quodsi
766 2855 836 2917 ergo
860 2845 958 2899 motus
982 2845 1015 2898 et
1031 2837 1212 2899 conceutrici
1236 2845 1267 2900 et
1290 2837 1414 2921 epicycli
1454 2887 1458 2895 .

69 2929 153 2990 simul
176 2928 390 3000 intenduntur,
422 2927 509 2988 simul
532 2926 723 2988 remittuntur
747 2928 791 3000 (id
814 2933 861 2987 est
884 2927 910 2987 ei
934 2927 1014 2988 linea
1037 2944 1076 2987 ex
1094 2935 1197 2988 centro
1221 2927 1415 3009 aequalitatis

69 3016 251 3080 concentrici
275 3035 330 3095 ρει
343 3024 479 3078 centrum
502 3015 626 3096 epicycli
641 3016 752 3076 educta
774 3023 924 3077 monstrat
947 3008 1112 3095 apogaeum
1134 3033 1239 3077 verum
1262 3016 1413 3098 epicycli),

69 3115 137 3169 tunc
161 3107 193 3168 in
217 3106 325 3168 effectu
348 3113 450 3166 manet
473 3104 572 3166 orbita
594 3105 747 3182 planetae,
772 3123 861 3184 quam
885 3119 1015 3185 corpore·
1031 3104 1156 3173 transit,
1179 3104 1331 3183 perfectus
1354 3105 1415 3168 cir·

67 3196 150 3257 culus
179 3194 378 3257 eccentricus.
438 3195 483 3255 At
510 3193 737 3255 observationes
777 3200 943 3268 testantur,
984 3193 1015 3255 iu
1045 3192 1281 3274 longitudinibus
1309 3194 1415 3257 mediis

68 3285 208 3366 utrinque
231 3284 387 3364 planetam
410 3284 449 3343 ad
472 3283 570 3344 latera
592 3281 709 3362 ingredi
736 3282 856 3344 circiter
879 3279 944 3346 000
966 3281 1102 3363 partibus
1126 3281 1164 3343 de
1189 3278 1328 3346 152500.
1356 3283 1417 3345 ·Et

67 3372 152 3453 ipsae
176 3373 312 3436 rationes
333 3370 477 3452 physicae
501 3371 637 3446 suadent,
662 3370 786 3453 epicycli
809 3378 922 3432 motum
945 3388 1035 3452 snper
1056 3371 1177 3450 proprio
1201 3378 1303 3435 centro
1325 3373 1415 3453 plane

68 3462 260 3544 aequabilem
283 3460 399 3536 dicere,
422 3461 453 3522 id
477 3469 541 3532 est,
574 3460 681 3521 lineam
704 3460 768 3521 veri
802 3460 929 3541 apogaei
960 3459 1086 3542 epicycli
1119 3477 1210 3540 agere
1233 3479 1288 3540 per
1310 3468 1416 3523 centra

68 3550 252 3614 concentrici
275 3557 308 3611 et
330 3550 465 3631 epicycli.
512 3550 557 3611 At
580 3549 606 3609 si
629 3549 685 3611 hoc
709 3548 819 3624 facias,
849 3550 975 3629 planeta
1006 3548 1148 3610 deflectet
1170 3549 1209 3610 ab
1233 3549 1331 3612 orbita
1353 3549 1415 3612 cir·

67 3640 161 3703 colari
183 3659 240 3721 per
266 3635 360 3708 1300,
385 3638 488 3700 debuit
510 3637 671 3700 secundnm
694 3638 856 3701 observata
882 3646 999 3700 tautum
1021 3657 1076 3718 per
1098 3634 1172 3701 900.
1220 3635 1299 3708 Quin
1322 3639 1415 3701 etiam

65 3730 107 3791 uti
131 3729 163 3793 iu
188 3727 424 3808 longitudinibus
456 3726 563 3789 mediis
586 3734 618 3787 ει
641 3746 745 3789 versus
777 3727 952 3807 perigaeum
983 3725 1090 3788 nimius
1120 3733 1169 3788 est
1191 3725 1238 3789 hic
1260 3727 1414 3807 ingressus

66 3820 102 3880 ad
130 3819 252 3892 latera,
286 3816 332 3879 ita
360 3835 464 3878 versus
497 3834 662 3896 apogaeum
691 3835 749 3877 non
779 3817 856 3878 satis
886 3833 1013 3896 magnus
1045 3832 1113 3877 esse
1143 3815 1271 3879 videtur.
1326 3817 1413 3881 Unde

66 3908 187 3970 videtur
211 3906 305 3985 sequi,
330 3905 429 3986 ipsum
452 3905 615 3988 epicyolum
638 3925 696 3967 nou
720 3906 838 3967 omnino
866 3905 1052 3986 aequabilem
1076 3923 1162 3966 esse:
1194 3924 1288 3986 neque
1312 3914 1412 3968 tamen

65 3998 94 4059 in
116 4005 224 4059 motus
251 3994 467 4077 inaequalitate
499 4013 565 4057 curu
598 3995 787 4056 conceutrico
815 3995 991 4070 convenire,
1021 3992 1075 4056 sed
1098 3993 1205 4073 exiguo
1236 3994 1413 4058 velociorem

65 4086 139 4162 heri,
163 4086 292 4167 planeta
305 4091 368 4146 tam
383 4083 462 4146 circa
477 4102 642 4163 apogaeum
658 4083 852 4165 epicyclicum
866 4091 1017 4157 versante,
1040 4102 1129 4165 quarn
1143 4083 1223 4145 circa
1240 4083 1412 4164 perigaeum

65 4174 263 4265 epicyglicum
285 4173 331 4247 (id
354 4181 412 4248 est,
437 4173 546 4235 lineam
568 4173 632 4235 veri
651 4174 777 4253 apogaei
801 4172 954 4254 epicyclici
973 4172 1062 4252 paulo
1077 4171 1131 4233 sub
1156 4179 1258 4234 centro
1281 4192 1412 4236 concen-

65 4267 132 4328 trici
159 4282 230 4326 esse
251 4264 282 4326 in
305 4279 452 4342 apogaeo,
475 4281 566 4342 supra
589 4261 662 4324 illud
685 4262 715 4323 in
738 4262 915 4342 perigeeo):
944 4260 1022 4323 idem
1046 4260 1147 4343 Tycho
1170 4260 1273 4324 Lunae
1298 4262 1411 4337 tribuit,

65 4364 97 4415 ut
120 4354 166 4416 sit
187 4352 278 4415 velox
300 4351 409 4414 ceteris
432 4350 564 4431 paribus,
587 4358 650 4412 tam
674 4351 703 4412 in
728 4353 758 4427 ό
780 4369 868 4431 qnam
890 4351 922 4412 in
947 4352 984 4422 0⁰.

155 4442 341 4505 Tabularum
364 4441 512 4502 rationem
531 4440 597 4521 jam
620 4440 700 4503 inivi.
747 4440 853 4502 Habeo
877 4440 986 4501 Martis
1009 4437 1139 4512 tabulae,
1164 4436 1331 4518 exquibus
1354 4456 1411 4499 uno

66 4533 113 4594 die
138 4531 336 4612 ephemerida
357 4529 476 4592 coudcit
498 4530 626 4609 diligens
650 4530 774 4611 aliquis,
805 4547 929 4611 eamque
953 4528 1080 4592 addice
1104 4528 1196 4590 denos
1224 4526 1309 4588 unius
1332 4527 1413 4591 anni.

65 4622 131 4685 lt'ec
155 4623 233 4685 liunt
255 4619 378 4682 inutiles
400 4619 484 4680 novis
508 4617 754 4689 correctionibus,
777 4626 897 4698 praeter
919 4638 1009 4682 uuam
1031 4616 1260 4679 distantiamm:
1294 4624 1412 4678 ceterae

55 4720 140 4773 cunt
160 4709 330 4793 generales.
361 4707 573 4782 Parallactica,
597 4709 725 4790 quaein
749 4705 868 4787 Opticis
892 4715 949 4784 est,
973 4728 1033 4771 uua
1055 4706 1156 4767 salvat
1178 4722 1281 4767 omnes
1303 4704 1413 4767 latita-

68 4801 163 4876 dines,
187 4799 254 4863 siue
277 4798 341 4860 ulla
363 4799 593 4877 computatione,
617 4817 672 4878 ρει
693 4797 887 4860 nudissimum
911 4795 1141 4878 excerptionem.
1181 4794 1259 4856 Puto
1282 4813 1328 4855 me
1352 4794 1413 4856 ali-

68 4890 141 4971 quid
161 4895 378 4961 consecutum
411 4896 444 4949 et
469 4906 549 4949 com·
567 4886 715 4949 interdum
745 4887 782 4950 de
813 4886 985 4949 valetudiue
1012 4902 1124 4967 auger,
1157 4884 1313 4953 eonsilium
1335 4885 1421 4967 cepi,
