<?xml version="1.0" encoding="UTF-8"?>
<!DOCTYPE html PUBLIC "-//W3C//DTD XHTML 1.0 Transitional//EN"
    "http://www.w3.org/TR/xhtml1/DTD/xhtml1-transitional.dtd">
<html xmlns="http://www.w3.org/1999/xhtml" xml:lang="en" lang="en">
 <head>
  <title>
</title>
<meta http-equiv="Content-Type" content="text/html;charset=utf-8" />
  <meta name='ocr-system' content='tesseract 3.04.00' />
  <meta name='ocr-capabilities' content='ocr_page ocr_carea ocr_par ocr_line ocrx_word'/>
</head>
<body>
  <div class='ocr_page' id='page_1' title='image "./joanniskepleria05frisgoog/joanniskepleria05frisgoog_0047.png"; bbox 0 0 3368 5534; ppageno 0'>
   <div class='ocr_carea' id='block_1_1' title="bbox 441 322 1405 399">
    <p class='ocr_par' dir='ltr' id='par_1_1' title="bbox 441 322 1405 399">
     <span class='ocr_line' id='line_1_1' title="bbox 441 322 1405 399; baseline 0.005 -18"><span class='ocrx_word' id='word_1_1' title='bbox 441 323 473 381; x_wconf 81' lang='grc' dir='ltr'>ι</span> <span class='ocrx_word' id='word_1_2' title='bbox 491 325 680 384; x_wconf 69' lang='lat' dir='ltr'>aemam</span> <span class='ocrx_word' id='word_1_3' title='bbox 698 328 814 382; x_wconf 61' lang='lat' dir='ltr'>aare</span> <span class='ocrx_word' id='word_1_4' title='bbox 831 326 1033 385; x_wconf 65' lang='lat' dir='ltr'>aranea.</span> <span class='ocrx_word' id='word_1_5' title='bbox 1360 322 1405 399; x_wconf 71' lang='lat' dir='ltr'>sq</span> 
     </span>
    </p>
   </div>
   <div class='ocr_carea' id='block_1_2' title="bbox 51 504 1410 4422">
    <p class='ocr_par' dir='ltr' id='par_1_2' title="bbox 51 504 1410 4422">
     <span class='ocr_line' id='line_1_2' title="bbox 51 504 1403 589; baseline 0.003 -19"><span class='ocrx_word' id='word_1_6' title='bbox 51 504 290 582; x_wconf 67' lang='lat' dir='ltr'>eceentdcitate</span> <span class='ocrx_word' id='word_1_7' title='bbox 315 506 405 589; x_wconf 86' lang='lat' dir='ltr'>idque</span> <span class='ocrx_word' id='word_1_8' title='bbox 425 507 458 569; x_wconf 91' lang='lat' dir='ltr'>in</span> <span class='ocrx_word' id='word_1_9' title='bbox 481 506 682 589; x_wconf 75' lang='lat' dir='ltr'><strong>suspicionem</strong></span> <span class='ocrx_word' id='word_1_10' title='bbox 703 507 785 571; x_wconf 81' lang='lat' dir='ltr'>traxi</span> <span class='ocrx_word' id='word_1_11' title='bbox 808 508 962 573; x_wconf 77' lang='lat' dir='ltr'>salsitatis.</span> <span class='ocrx_word' id='word_1_12' title='bbox 1006 511 1052 574; x_wconf 86' lang='lat' dir='ltr'>At</span> <span class='ocrx_word' id='word_1_13' title='bbox 1079 526 1117 573; x_wconf 84' lang='lat' dir='ltr'>ex</span> <span class='ocrx_word' id='word_1_14' title='bbox 1146 509 1265 573; x_wconf 82' lang='lat' dir='ltr'>theoria</span> <span class='ocrx_word' id='word_1_15' title='bbox 1290 508 1403 575; x_wconf 83' lang='lat' dir='ltr'>Martia</span> 
     </span>
     <span class='ocr_line' id='line_1_3' title="bbox 51 590 1406 682; baseline 0.003 -23"><span class='ocrx_word' id='word_1_16' title='bbox 51 590 81 659; x_wconf 90' lang='lat' dir='ltr'>id</span> <span class='ocrx_word' id='word_1_17' title='bbox 102 596 349 659; x_wconf 84' lang='lat' dir='ltr'>luculentissime</span> <span class='ocrx_word' id='word_1_18' title='bbox 370 595 492 678; x_wconf 73' lang='grc' dir='ltr'>ριιιιιὶ</span> <span class='ocrx_word' id='word_1_19' title='bbox 512 603 632 678; x_wconf 88' lang='lat' dir='ltr'>potest,</span> <span class='ocrx_word' id='word_1_20' title='bbox 656 596 759 661; x_wconf 88' lang='lat' dir='ltr'>Solem</span> <span class='ocrx_word' id='word_1_21' title='bbox 782 599 846 673; x_wconf 81' lang='lat' dir='ltr'>(rel</span> <span class='ocrx_word' id='word_1_22' title='bbox 867 599 898 662; x_wconf 94' lang='lat' dir='ltr'>in</span> <span class='ocrx_word' id='word_1_23' title='bbox 914 597 1080 682; x_wconf 85' lang='lat' dir='ltr'>Copemico</span> <span class='ocrx_word' id='word_1_24' title='bbox 1094 599 1244 676; x_wconf 88' lang='lat' dir='ltr'>Terram),</span> <span class='ocrx_word' id='word_1_25' title='bbox 1267 618 1334 663; x_wconf 93' lang='lat' dir='ltr'>cum</span> <span class='ocrx_word' id='word_1_26' title='bbox 1357 608 1406 663; x_wconf 87' lang='lat' dir='ltr'>est</span> 
     </span>
     <span class='ocr_line' id='line_1_4' title="bbox 51 680 1405 792; baseline 0.001 -43"><span class='ocrx_word' id='word_1_27' title='bbox 51 686 261 769; x_wconf 87' lang='lat' dir='ltr'>iuapogaeo,</span> <span class='ocrx_word' id='word_1_28' title='bbox 290 704 350 748; x_wconf 92' lang='lat' dir='ltr'>non</span> <span class='ocrx_word' id='word_1_29' title='bbox 375 686 421 749; x_wconf 86' lang='lat' dir='ltr'>ite</span> <span class='ocrx_word' id='word_1_30' title='bbox 443 685 505 748; x_wconf 91' lang='lat' dir='ltr'>alte</span> <span class='ocrx_word' id='word_1_31' title='bbox 529 680 708 762; x_wconf 83' lang='lat' dir='ltr'>ascendere,</span> <span class='ocrx_word' id='word_1_32' title='bbox 739 687 785 748; x_wconf 94' lang='lat' dir='ltr'>uti</span> <span class='ocrx_word' id='word_1_33' title='bbox 806 686 939 751; x_wconf 85' lang='lat' dir='ltr'>maxima</span> <span class='ocrx_word' id='word_1_34' title='bbox 961 688 1027 769; x_wconf 87' lang='lat' dir='ltr'>eJ&#39;ns</span> <span class='ocrx_word' id='word_1_35' title='bbox 1049 689 1189 770; x_wconf 76' lang='grc' dir='ltr'>ιιιιιιίι</span> <span class='ocrx_word' id='word_1_36' title='bbox 1211 706 1267 792; x_wconf 87' lang='lat' dir='ltr'>per</span> <span class='ocrx_word' id='word_1_37' title='bbox 1290 704 1405 771; x_wconf 87' lang='lat' dir='ltr'>suppo-</span> 
     </span>
     <span class='ocr_line' id='line_1_5' title="bbox 53 772 1407 878; baseline 0.002 -41"><span class='ocrx_word' id='word_1_38' title='bbox 53 774 195 837; x_wconf 67' lang='lat' dir='ltr'>ationem</span> <span class='ocrx_word' id='word_1_39' title='bbox 219 774 371 878; x_wconf 77' lang='lat' dir='ltr'>simplicis</span> <span class='ocrx_word' id='word_1_40' title='bbox 390 772 625 838; x_wconf 83' lang='lat' dir='ltr'>eccentricitatls</span> <span class='ocrx_word' id='word_1_41' title='bbox 647 775 787 856; x_wconf 77' lang='lat' dir='ltr'>requirit,</span> <span class='ocrx_word' id='word_1_42' title='bbox 820 774 873 839; x_wconf 88' lang='lat' dir='ltr'>sed</span> <span class='ocrx_word' id='word_1_43' title='bbox 904 777 1030 840; x_wconf 86' lang='lat' dir='ltr'>delicere</span> <span class='ocrx_word' id='word_1_44' title='bbox 1052 784 1170 858; x_wconf 81' lang='lat' dir='ltr'>partem</span> <span class='ocrx_word' id='word_1_45' title='bbox 1197 777 1263 857; x_wconf 89' lang='lat' dir='ltr'>ejus</span> <span class='ocrx_word' id='word_1_46' title='bbox 1286 777 1407 840; x_wconf 83' lang='lat' dir='ltr'>circiter</span> 
     </span>
     <span class='ocr_line' id='line_1_6' title="bbox 52 862 1405 948; baseline 0.003 -23"><span class='ocrx_word' id='word_1_47' title='bbox 52 862 184 939; x_wconf 84' lang='lat' dir='ltr'>tertiam,</span> <span class='ocrx_word' id='word_1_48' title='bbox 208 882 265 946; x_wconf 90' lang='lat' dir='ltr'>per</span> <span class='ocrx_word' id='word_1_49' title='bbox 278 863 460 945; x_wconf 79' lang='lat' dir='ltr'>positionem</span> <span class='ocrx_word' id='word_1_50' title='bbox 474 863 632 945; x_wconf 84' lang='lat' dir='ltr'>aequantia</span> <span class='ocrx_word' id='word_1_51' title='bbox 648 863 834 927; x_wconf 84' lang='lat' dir='ltr'>salvandam</span> <span class='ocrx_word' id='word_1_52' title='bbox 871 865 1080 948; x_wconf 87' lang='lat' dir='ltr'>Aequationes</span> <span class='ocrx_word' id='word_1_53' title='bbox 1094 873 1196 929; x_wconf 86' lang='lat' dir='ltr'>tamen</span> <span class='ocrx_word' id='word_1_54' title='bbox 1211 866 1261 929; x_wconf 91' lang='lat' dir='ltr'>ubi</span> <span class='ocrx_word' id='word_1_55' title='bbox 1275 867 1405 930; x_wconf 71' lang='lat' dir='ltr'>mamma</span> 
     </span>
     <span class='ocr_line' id='line_1_7' title="bbox 54 942 1404 1037; baseline 0.004 -23"><span class='ocrx_word' id='word_1_56' title='bbox 54 952 233 1028; x_wconf 73' lang='lat' dir='ltr'>tinemut·</span> <span class='ocrx_word' id='word_1_57' title='bbox 223 972 256 1015; x_wconf 91' lang='lat' dir='ltr'>m</span> <span class='ocrx_word' id='word_1_58' title='bbox 269 953 420 1016; x_wconf 85' lang='lat' dir='ltr'>anomalia</span> <span class='ocrx_word' id='word_1_59' title='bbox 437 949 528 1028; x_wconf 79' lang='lat'>135⁰,</span> <span class='ocrx_word' id='word_1_60' title='bbox 529 950 683 1035; x_wconf 81' lang='lat' dir='ltr'>‘scrupulo</span> <span class='ocrx_word' id='word_1_61' title='bbox 696 972 755 1015; x_wconf 90' lang='grc' dir='ltr'>ιιι</span> <span class='ocrx_word' id='word_1_62' title='bbox 771 973 838 1016; x_wconf 88' lang='lat' dir='ltr'>cum</span> <span class='ocrx_word' id='word_1_63' title='bbox 852 962 940 1016; x_wconf 86' lang='lat' dir='ltr'>sexta</span> <span class='ocrx_word' id='word_1_64' title='bbox 955 963 1044 1037; x_wconf 89' lang='lat' dir='ltr'>parte</span> <span class='ocrx_word' id='word_1_65' title='bbox 1058 942 1209 1032; x_wconf 76' lang='lat' dir='ltr'>differant,</span> <span class='ocrx_word' id='word_1_66' title='bbox 1224 954 1300 1019; x_wconf 87' lang='lat' dir='ltr'>nihil</span> <span class='ocrx_word' id='word_1_67' title='bbox 1309 956 1404 1019; x_wconf 85' lang='lat' dir='ltr'>hltr&#39;a.</span> 
     </span>
     <span class='ocr_line' id='line_1_8' title="bbox 139 1041 1407 1126; baseline 0.003 -21"><span class='ocrx_word' id='word_1_68' title='bbox 139 1042 292 1105; x_wconf 83' lang='lat' dir='ltr'>Eodem</span> <span class='ocrx_word' id='word_1_69' title='bbox 282 1060 314 1121; x_wconf 81' lang='grc' dir='ltr'>ιι</span> <span class='ocrx_word' id='word_1_70' title='bbox 328 1043 427 1123; x_wconf 86' lang='grc' dir='ltr'>ιιρὶιι</span> <span class='ocrx_word' id='word_1_71' title='bbox 441 1061 550 1104; x_wconf 89' lang='lat' dir='ltr'>moneo</span> <span class='ocrx_word' id='word_1_72' title='bbox 573 1042 610 1103; x_wconf 91' lang='lat' dir='ltr'>de</span> <span class='ocrx_word' id='word_1_73' title='bbox 628 1041 773 1124; x_wconf 83' lang='lat' dir='ltr'>peculiari</span> <span class='ocrx_word' id='word_1_74' title='bbox 792 1042 1007 1126; x_wconf 68' lang='lat' dir='ltr'>inaequalitate</span> <span class='ocrx_word' id='word_1_75' title='bbox 1035 1044 1255 1107; x_wconf 80' lang='lat' dir='ltr'>revolutionum</span> <span class='ocrx_word' id='word_1_76' title='bbox 1277 1044 1407 1109; x_wconf 85' lang='lat' dir='ltr'>Veneris</span> 
     </span>
     <span class='ocr_line' id='line_1_9' title="bbox 57 1129 1406 1216; baseline 0.004 -24"><span class='ocrx_word' id='word_1_77' title='bbox 57 1138 85 1192; x_wconf 84' lang='lat' dir='ltr'>et</span> <span class='ocrx_word' id='word_1_78' title='bbox 104 1129 268 1207; x_wconf 88' lang='lat' dir='ltr'>Mercurii,</span> <span class='ocrx_word' id='word_1_79' title='bbox 298 1133 377 1214; x_wconf 92' lang='lat' dir='ltr'>quod</span> <span class='ocrx_word' id='word_1_80' title='bbox 401 1130 586 1213; x_wconf 81' lang='lat' dir='ltr'>Oopemicus</span> <span class='ocrx_word' id='word_1_81' title='bbox 609 1131 652 1193; x_wconf 92' lang='lat' dir='ltr'>ait</span> <span class='ocrx_word' id='word_1_82' title='bbox 683 1138 787 1195; x_wconf 90' lang='lat' dir='ltr'>centra</span> <span class='ocrx_word' id='word_1_83' title='bbox 809 1140 1013 1196; x_wconf 88' lang='lat' dir='ltr'>ecceutrorum</span> <span class='ocrx_word' id='word_1_84' title='bbox 1035 1133 1182 1198; x_wconf 86' lang='lat' dir='ltr'>revolvi</span> <span class='ocrx_word' id='word_1_85' title='bbox 1174 1154 1204 1197; x_wconf 92' lang='grc' dir='ltr'>ιι</span> <span class='ocrx_word' id='word_1_86' title='bbox 1225 1153 1321 1216; x_wconf 87' lang='grc' dir='ltr'>ριιιι</span> <span class='ocrx_word' id='word_1_87' title='bbox 1344 1134 1406 1197; x_wconf 88' lang='lat' dir='ltr'>cir-</span> 
     </span>
     <span class='ocr_line' id='line_1_10' title="bbox 57 1219 1405 1305; baseline 0.004 -24"><span class='ocrx_word' id='word_1_88' title='bbox 57 1220 141 1295; x_wconf 86' lang='lat' dir='ltr'>cellu,</span> <span class='ocrx_word' id='word_1_89' title='bbox 163 1221 289 1302; x_wconf 81' lang='lat' dir='ltr'>fierique</span> <span class='ocrx_word' id='word_1_90' title='bbox 313 1228 447 1283; x_wconf 90' lang='lat' dir='ltr'>centrum</span> <span class='ocrx_word' id='word_1_91' title='bbox 470 1219 630 1283; x_wconf 85' lang='lat' dir='ltr'>eccentrici</span> <span class='ocrx_word' id='word_1_92' title='bbox 648 1221 788 1296; x_wconf 90' lang='lat' dir='ltr'>Veneris,</span> <span class='ocrx_word' id='word_1_93' title='bbox 812 1241 878 1284; x_wconf 88' lang='lat' dir='ltr'>cum</span> <span class='ocrx_word' id='word_1_94' title='bbox 900 1222 932 1284; x_wconf 91' lang='lat' dir='ltr'>in</span> <span class='ocrx_word' id='word_1_95' title='bbox 955 1240 1089 1304; x_wconf 87' lang='lat' dir='ltr'>apogaeo</span> <span class='ocrx_word' id='word_1_96' title='bbox 1112 1223 1162 1285; x_wconf 87' lang='lat' dir='ltr'>vel</span> <span class='ocrx_word' id='word_1_97' title='bbox 1183 1223 1324 1305; x_wconf 87' lang='lat' dir='ltr'>perigaeo</span> <span class='ocrx_word' id='word_1_98' title='bbox 1348 1222 1405 1301; x_wconf 82' lang='lat' dir='ltr'>est,¹</span> 
     </span>
     <span class='ocr_line' id='line_1_11' title="bbox 57 1308 1406 1391; baseline 0.005 -21"><span class='ocrx_word' id='word_1_99' title='bbox 57 1315 157 1372; x_wconf 82' lang='grc' dir='ltr'>ιιιιιο</span> <span class='ocrx_word' id='word_1_100' title='bbox 179 1308 264 1372; x_wconf 86' lang='lat' dir='ltr'>orbis</span> <span class='ocrx_word' id='word_1_101' title='bbox 286 1308 376 1372; x_wconf 86' lang='lat' dir='ltr'>annui</span> <span class='ocrx_word' id='word_1_102' title='bbox 398 1309 532 1391; x_wconf 86' lang='lat' dir='ltr'>propius,</span> <span class='ocrx_word' id='word_1_103' title='bbox 555 1328 622 1371; x_wconf 90' lang='lat' dir='ltr'>cum</span> <span class='ocrx_word' id='word_1_104' title='bbox 635 1309 666 1370; x_wconf 92' lang='lat' dir='ltr'>in</span> <span class='ocrx_word' id='word_1_105' title='bbox 690 1309 766 1371; x_wconf 92' lang='lat' dir='ltr'>locis</span> <span class='ocrx_word' id='word_1_106' title='bbox 786 1310 972 1374; x_wconf 85' lang='lat' dir='ltr'>intermediis</span> <span class='ocrx_word' id='word_1_107' title='bbox 993 1319 1051 1388; x_wconf 87' lang='lat' dir='ltr'>est,</span> <span class='ocrx_word' id='word_1_108' title='bbox 1074 1312 1229 1389; x_wconf 89' lang='lat' dir='ltr'>remotius,</span> <span class='ocrx_word' id='word_1_109' title='bbox 1253 1321 1285 1375; x_wconf 92' lang='lat' dir='ltr'>et</span> <span class='ocrx_word' id='word_1_110' title='bbox 1297 1331 1406 1377; x_wconf 88' lang='lat' dir='ltr'>eccen-</span> 
     </span>
     <span class='ocr_line' id='line_1_12' title="bbox 57 1397 1407 1483; baseline 0.004 -24"><span class='ocrx_word' id='word_1_111' title='bbox 57 1398 220 1460; x_wconf 77' lang='lat' dir='ltr'>trisitatem</span> <span class='ocrx_word' id='word_1_112' title='bbox 240 1398 402 1479; x_wconf 69' lang='lat' dir='ltr'>majorem</span> <span class='ocrx_word' id='word_1_113' title='bbox 434 1407 539 1461; x_wconf 86' lang='lat' dir='ltr'>contra</span> <span class='ocrx_word' id='word_1_114' title='bbox 561 1397 704 1461; x_wconf 89' lang='lat' dir='ltr'>Mercurii</span> <span class='ocrx_word' id='word_1_115' title='bbox 727 1399 758 1460; x_wconf 91' lang='lat' dir='ltr'>in</span> <span class='ocrx_word' id='word_1_116' title='bbox 781 1410 914 1481; x_wconf 86' lang='lat' dir='ltr'>apogaeo</span> <span class='ocrx_word' id='word_1_117' title='bbox 944 1407 976 1463; x_wconf 87' lang='lat' dir='ltr'>et</span> <span class='ocrx_word' id='word_1_118' title='bbox 1002 1401 1146 1483; x_wconf 79' lang='lat' dir='ltr'>opposito·</span> <span class='ocrx_word' id='word_1_119' title='bbox 1159 1401 1232 1464; x_wconf 86' lang='lat' dir='ltr'>loco</span> <span class='ocrx_word' id='word_1_120' title='bbox 1254 1402 1407 1464; x_wconf 89' lang='lat' dir='ltr'>eccentri-</span> 
     </span>
     <span class='ocr_line' id='line_1_13' title="bbox 60 1486 1407 1574; baseline 0.004 -26"><span class='ocrx_word' id='word_1_121' title='bbox 60 1487 181 1550; x_wconf 81' lang='lat' dir='ltr'>citatem</span> <span class='ocrx_word' id='word_1_122' title='bbox 195 1505 265 1550; x_wconf 88' lang='lat' dir='ltr'>esse</span> <span class='ocrx_word' id='word_1_123' title='bbox 277 1489 433 1569; x_wconf 87' lang='lat' dir='ltr'>majorem,</span> <span class='ocrx_word' id='word_1_124' title='bbox 448 1486 478 1549; x_wconf 92' lang='lat' dir='ltr'>in</span> <span class='ocrx_word' id='word_1_125' title='bbox 493 1486 710 1569; x_wconf 74' lang='lat' dir='ltr'>quadrantibus</span> <span class='ocrx_word' id='word_1_126' title='bbox 724 1488 878 1551; x_wconf 89' lang='lat' dir='ltr'>minorem.</span> <span class='ocrx_word' id='word_1_127' title='bbox 910 1489 986 1566; x_wconf 87' lang='lat' dir='ltr'>Has,</span> <span class='ocrx_word' id='word_1_128' title='bbox 1002 1490 1133 1573; x_wconf 87' lang='lat' dir='ltr'>inquam,</span> <span class='ocrx_word' id='word_1_129' title='bbox 1149 1500 1245 1553; x_wconf 84' lang='lat' dir='ltr'>novas·</span> <span class='ocrx_word' id='word_1_130' title='bbox 1260 1492 1407 1574; x_wconf 87' lang='lat' dir='ltr'>inaequa-</span> 
     </span>
     <span class='ocr_line' id='line_1_14' title="bbox 61 1576 1408 1662; baseline 0.004 -25"><span class='ocrx_word' id='word_1_131' title='bbox 61 1576 160 1639; x_wconf 81' lang='lat' dir='ltr'>litates</span> <span class='ocrx_word' id='word_1_132' title='bbox 181 1595 243 1638; x_wconf 88' lang='lat' dir='ltr'>non</span> <span class='ocrx_word' id='word_1_133' title='bbox 266 1577 393 1640; x_wconf 87' lang='lat' dir='ltr'>obscure</span> <span class='ocrx_word' id='word_1_134' title='bbox 415 1576 446 1638; x_wconf 92' lang='lat' dir='ltr'>in</span> <span class='ocrx_word' id='word_1_135' title='bbox 471 1576 592 1638; x_wconf 86' lang='lat' dir='ltr'>dubium</span> <span class='ocrx_word' id='word_1_136' title='bbox 613 1576 730 1638; x_wconf 80' lang='lat' dir='ltr'>vocavi</span> <span class='ocrx_word' id='word_1_137' title='bbox 771 1576 808 1640; x_wconf 91' lang='lat' dir='ltr'>Id</span> <span class='ocrx_word' id='word_1_138' title='bbox 831 1584 931 1640; x_wconf 85' lang='grc' dir='ltr'>ιιιιιι</span> <span class='ocrx_word' id='word_1_139' title='bbox 953 1580 1041 1662; x_wconf 90' lang='lat' dir='ltr'>quale</span> <span class='ocrx_word' id='word_1_140' title='bbox 1066 1580 1107 1642; x_wconf 90' lang='lat' dir='ltr'>sit</span> <span class='ocrx_word' id='word_1_141' title='bbox 1129 1586 1161 1641; x_wconf 90' lang='lat' dir='ltr'>et</span> <span class='ocrx_word' id='word_1_142' title='bbox 1181 1579 1260 1642; x_wconf 91' lang='lat' dir='ltr'>unde</span> <span class='ocrx_word' id='word_1_143' title='bbox 1282 1581 1340 1642; x_wconf 88' lang='lat' dir='ltr'>hae</span> <span class='ocrx_word' id='word_1_144' title='bbox 1358 1581 1408 1643; x_wconf 93' lang='lat' dir='ltr'>in-</span> 
     </span>
     <span class='ocr_line' id='line_1_15' title="bbox 59 1664 1409 1773; baseline 0.004 -46"><span class='ocrx_word' id='word_1_145' title='bbox 59 1664 259 1747; x_wconf 71' lang='lat' dir='ltr'>aequalitates</span> <span class='ocrx_word' id='word_1_146' title='bbox 281 1665 505 1728; x_wconf 79' lang='lat' dir='ltr'>inferioribus</span> <span class='ocrx_word' id='word_1_147' title='bbox 496 1683 596 1727; x_wconf 91' lang='lat' dir='ltr'>messe</span> <span class='ocrx_word' id='word_1_148' title='bbox 618 1665 787 1742; x_wconf 87' lang='lat' dir='ltr'>videantur,</span> <span class='ocrx_word' id='word_1_149' title='bbox 809 1664 898 1728; x_wconf 90' lang='lat' dir='ltr'>hoc</span> <span class='ocrx_word' id='word_1_150' title='bbox 889 1685 956 1748; x_wconf 91' lang='lat' dir='ltr'>rpso</span> <span class='ocrx_word' id='word_1_151' title='bbox 971 1676 1105 1748; x_wconf 89' lang='lat' dir='ltr'>tempore</span> <span class='ocrx_word' id='word_1_152' title='bbox 1125 1668 1327 1773; x_wconf 78' lang='lat' dir='ltr'>deprehendo,</span> <span class='ocrx_word' id='word_1_153' title='bbox 1349 1688 1409 1750; x_wconf 90' lang='lat' dir='ltr'>quo</span> 
     </span>
     <span class='ocr_line' id='line_1_16' title="bbox 59 1752 1406 1841; baseline 0.004 -26"><span class='ocrx_word' id='word_1_154' title='bbox 59 1755 154 1834; x_wconf 76' lang='lat' dir='ltr'>Praga</span> <span class='ocrx_word' id='word_1_155' title='bbox 168 1754 300 1817; x_wconf 82' lang='lat' dir='ltr'>absum</span> <span class='ocrx_word' id='word_1_156' title='bbox 290 1775 322 1816; x_wconf 93' lang='grc' dir='ltr'>ιι</span> <span class='ocrx_word' id='word_1_157' title='bbox 338 1754 440 1837; x_wconf 85' lang='lat' dir='ltr'>Styria</span> <span class='ocrx_word' id='word_1_158' title='bbox 461 1752 661 1817; x_wconf 87' lang='lat' dir='ltr'>haereditatis</span> <span class='ocrx_word' id='word_1_159' title='bbox 684 1774 776 1816; x_wconf 88' lang='lat' dir='ltr'>causa</span> <span class='ocrx_word' id='word_1_160' title='bbox 798 1759 888 1828; x_wconf 76' lang='lat' dir='ltr'>(comp</span> <span class='ocrx_word' id='word_1_161' title='bbox 901 1763 958 1815; x_wconf 82' lang='lat' dir='ltr'>Vol.</span> <span class='ocrx_word' id='word_1_162' title='bbox 971 1764 993 1824; x_wconf 85' lang='lat'>1,</span> <span class='ocrx_word' id='word_1_163' title='bbox 1004 1781 1028 1830; x_wconf 83' lang='lat' dir='ltr'>p.</span> <span class='ocrx_word' id='word_1_164' title='bbox 1043 1762 1126 1832; x_wconf 66' lang='lat' dir='ltr'>teth</span> <span class='ocrx_word' id='word_1_165' title='bbox 1149 1757 1208 1820; x_wconf 86' lang='lat' dir='ltr'>nisr</span> <span class='ocrx_word' id='word_1_166' title='bbox 1200 1758 1304 1841; x_wconf 91' lang='lat' dir='ltr'>quod</span> <span class='ocrx_word' id='word_1_167' title='bbox 1319 1758 1406 1821; x_wconf 91' lang='lat' dir='ltr'>libris</span> 
     </span>
     <span class='ocr_line' id='line_1_17' title="bbox 59 1840 1406 1925; baseline 0.003 -20"><span class='ocrx_word' id='word_1_168' title='bbox 59 1840 219 1906; x_wconf 87' lang='lat' dir='ltr'>destitutus</span> <span class='ocrx_word' id='word_1_169' title='bbox 243 1862 383 1906; x_wconf 89' lang='lat' dir='ltr'>numeros</span> <span class='ocrx_word' id='word_1_170' title='bbox 412 1841 564 1925; x_wconf 88' lang='lat' dir='ltr'>applicare</span> <span class='ocrx_word' id='word_1_171' title='bbox 591 1862 715 1925; x_wconf 90' lang='lat' dir='ltr'>nequeo.</span> <span class='ocrx_word' id='word_1_172' title='bbox 761 1845 808 1907; x_wconf 91' lang='lat' dir='ltr'>Tu</span> <span class='ocrx_word' id='word_1_173' title='bbox 838 1862 910 1907; x_wconf 82' lang='lat' dir='ltr'>vero</span> <span class='ocrx_word' id='word_1_174' title='bbox 943 1845 969 1908; x_wconf 88' lang='lat' dir='ltr'>si</span> <span class='ocrx_word' id='word_1_175' title='bbox 997 1846 1119 1909; x_wconf 90' lang='lat' dir='ltr'>schema</span> <span class='ocrx_word' id='word_1_176' title='bbox 1142 1847 1250 1910; x_wconf 86' lang='lat' dir='ltr'>feceris</span> <span class='ocrx_word' id='word_1_177' title='bbox 1273 1847 1344 1909; x_wconf 90' lang='lat' dir='ltr'>ad</span> <span class='ocrx_word' id='word_1_178' title='bbox 1335 1846 1406 1909; x_wconf 85' lang='lat' dir='ltr'>rmi-</span> 
     </span>
     <span class='ocr_line' id='line_1_18' title="bbox 57 1931 1408 2015; baseline 0.002 -20"><span class='ocrx_word' id='word_1_179' title='bbox 57 1932 202 1995; x_wconf 84' lang='lat' dir='ltr'>tationeu&#39;r</span> <span class='ocrx_word' id='word_1_180' title='bbox 217 1931 388 2015; x_wconf 77' lang='lat' dir='ltr'>copemici,</span> <span class='ocrx_word' id='word_1_181' title='bbox 410 1940 443 1994; x_wconf 90' lang='lat' dir='ltr'>et</span> <span class='ocrx_word' id='word_1_182' title='bbox 459 1950 597 2013; x_wconf 85' lang='lat' dir='ltr'>apogaea</span> <span class='ocrx_word' id='word_1_183' title='bbox 611 1931 703 2008; x_wconf 88' lang='lat' dir='ltr'>Solis,</span> <span class='ocrx_word' id='word_1_184' title='bbox 727 1932 857 1995; x_wconf 89' lang='lat' dir='ltr'>Veneris</span> <span class='ocrx_word' id='word_1_185' title='bbox 872 1941 904 1994; x_wconf 90' lang='lat' dir='ltr'>et</span> <span class='ocrx_word' id='word_1_186' title='bbox 918 1934 1061 1997; x_wconf 86' lang='lat' dir='ltr'>Mercurii</span> <span class='ocrx_word' id='word_1_187' title='bbox 1079 1935 1276 2010; x_wconf 78' lang='lat' dir='ltr'>ordinaveris,</span> <span class='ocrx_word' id='word_1_188' title='bbox 1301 1934 1408 1998; x_wconf 87' lang='lat' dir='ltr'>simul-</span> 
     </span>
     <span class='ocr_line' id='line_1_19' title="bbox 58 2021 1407 2105; baseline 0.003 -22"><span class='ocrx_word' id='word_1_189' title='bbox 58 2040 110 2105; x_wconf 88' lang='lat' dir='ltr'>qne</span> <span class='ocrx_word' id='word_1_190' title='bbox 132 2022 211 2083; x_wconf 86' lang='lat' dir='ltr'>dnos</span> <span class='ocrx_word' id='word_1_191' title='bbox 233 2040 289 2103; x_wconf 90' lang='lat' dir='ltr'>pro</span> <span class='ocrx_word' id='word_1_192' title='bbox 314 2024 408 2085; x_wconf 85' lang='lat' dir='ltr'>Terra</span> <span class='ocrx_word' id='word_1_193' title='bbox 429 2022 558 2084; x_wconf 80' lang='lat' dir='ltr'>chonias</span> <span class='ocrx_word' id='word_1_194' title='bbox 581 2023 715 2097; x_wconf 83' lang='lat' dir='ltr'>duxeris,</span> <span class='ocrx_word' id='word_1_195' title='bbox 737 2021 866 2084; x_wconf 87' lang='lat' dir='ltr'>alterum</span> <span class='ocrx_word' id='word_1_196' title='bbox 888 2042 942 2103; x_wconf 91' lang='lat' dir='ltr'>pro</span> <span class='ocrx_word' id='word_1_197' title='bbox 965 2023 1016 2084; x_wconf 89' lang='lat' dir='ltr'>via</span> <span class='ocrx_word' id='word_1_198' title='bbox 1034 2025 1146 2086; x_wconf 85' lang='lat' dir='ltr'>Terrae</span> <span class='ocrx_word' id='word_1_199' title='bbox 1168 2024 1314 2088; x_wconf 88' lang='lat' dir='ltr'>hactenus</span> <span class='ocrx_word' id='word_1_200' title='bbox 1337 2044 1407 2087; x_wconf 90' lang='lat' dir='ltr'>cre-</span> 
     </span>
     <span class='ocr_line' id='line_1_20' title="bbox 57 2107 1409 2195; baseline 0.001 -20"><span class='ocrx_word' id='word_1_201' title='bbox 57 2112 132 2188; x_wconf 86' lang='lat' dir='ltr'>dita,</span> <span class='ocrx_word' id='word_1_202' title='bbox 159 2110 291 2173; x_wconf 85' lang='lat' dir='ltr'>alterurn</span> <span class='ocrx_word' id='word_1_203' title='bbox 320 2130 359 2173; x_wconf 85' lang='lat' dir='ltr'>ex</span> <span class='ocrx_word' id='word_1_204' title='bbox 381 2111 447 2174; x_wconf 86' lang='lat' dir='ltr'>Soli</span> <span class='ocrx_word' id='word_1_205' title='bbox 473 2111 612 2193; x_wconf 87' lang='lat' dir='ltr'>propiore</span> <span class='ocrx_word' id='word_1_206' title='bbox 636 2117 740 2173; x_wconf 88' lang='lat' dir='ltr'>centro</span> <span class='ocrx_word' id='word_1_207' title='bbox 762 2130 817 2193; x_wconf 91' lang='lat' dir='ltr'>pro</span> <span class='ocrx_word' id='word_1_208' title='bbox 840 2110 890 2172; x_wconf 83' lang='lat' dir='ltr'>via</span> <span class='ocrx_word' id='word_1_209' title='bbox 913 2114 1025 2175; x_wconf 85' lang='lat' dir='ltr'>Terrae</span> <span class='ocrx_word' id='word_1_210' title='bbox 1046 2113 1222 2189; x_wconf 87' lang='lat' dir='ltr'>verissima,</span> <span class='ocrx_word' id='word_1_211' title='bbox 1255 2114 1303 2176; x_wconf 89' lang='lat' dir='ltr'>cui</span> <span class='ocrx_word' id='word_1_212' title='bbox 1325 2107 1409 2195; x_wconf 84' lang='lat' dir='ltr'>prior</span> 
     </span>
     <span class='ocr_line' id='line_1_21' title="bbox 57 2199 1409 2282; baseline 0.001 -19"><span class='ocrx_word' id='word_1_213' title='bbox 57 2200 104 2263; x_wconf 88' lang='lat' dir='ltr'>ille</span> <span class='ocrx_word' id='word_1_214' title='bbox 127 2202 198 2264; x_wconf 92' lang='lat' dir='ltr'>loco</span> <span class='ocrx_word' id='word_1_215' title='bbox 219 2199 379 2282; x_wconf 75' lang='lat' dir='ltr'>aequantia</span> <span class='ocrx_word' id='word_1_216' title='bbox 401 2200 579 2263; x_wconf 87' lang='lat' dir='ltr'>Ptolemaici</span> <span class='ocrx_word' id='word_1_217' title='bbox 603 2201 749 2263; x_wconf 83' lang='lat' dir='ltr'>inserviat</span> <span class='ocrx_word' id='word_1_218' title='bbox 780 2202 866 2273; x_wconf 88' lang='lat' dir='ltr'>(uam</span> <span class='ocrx_word' id='word_1_219' title='bbox 896 2201 1095 2281; x_wconf 83' lang='lat' dir='ltr'>universalem</span> <span class='ocrx_word' id='word_1_220' title='bbox 1126 2202 1309 2265; x_wconf 86' lang='lat' dir='ltr'>theoriamm</span> <span class='ocrx_word' id='word_1_221' title='bbox 1342 2202 1409 2265; x_wconf 89' lang='lat' dir='ltr'>sive</span> 
     </span>
     <span class='ocr_line' id='line_1_22' title="bbox 58 2288 1409 2372; baseline 0.001 -19"><span class='ocrx_word' id='word_1_222' title='bbox 58 2291 233 2353; x_wconf 75' lang='lat' dir='ltr'>chculorum</span> <span class='ocrx_word' id='word_1_223' title='bbox 255 2288 490 2370; x_wconf 82' lang='lat' dir='ltr'>planetariorum</span> <span class='ocrx_word' id='word_1_224' title='bbox 513 2288 731 2359; x_wconf 77' lang='lat' dir='ltr'>ordinationem</span> <span class='ocrx_word' id='word_1_225' title='bbox 754 2289 834 2351; x_wconf 84' lang='lat' dir='ltr'>facio</span> <span class='ocrx_word' id='word_1_226' title='bbox 857 2290 896 2351; x_wconf 92' lang='lat' dir='ltr'>ad</span> <span class='ocrx_word' id='word_1_227' title='bbox 918 2290 1118 2353; x_wconf 85' lang='lat' dir='ltr'>imitationem</span> <span class='ocrx_word' id='word_1_228' title='bbox 1142 2291 1300 2372; x_wconf 85' lang='lat' dir='ltr'>Oopemici</span> <span class='ocrx_word' id='word_1_229' title='bbox 1328 2291 1409 2354; x_wconf 86' lang='lat' dir='ltr'>eirca</span> 
     </span>
     <span class='ocr_line' id='line_1_23' title="bbox 57 2378 1407 2460; baseline 0.001 -18"><span class='ocrx_word' id='word_1_230' title='bbox 57 2379 158 2443; x_wconf 87' lang='lat' dir='ltr'>Solem</span> <span class='ocrx_word' id='word_1_231' title='bbox 189 2379 388 2454; x_wconf 74' lang='lat' dir='ltr'>immobilem,</span> <span class='ocrx_word' id='word_1_232' title='bbox 419 2378 645 2460; x_wconf 84' lang='lat' dir='ltr'>particulariter</span> <span class='ocrx_word' id='word_1_233' title='bbox 676 2396 748 2440; x_wconf 87' lang='lat' dir='ltr'>vero</span> <span class='ocrx_word' id='word_1_234' title='bbox 763 2378 912 2441; x_wconf 82' lang='lat' dir='ltr'>¹theorias</span> <span class='ocrx_word' id='word_1_235' title='bbox 940 2379 1076 2459; x_wconf 88' lang='lat' dir='ltr'>singulas</span> <span class='ocrx_word' id='word_1_236' title='bbox 1103 2399 1187 2443; x_wconf 91' lang='lat' dir='ltr'>more</span> <span class='ocrx_word' id='word_1_237' title='bbox 1209 2381 1407 2457; x_wconf 89' lang='lat' dir='ltr'>Ptolemaico,</span> 
     </span>
     <span class='ocr_line' id='line_1_24' title="bbox 56 2467 1410 2552; baseline 0.001 -21"><span class='ocrx_word' id='word_1_238' title='bbox 56 2488 119 2531; x_wconf 91' lang='lat' dir='ltr'>cum</span> <span class='ocrx_word' id='word_1_239' title='bbox 134 2467 362 2550; x_wconf 84' lang='lat' dir='ltr'>aequipolleant</span> <span class='ocrx_word' id='word_1_240' title='bbox 374 2467 567 2550; x_wconf 80' lang='lat' dir='ltr'>hypotheses,</span> <span class='ocrx_word' id='word_1_241' title='bbox 592 2467 779 2542; x_wconf 90' lang='lat' dir='ltr'>administro,</span> <span class='ocrx_word' id='word_1_242' title='bbox 801 2469 867 2530; x_wconf 88' lang='lat' dir='ltr'>solo</span> <span class='ocrx_word' id='word_1_243' title='bbox 882 2468 1016 2550; x_wconf 88' lang='lat' dir='ltr'>epicyclo</span> <span class='ocrx_word' id='word_1_244' title='bbox 1036 2477 1171 2550; x_wconf 87' lang='lat' dir='ltr'>excepto,</span> <span class='ocrx_word' id='word_1_245' title='bbox 1196 2470 1246 2552; x_wconf 91' lang='lat' dir='ltr'>qui</span> <span class='ocrx_word' id='word_1_246' title='bbox 1258 2470 1410 2533; x_wconf 89' lang='lat' dir='ltr'>tollitura</span> 
     </span>
     <span class='ocr_line' id='line_1_25' title="bbox 56 2555 1408 2640; baseline 0.001 -19"><span class='ocrx_word' id='word_1_247' title='bbox 56 2558 222 2621; x_wconf 83' lang='lat' dir='ltr'>mobilitate</span> <span class='ocrx_word' id='word_1_248' title='bbox 246 2559 391 2633; x_wconf 88' lang='lat' dir='ltr'>Terrae);</span> <span class='ocrx_word' id='word_1_249' title='bbox 414 2557 503 2632; x_wconf 87' lang='lat' dir='ltr'>haec,</span> <span class='ocrx_word' id='word_1_250' title='bbox 527 2555 661 2639; x_wconf 90' lang='lat' dir='ltr'>iuquam,</span> <span class='ocrx_word' id='word_1_251' title='bbox 694 2556 722 2618; x_wconf 90' lang='lat' dir='ltr'>si</span> <span class='ocrx_word' id='word_1_252' title='bbox 744 2556 790 2618; x_wconf 91' lang='lat' dir='ltr'>ita</span> <span class='ocrx_word' id='word_1_253' title='bbox 812 2557 1012 2638; x_wconf 85' lang='lat' dir='ltr'>disposueris,</span> <span class='ocrx_word' id='word_1_254' title='bbox 1044 2558 1133 2623; x_wconf 80' lang='lat' dir='ltr'>facile</span> <span class='ocrx_word' id='word_1_255' title='bbox 1160 2559 1216 2621; x_wconf 90' lang='lat' dir='ltr'>tibi</span> <span class='ocrx_word' id='word_1_256' title='bbox 1240 2560 1408 2640; x_wconf 87' lang='lat' dir='ltr'>apparebit,</span> 
     </span>
     <span class='ocr_line' id='line_1_26' title="bbox 56 2646 1409 2730; baseline 0.001 -20"><span class='ocrx_word' id='word_1_257' title='bbox 56 2648 109 2710; x_wconf 82' lang='lat' dir='ltr'>has</span> <span class='ocrx_word' id='word_1_258' title='bbox 133 2646 329 2709; x_wconf 77' lang='lat' dir='ltr'>anstimatas</span> <span class='ocrx_word' id='word_1_259' title='bbox 351 2646 584 2728; x_wconf 86' lang='lat' dir='ltr'>inaequalitates</span> <span class='ocrx_word' id='word_1_260' title='bbox 606 2646 779 2709; x_wconf 79' lang='lat' dir='ltr'>inferiorum</span> <span class='ocrx_word' id='word_1_261' title='bbox 801 2647 876 2708; x_wconf 92' lang='lat' dir='ltr'>nihil</span> <span class='ocrx_word' id='word_1_262' title='bbox 898 2647 980 2708; x_wconf 90' lang='lat' dir='ltr'>aliud</span> <span class='ocrx_word' id='word_1_263' title='bbox 1004 2666 1090 2722; x_wconf 89' lang='lat' dir='ltr'>esse,</span> <span class='ocrx_word' id='word_1_264' title='bbox 1114 2668 1202 2729; x_wconf 93' lang='lat' dir='ltr'>quam</span> <span class='ocrx_word' id='word_1_265' title='bbox 1237 2649 1409 2730; x_wconf 85' lang='lat' dir='ltr'>parallaxin</span> 
     </span>
     <span class='ocr_line' id='line_1_27' title="bbox 56 2734 1408 2815; baseline 0.001 -16"><span class='ocrx_word' id='word_1_266' title='bbox 56 2757 91 2799; x_wconf 81' lang='lat' dir='ltr'>eu</span> <span class='ocrx_word' id='word_1_267' title='bbox 103 2744 201 2811; x_wconf 90' lang='lat' dir='ltr'>motu,</span> <span class='ocrx_word' id='word_1_268' title='bbox 224 2734 273 2797; x_wconf 86' lang='lat' dir='ltr'>vel</span> <span class='ocrx_word' id='word_1_269' title='bbox 293 2752 418 2798; x_wconf 88' lang='lat' dir='ltr'>accessu</span> <span class='ocrx_word' id='word_1_270' title='bbox 440 2742 472 2796; x_wconf 88' lang='lat' dir='ltr'>et</span> <span class='ocrx_word' id='word_1_271' title='bbox 484 2752 607 2797; x_wconf 87' lang='lat' dir='ltr'>recessu</span> <span class='ocrx_word' id='word_1_272' title='bbox 620 2736 733 2798; x_wconf 86' lang='lat' dir='ltr'>Terrae</span> <span class='ocrx_word' id='word_1_273' title='bbox 755 2735 794 2796; x_wconf 84' lang='lat' dir='ltr'>ed</span> <span class='ocrx_word' id='word_1_274' title='bbox 810 2736 912 2815; x_wconf 72' lang='lat' dir='ltr'>orbem</span> <span class='ocrx_word' id='word_1_275' title='bbox 926 2737 1056 2798; x_wconf 88' lang='lat' dir='ltr'>Veneris</span> <span class='ocrx_word' id='word_1_276' title='bbox 1079 2737 1224 2801; x_wconf 88' lang='lat' dir='ltr'>hactenus</span> <span class='ocrx_word' id='word_1_277' title='bbox 1248 2756 1308 2800; x_wconf 92' lang='lat' dir='ltr'>uon</span> <span class='ocrx_word' id='word_1_278' title='bbox 1331 2737 1408 2800; x_wconf 90' lang='lat' dir='ltr'>satis</span> 
     </span>
     <span class='ocr_line' id='line_1_28' title="bbox 55 2824 1407 2906; baseline 0.001 -19"><span class='ocrx_word' id='word_1_279' title='bbox 55 2826 176 2906; x_wconf 81' lang='lat' dir='ltr'>cognito</span> <span class='ocrx_word' id='word_1_280' title='bbox 201 2824 406 2887; x_wconf 79' lang='lat' dir='ltr'>resultantem.</span> <span class='ocrx_word' id='word_1_281' title='bbox 451 2824 532 2886; x_wconf 80' lang='lat' dir='ltr'>llam</span> <span class='ocrx_word' id='word_1_282' title='bbox 559 2825 630 2905; x_wconf 90' lang='lat' dir='ltr'>quia&#39;</span> <span class='ocrx_word' id='word_1_283' title='bbox 660 2842 796 2905; x_wconf 87' lang='lat' dir='ltr'>apogaea</span> <span class='ocrx_word' id='word_1_284' title='bbox 819 2825 902 2888; x_wconf 88' lang='lat' dir='ltr'>Solis</span> <span class='ocrx_word' id='word_1_285' title='bbox 933 2834 964 2886; x_wconf 89' lang='lat' dir='ltr'>et</span> <span class='ocrx_word' id='word_1_286' title='bbox 986 2826 1117 2888; x_wconf 88' lang='lat' dir='ltr'>Veneris</span> <span class='ocrx_word' id='word_1_287' title='bbox 1150 2827 1311 2906; x_wconf 84' lang='lat' dir='ltr'>conjuncta</span> <span class='ocrx_word' id='word_1_288' title='bbox 1344 2826 1407 2888; x_wconf 86' lang='lat' dir='ltr'>lere</span> 
     </span>
     <span class='ocr_line' id='line_1_29' title="bbox 55 2911 1408 2996; baseline -0.001 -17"><span class='ocrx_word' id='word_1_289' title='bbox 55 2923 125 2979; x_wconf 88' lang='lat' dir='ltr'>aunt</span> <span class='ocrx_word' id='word_1_290' title='bbox 147 2915 276 2996; x_wconf 90' lang='lat' dir='ltr'>ideoque</span> <span class='ocrx_word' id='word_1_291' title='bbox 291 2915 386 2976; x_wconf 88' lang='lat' dir='ltr'>Terra</span> <span class='ocrx_word' id='word_1_292' title='bbox 401 2933 420 2974; x_wconf 89' lang='lat' dir='ltr'>a</span> <span class='ocrx_word' id='word_1_293' title='bbox 434 2911 507 2976; x_wconf 87' lang='lat' dir='ltr'>Sole</span> <span class='ocrx_word' id='word_1_294' title='bbox 523 2913 697 2993; x_wconf 83' lang='lat' dir='ltr'>longissime</span> <span class='ocrx_word' id='word_1_295' title='bbox 712 2922 837 2990; x_wconf 89' lang='lat' dir='ltr'>remota,</span> <span class='ocrx_word' id='word_1_296' title='bbox 862 2932 928 2976; x_wconf 91' lang='lat' dir='ltr'>cum</span> <span class='ocrx_word' id='word_1_297' title='bbox 949 2921 1070 2995; x_wconf 87' lang='lat' dir='ltr'>putetur</span> <span class='ocrx_word' id='word_1_298' title='bbox 1085 2923 1149 2978; x_wconf 88' lang='lat' dir='ltr'>tam</span> <span class='ocrx_word' id='word_1_299' title='bbox 1172 2917 1260 2996; x_wconf 90' lang='lat' dir='ltr'>longe</span> <span class='ocrx_word' id='word_1_300' title='bbox 1282 2924 1408 2992; x_wconf 87' lang='lat' dir='ltr'>remota,</span> 
     </span>
     <span class='ocr_line' id='line_1_30' title="bbox 55 3002 1410 3087; baseline 0 -20"><span class='ocrx_word' id='word_1_301' title='bbox 55 3012 201 3087; x_wconf 87' lang='lat' dir='ltr'>quantum</span> <span class='ocrx_word' id='word_1_302' title='bbox 216 3003 360 3084; x_wconf 87' lang='lat' dir='ltr'>postulat</span> <span class='ocrx_word' id='word_1_303' title='bbox 381 3002 464 3066; x_wconf 85' lang='lat' dir='ltr'>Solis</span> <span class='ocrx_word' id='word_1_304' title='bbox 488 3003 627 3083; x_wconf 91' lang='lat' dir='ltr'>aequatio</span> <span class='ocrx_word' id='word_1_305' title='bbox 650 3003 781 3065; x_wconf 82' lang='lat' dir='ltr'>maxima</span> <span class='ocrx_word' id='word_1_306' title='bbox 803 3004 833 3064; x_wconf 93' lang='lat' dir='ltr'>iu</span> <span class='ocrx_word' id='word_1_307' title='bbox 857 3002 1080 3066; x_wconf 87' lang='lat' dir='ltr'>ecceutricitate</span> <span class='ocrx_word' id='word_1_308' title='bbox 1105 3004 1244 3085; x_wconf 87' lang='lat' dir='ltr'>simplici,</span> <span class='ocrx_word' id='word_1_309' title='bbox 1273 3004 1315 3066; x_wconf 91' lang='lat' dir='ltr'>sit</span> <span class='ocrx_word' id='word_1_310' title='bbox 1336 3024 1410 3067; x_wconf 85' lang='lat' dir='ltr'>vero</span> 
     </span>
     <span class='ocr_line' id='line_1_31' title="bbox 55 3090 1409 3174; baseline 0.001 -18"><span class='ocrx_word' id='word_1_311' title='bbox 55 3096 84 3156; x_wconf 90' lang='lat' dir='ltr'>iu</span> <span class='ocrx_word' id='word_1_312' title='bbox 105 3094 154 3156; x_wconf 84' lang='lat' dir='ltr'>rei</span> <span class='ocrx_word' id='word_1_313' title='bbox 176 3093 308 3154; x_wconf 71' lang='lat' dir='ltr'>vemtate</span> <span class='ocrx_word' id='word_1_314' title='bbox 334 3091 457 3174; x_wconf 90' lang='lat' dir='ltr'>propior</span> <span class='ocrx_word' id='word_1_315' title='bbox 480 3090 560 3167; x_wconf 87' lang='lat' dir='ltr'>Soli,</span> <span class='ocrx_word' id='word_1_316' title='bbox 593 3091 716 3172; x_wconf 88' lang='lat' dir='ltr'>propior</span> <span class='ocrx_word' id='word_1_317' title='bbox 744 3092 837 3154; x_wconf 88' lang='lat' dir='ltr'>etiam</span> <span class='ocrx_word' id='word_1_318' title='bbox 866 3092 925 3154; x_wconf 86' lang='lat' dir='ltr'>erit</span> <span class='ocrx_word' id='word_1_319' title='bbox 947 3092 1012 3154; x_wconf 91' lang='lat' dir='ltr'>orbi</span> <span class='ocrx_word' id='word_1_320' title='bbox 1035 3093 1166 3155; x_wconf 90' lang='lat' dir='ltr'>Veneris</span> <span class='ocrx_word' id='word_1_321' title='bbox 1189 3093 1256 3157; x_wconf 87' lang='lat' dir='ltr'>Soli</span> <span class='ocrx_word' id='word_1_322' title='bbox 1280 3094 1409 3157; x_wconf 86' lang='lat' dir='ltr'>circum-</span> 
     </span>
     <span class='ocr_line' id='line_1_32' title="bbox 53 3179 1409 3265; baseline 0 -19"><span class='ocrx_word' id='word_1_323' title='bbox 53 3184 170 3265; x_wconf 86' lang='lat' dir='ltr'>posito:</span> <span class='ocrx_word' id='word_1_324' title='bbox 196 3183 299 3263; x_wconf 81' lang='lat' dir='ltr'>itaque</span> <span class='ocrx_word' id='word_1_325' title='bbox 322 3179 452 3243; x_wconf 85' lang='lat' dir='ltr'>Venerei</span> <span class='ocrx_word' id='word_1_326' title='bbox 477 3181 558 3243; x_wconf 87' lang='lat' dir='ltr'>orbis</span> <span class='ocrx_word' id='word_1_327' title='bbox 580 3188 716 3242; x_wconf 91' lang='lat' dir='ltr'>centrum</span> <span class='ocrx_word' id='word_1_328' title='bbox 738 3182 777 3242; x_wconf 89' lang='lat' dir='ltr'>ad</span> <span class='ocrx_word' id='word_1_329' title='bbox 800 3182 925 3243; x_wconf 87' lang='lat' dir='ltr'>Terram</span> <span class='ocrx_word' id='word_1_330' title='bbox 953 3182 1120 3244; x_wconf 87' lang='lat' dir='ltr'>accessisse</span> <span class='ocrx_word' id='word_1_331' title='bbox 1151 3190 1182 3245; x_wconf 90' lang='lat' dir='ltr'>et</span> <span class='ocrx_word' id='word_1_332' title='bbox 1210 3183 1241 3245; x_wconf 92' lang='lat' dir='ltr'>in</span> <span class='ocrx_word' id='word_1_333' title='bbox 1269 3183 1409 3264; x_wconf 87' lang='lat' dir='ltr'>opposito</span> 
     </span>
     <span class='ocr_line' id='line_1_33' title="bbox 53 3266 1408 3352; baseline -0.002 -16"><span class='ocrx_word' id='word_1_334' title='bbox 53 3275 169 3336; x_wconf 86' lang='lat' dir='ltr'>Terrae</span> <span class='ocrx_word' id='word_1_335' title='bbox 192 3271 254 3334; x_wconf 88' lang='lat' dir='ltr'>situ</span> <span class='ocrx_word' id='word_1_336' title='bbox 276 3270 315 3332; x_wconf 90' lang='lat' dir='ltr'>ab</span> <span class='ocrx_word' id='word_1_337' title='bbox 337 3289 376 3332; x_wconf 87' lang='lat' dir='ltr'>ea</span> <span class='ocrx_word' id='word_1_338' title='bbox 396 3270 562 3333; x_wconf 86' lang='lat' dir='ltr'>recessisse</span> <span class='ocrx_word' id='word_1_339' title='bbox 591 3269 754 3349; x_wconf 84' lang='lat' dir='ltr'>putabitur</span> <span class='ocrx_word' id='word_1_340' title='bbox 800 3272 849 3333; x_wconf 91' lang='lat' dir='ltr'>Ita</span> <span class='ocrx_word' id='word_1_341' title='bbox 871 3271 950 3352; x_wconf 90' lang='lat' dir='ltr'>quod</span> <span class='ocrx_word' id='word_1_342' title='bbox 978 3271 1060 3333; x_wconf 89' lang='lat' dir='ltr'>inest</span> <span class='ocrx_word' id='word_1_343' title='bbox 1089 3271 1179 3351; x_wconf 87' lang='lat' dir='ltr'>globo</span> <span class='ocrx_word' id='word_1_344' title='bbox 1201 3272 1314 3334; x_wconf 86' lang='lat' dir='ltr'>Terrae</span> <span class='ocrx_word' id='word_1_345' title='bbox 1344 3266 1408 3346; x_wconf 86' lang='lat' dir='ltr'>(vel</span> 
     </span>
     <span class='ocr_line' id='line_1_34' title="bbox 55 3357 1408 3442; baseline -0.001 -17"><span class='ocrx_word' id='word_1_346' title='bbox 55 3362 134 3437; x_wconf 83' lang='lat' dir='ltr'>soli,</span> <span class='ocrx_word' id='word_1_347' title='bbox 157 3379 209 3442; x_wconf 90' lang='lat' dir='ltr'>qm</span> <span class='ocrx_word' id='word_1_348' title='bbox 200 3357 355 3422; x_wconf 82' lang='lat' dir='ltr'>Veneris</span> <span class='ocrx_word' id='word_1_349' title='bbox 378 3359 482 3421; x_wconf 90' lang='lat' dir='ltr'>orbem</span> <span class='ocrx_word' id='word_1_350' title='bbox 504 3366 606 3439; x_wconf 85' lang='lat' dir='ltr'>gestat</span> <span class='ocrx_word' id='word_1_351' title='bbox 629 3359 791 3422; x_wconf 89' lang='lat' dir='ltr'>secundum</span> <span class='ocrx_word' id='word_1_352' title='bbox 804 3360 1001 3441; x_wconf 82' lang='lat' dir='ltr'>Tychmem),</span> <span class='ocrx_word' id='word_1_353' title='bbox 976 3360 1056 3434; x_wconf 73' lang='lat' dir='ltr'>&gt;id</span> <span class='ocrx_word' id='word_1_354' title='bbox 1079 3360 1143 3423; x_wconf 91' lang='lat' dir='ltr'>orbi</span> <span class='ocrx_word' id='word_1_355' title='bbox 1158 3361 1290 3424; x_wconf 90' lang='lat' dir='ltr'>Veneris</span> <span class='ocrx_word' id='word_1_356' title='bbox 1307 3360 1408 3423; x_wconf 88' lang='lat' dir='ltr'>inesse</span> 
     </span>
     <span class='ocr_line' id='line_1_35' title="bbox 54 3447 1409 3535; baseline 0.001 -24"><span class='ocrx_word' id='word_1_357' title='bbox 54 3458 199 3535; x_wconf 73' lang='grc' dir='ltr'>ριιιιιις</span> <span class='ocrx_word' id='word_1_358' title='bbox 232 3449 415 3511; x_wconf 81' lang='grc' dir='ltr'>ιοιιιιιιὶιιιι</span> <span class='ocrx_word' id='word_1_359' title='bbox 438 3447 549 3510; x_wconf 86' lang='lat' dir='ltr'>accidit</span> <span class='ocrx_word' id='word_1_360' title='bbox 569 3448 737 3525; x_wconf 83' lang='lat' dir='ltr'>Mercurio,</span> <span class='ocrx_word' id='word_1_361' title='bbox 767 3467 837 3511; x_wconf 89' lang='lat' dir='ltr'>nam</span> <span class='ocrx_word' id='word_1_362' title='bbox 865 3449 930 3529; x_wconf 86' lang='lat' dir='ltr'>ejus</span> <span class='ocrx_word' id='word_1_363' title='bbox 960 3467 1126 3531; x_wconf 82' lang='lat' dir='ltr'>apogaeum</span> <span class='ocrx_word' id='word_1_364' title='bbox 1152 3450 1294 3531; x_wconf 88' lang='lat' dir='ltr'>perigaea</span> <span class='ocrx_word' id='word_1_365' title='bbox 1325 3449 1409 3514; x_wconf 84' lang='lat' dir='ltr'>Solis</span> 
     </span>
     <span class='ocr_line' id='line_1_36' title="bbox 54 3538 1409 3645; baseline 0.002 -45"><span class='ocrx_word' id='word_1_366' title='bbox 54 3540 184 3645; x_wconf 88' lang='lat' dir='ltr'>propius</span> <span class='ocrx_word' id='word_1_367' title='bbox 214 3545 277 3615; x_wconf 89' lang='lat' dir='ltr'>est,</span> <span class='ocrx_word' id='word_1_368' title='bbox 311 3556 400 3621; x_wconf 86' lang='lat' dir='ltr'>qnam</span> <span class='ocrx_word' id='word_1_369' title='bbox 431 3555 576 3619; x_wconf 85' lang='lat' dir='ltr'>apogaeo.</span> <span class='ocrx_word' id='word_1_370' title='bbox 629 3539 726 3600; x_wconf 85' lang='lat' dir='ltr'>Parca</span> <span class='ocrx_word' id='word_1_371' title='bbox 755 3538 872 3615; x_wconf 85' lang='lat' dir='ltr'>verbis,</span> <span class='ocrx_word' id='word_1_372' title='bbox 904 3556 971 3601; x_wconf 89' lang='lat' dir='ltr'>curn</span> <span class='ocrx_word' id='word_1_373' title='bbox 1000 3539 1049 3600; x_wconf 85' lang='lat' dir='ltr'>vel</span> <span class='ocrx_word' id='word_1_374' title='bbox 1075 3539 1221 3601; x_wconf 87' lang='lat' dir='ltr'>hacteuus</span> <span class='ocrx_word' id='word_1_375' title='bbox 1250 3539 1409 3603; x_wconf 75' lang='lat' dir='ltr'>verborum</span> 
     </span>
     <span class='ocr_line' id='line_1_37' title="bbox 55 3585 1409 3717; baseline -0.001 -24"><span class='ocrx_word' id='word_1_376' title='bbox 55 3630 182 3693; x_wconf 79' lang='lat' dir='ltr'>ninnium</span> <span class='ocrx_word' id='word_1_377' title='bbox 203 3644 306 3691; x_wconf 87' lang='lat' dir='ltr'>ceram</span> <span class='ocrx_word' id='word_1_378' title='bbox 329 3626 527 3713; x_wconf 86' lang='lat' dir='ltr'>sagacissimo</span> <span class='ocrx_word' id='word_1_379' title='bbox 549 3625 670 3689; x_wconf 88' lang='lat' dir='ltr'>homine</span> <span class='ocrx_word' id='word_1_380' title='bbox 693 3625 825 3688; x_wconf 79' lang='lat' dir='ltr'>fecerim.</span> <span class='ocrx_word' id='word_1_381' title='bbox 846 3585 967 3691; x_wconf 67' lang='lat' dir='ltr'>&#39;tcum</span> <span class='ocrx_word' id='word_1_382' title='bbox 958 3627 1051 3708; x_wconf 79' lang='lat' dir='ltr'>igitur</span> <span class='ocrx_word' id='word_1_383' title='bbox 1064 3627 1121 3690; x_wconf 91' lang='lat' dir='ltr'>hoc</span> <span class='ocrx_word' id='word_1_384' title='bbox 1136 3628 1180 3690; x_wconf 88' lang='lat' dir='ltr'>ita</span> <span class='ocrx_word' id='word_1_385' title='bbox 1195 3628 1307 3691; x_wconf 89' lang='lat' dir='ltr'>habeat</span> <span class='ocrx_word' id='word_1_386' title='bbox 1328 3629 1409 3717; x_wconf 84' lang='lat' dir='ltr'>circa</span> 
     </span>
     <span class='ocr_line' id='line_1_38' title="bbox 56 3708 1409 3800; baseline 0 -19"><span class='ocrx_word' id='word_1_387' title='bbox 56 3717 229 3792; x_wconf 72' lang='lat' dir='ltr'>inlerioms,</span> <span class='ocrx_word' id='word_1_388' title='bbox 252 3716 284 3778; x_wconf 89' lang='lat' dir='ltr'>in</span> <span class='ocrx_word' id='word_1_389' title='bbox 305 3734 415 3797; x_wconf 84' lang='lat' dir='ltr'>magna</span> <span class='ocrx_word' id='word_1_390' title='bbox 437 3708 623 3778; x_wconf 85' lang='lat' dir='ltr'>dubitatione</span> <span class='ocrx_word' id='word_1_391' title='bbox 647 3734 723 3792; x_wconf 91' lang='lat' dir='ltr'>sum,</span> <span class='ocrx_word' id='word_1_392' title='bbox 746 3735 786 3778; x_wconf 89' lang='lat' dir='ltr'>an</span> <span class='ocrx_word' id='word_1_393' title='bbox 807 3735 912 3778; x_wconf 81' lang='lat' dir='ltr'>verum</span> <span class='ocrx_word' id='word_1_394' title='bbox 927 3716 968 3778; x_wconf 91' lang='lat' dir='ltr'>sit</span> <span class='ocrx_word' id='word_1_395' title='bbox 982 3718 1018 3777; x_wconf 91' lang='lat' dir='ltr'>de</span> <span class='ocrx_word' id='word_1_396' title='bbox 1032 3717 1192 3794; x_wconf 84' lang='lat' dir='ltr'>Mercurio,</span> <span class='ocrx_word' id='word_1_397' title='bbox 1216 3718 1296 3800; x_wconf 91' lang='lat' dir='ltr'>quod</span> <span class='ocrx_word' id='word_1_398' title='bbox 1310 3712 1409 3798; x_wconf 88' lang='lat' dir='ltr'>gemi-</span> 
     </span>
     <span class='ocr_line' id='line_1_39' title="bbox 55 3804 1408 3889; baseline -0.002 -18"><span class='ocrx_word' id='word_1_399' title='bbox 55 3828 127 3871; x_wconf 92' lang='lat' dir='ltr'>num</span> <span class='ocrx_word' id='word_1_400' title='bbox 148 3807 327 3888; x_wconf 81' lang='lat' dir='ltr'>perigaeum</span> <span class='ocrx_word' id='word_1_401' title='bbox 347 3806 459 3869; x_wconf 85' lang='lat' dir='ltr'>haheat</span> <span class='ocrx_word' id='word_1_402' title='bbox 481 3806 576 3871; x_wconf 86' lang='lat' dir='ltr'>circa</span> <span class='ocrx_word' id='word_1_403' title='bbox 583 3804 720 3867; x_wconf 89' lang='lat' dir='ltr'>trientes.</span> <span class='ocrx_word' id='word_1_404' title='bbox 767 3805 802 3868; x_wconf 84' lang='lat' dir='ltr'>Si</span> <span class='ocrx_word' id='word_1_405' title='bbox 826 3806 948 3868; x_wconf 90' lang='lat' dir='ltr'>schema</span> <span class='ocrx_word' id='word_1_406' title='bbox 970 3807 1059 3888; x_wconf 88' lang='lat' dir='ltr'>quale</span> <span class='ocrx_word' id='word_1_407' title='bbox 1082 3806 1145 3868; x_wconf 85' lang='lat' dir='ltr'>dixi</span> <span class='ocrx_word' id='word_1_408' title='bbox 1168 3806 1286 3884; x_wconf 86' lang='lat' dir='ltr'>leceris,</span> <span class='ocrx_word' id='word_1_409' title='bbox 1311 3826 1408 3889; x_wconf 85' lang='lat' dir='ltr'>appa-</span> 
     </span>
     <span class='ocr_line' id='line_1_40' title="bbox 55 3894 1407 3978; baseline -0.001 -18"><span class='ocrx_word' id='word_1_410' title='bbox 55 3898 137 3961; x_wconf 85' lang='lat' dir='ltr'>rebit</span> <span class='ocrx_word' id='word_1_411' title='bbox 157 3895 387 3971; x_wconf 73' lang='lat' dir='ltr'>demonstratio,</span> <span class='ocrx_word' id='word_1_412' title='bbox 411 3914 470 3978; x_wconf 89' lang='lat' dir='ltr'>qua</span> <span class='ocrx_word' id='word_1_413' title='bbox 492 3895 545 3973; x_wconf 61' lang='grc' dir='ltr'>ι</span> <span class='ocrx_word' id='word_1_414' title='bbox 536 3914 567 3957; x_wconf 92' lang='grc' dir='ltr'>ιι</span> <span class='ocrx_word' id='word_1_415' title='bbox 581 3894 678 3975; x_wconf 84' lang='lat' dir='ltr'>primo</span> <span class='ocrx_word' id='word_1_416' title='bbox 693 3894 803 3957; x_wconf 85' lang='lat' dir='ltr'>triente</span> <span class='ocrx_word' id='word_1_417' title='bbox 818 3895 857 3957; x_wconf 88' lang='lat' dir='ltr'>ab</span> <span class='ocrx_word' id='word_1_418' title='bbox 872 3912 1007 3975; x_wconf 87' lang='lat' dir='ltr'>apogaeo</span> <span class='ocrx_word' id='word_1_419' title='bbox 1025 3894 1170 3976; x_wconf 89' lang='lat' dir='ltr'>majorem</span> <span class='ocrx_word' id='word_1_420' title='bbox 1189 3896 1407 3977; x_wconf 82' lang='lat' dir='ltr'>digressionem</span> 
     </span>
     <span class='ocr_line' id='line_1_41' title="bbox 56 3983 1405 4066; baseline -0.003 -16"><span class='ocrx_word' id='word_1_421' title='bbox 56 3988 158 4050; x_wconf 82' lang='lat' dir='ltr'>iacere</span> <span class='ocrx_word' id='word_1_422' title='bbox 181 3984 429 4066; x_wconf 86' lang='lat' dir='ltr'>deprehenditur,</span> <span class='ocrx_word' id='word_1_423' title='bbox 461 4002 550 4065; x_wconf 88' lang='lat' dir='ltr'>quam</span> <span class='ocrx_word' id='word_1_424' title='bbox 581 3983 613 4047; x_wconf 95' lang='lat' dir='ltr'>iu</span> <span class='ocrx_word' id='word_1_425' title='bbox 643 3983 801 4066; x_wconf 84' lang='lat' dir='ltr'>perigaeo,</span> <span class='ocrx_word' id='word_1_426' title='bbox 832 3983 864 4046; x_wconf 93' lang='lat' dir='ltr'>in</span> <span class='ocrx_word' id='word_1_427' title='bbox 886 3985 983 4047; x_wconf 88' lang='lat' dir='ltr'>altero</span> <span class='ocrx_word' id='word_1_428' title='bbox 1005 4003 1077 4046; x_wconf 88' lang='lat' dir='ltr'>vero</span> <span class='ocrx_word' id='word_1_429' title='bbox 1108 3985 1218 4047; x_wconf 90' lang='lat' dir='ltr'>triente</span> <span class='ocrx_word' id='word_1_430' title='bbox 1250 3986 1405 4048; x_wconf 89' lang='lat' dir='ltr'>minorem.</span> 
     </span>
     <span class='ocr_line' id='line_1_42' title="bbox 56 4072 1407 4154; baseline -0.003 -14"><span class='ocrx_word' id='word_1_431' title='bbox 56 4080 148 4140; x_wconf 80' lang='lat' dir='ltr'>Forte</span> <span class='ocrx_word' id='word_1_432' title='bbox 171 4075 203 4137; x_wconf 90' lang='lat' dir='ltr'>in</span> <span class='ocrx_word' id='word_1_433' title='bbox 225 4074 281 4136; x_wconf 90' lang='lat' dir='ltr'>illo</span> <span class='ocrx_word' id='word_1_434' title='bbox 303 4074 400 4136; x_wconf 88' lang='lat' dir='ltr'>altero</span> <span class='ocrx_word' id='word_1_435' title='bbox 423 4092 483 4136; x_wconf 89' lang='lat' dir='ltr'>non</span> <span class='ocrx_word' id='word_1_436' title='bbox 504 4074 541 4135; x_wconf 85' lang='lat' dir='ltr'>lit</span> <span class='ocrx_word' id='word_1_437' title='bbox 562 4072 741 4154; x_wconf 90' lang='lat' dir='ltr'>conspicuus</span> <span class='ocrx_word' id='word_1_438' title='bbox 764 4080 900 4136; x_wconf 89' lang='lat' dir='ltr'>autnon</span> <span class='ocrx_word' id='word_1_439' title='bbox 923 4080 1045 4137; x_wconf 87' lang='lat' dir='ltr'>exstant</span> <span class='ocrx_word' id='word_1_440' title='bbox 1060 4074 1163 4137; x_wconf 83' lang='lat' dir='ltr'>forsan</span> <span class='ocrx_word' id='word_1_441' title='bbox 1185 4073 1217 4138; x_wconf 89' lang='lat' dir='ltr'>in</span> <span class='ocrx_word' id='word_1_442' title='bbox 1232 4075 1407 4148; x_wconf 86' lang='lat' dir='ltr'>Ptolemaeo</span> 
     </span>
     <span class='ocr_line' id='line_1_43' title="bbox 56 4161 1405 4245; baseline -0.002 -17"><span class='ocrx_word' id='word_1_443' title='bbox 56 4165 184 4228; x_wconf 84' lang='lat' dir='ltr'>alteriue</span> <span class='ocrx_word' id='word_1_444' title='bbox 206 4162 327 4227; x_wconf 86' lang='lat' dir='ltr'>trientis</span> <span class='ocrx_word' id='word_1_445' title='bbox 349 4161 591 4239; x_wconf 64' lang='lat' dir='ltr'>observationem</span> <span class='ocrx_word' id='word_1_446' title='bbox 615 4181 691 4245; x_wconf 88' lang='lat' dir='ltr'>quae</span> <span class='ocrx_word' id='word_1_447' title='bbox 713 4163 803 4224; x_wconf 85' lang='lat' dir='ltr'>facile</span> <span class='ocrx_word' id='word_1_448' title='bbox 825 4163 997 4245; x_wconf 79' lang='lat' dir='ltr'>perquiras,</span> <span class='ocrx_word' id='word_1_449' title='bbox 1030 4181 1086 4243; x_wconf 89' lang='lat' dir='ltr'>ego</span> <span class='ocrx_word' id='word_1_450' title='bbox 1110 4164 1176 4243; x_wconf 88' lang='lat' dir='ltr'>jam</span> <span class='ocrx_word' id='word_1_451' title='bbox 1199 4163 1284 4226; x_wconf 86' lang='lat' dir='ltr'>libris</span> <span class='ocrx_word' id='word_1_452' title='bbox 1307 4182 1405 4226; x_wconf 85' lang='lat' dir='ltr'>careo.</span> 
     </span>
     <span class='ocr_line' id='line_1_44' title="bbox 56 4251 1407 4334; baseline -0.005 -15"><span class='ocrx_word' id='word_1_453' title='bbox 56 4253 183 4319; x_wconf 80' lang='lat' dir='ltr'>Memini</span> <span class='ocrx_word' id='word_1_454' title='bbox 204 4260 318 4325; x_wconf 79' lang='grc' dir='ltr'>ιιιιιι,</span> <span class='ocrx_word' id='word_1_455' title='bbox 338 4252 546 4315; x_wconf 88' lang='lat' dir='ltr'>Ptolemaeum</span> <span class='ocrx_word' id='word_1_456' title='bbox 567 4252 598 4314; x_wconf 91' lang='lat' dir='ltr'>in</span> <span class='ocrx_word' id='word_1_457' title='bbox 614 4254 635 4329; x_wconf 66' lang='lat' dir='ltr'>l}</span> <span class='ocrx_word' id='word_1_458' title='bbox 654 4268 692 4313; x_wconf 84' lang='lat' dir='ltr'>ex</span> <span class='ocrx_word' id='word_1_459' title='bbox 707 4251 823 4314; x_wconf 84' lang='lat' dir='ltr'>duabus</span> <span class='ocrx_word' id='word_1_460' title='bbox 841 4252 1101 4315; x_wconf 86' lang='lat' dir='ltr'>observationibus</span> <span class='ocrx_word' id='word_1_461' title='bbox 1119 4253 1208 4334; x_wconf 88' lang='lat' dir='ltr'>longe</span> <span class='ocrx_word' id='word_1_462' title='bbox 1231 4251 1407 4315; x_wconf 87' lang='lat' dir='ltr'>distantium</span> 
     </span>
     <span class='ocr_line' id='line_1_45' title="bbox 57 4337 1407 4422; baseline -0.006 -14"><span class='ocrx_word' id='word_1_463' title='bbox 57 4362 204 4407; x_wconf 87' lang='lat' dir='ltr'>annorum</span> <span class='ocrx_word' id='word_1_464' title='bbox 225 4360 317 4404; x_wconf 91' lang='lat' dir='ltr'>unam</span> <span class='ocrx_word' id='word_1_465' title='bbox 338 4340 409 4403; x_wconf 88' lang='lat' dir='ltr'>anni</span> <span class='ocrx_word' id='word_1_466' title='bbox 431 4341 600 4403; x_wconf 90' lang='lat' dir='ltr'>intermedii</span> <span class='ocrx_word' id='word_1_467' title='bbox 623 4341 786 4417; x_wconf 83' lang='lat' dir='ltr'>effinxisse,</span> <span class='ocrx_word' id='word_1_468' title='bbox 819 4359 878 4422; x_wconf 89' lang='lat' dir='ltr'>qua</span> <span class='ocrx_word' id='word_1_469' title='bbox 905 4343 1057 4404; x_wconf 90' lang='lat' dir='ltr'>commode</span> <span class='ocrx_word' id='word_1_470' title='bbox 1080 4337 1256 4416; x_wconf 85' lang='lat' dir='ltr'>uteretur.⁰)</span> <span class='ocrx_word' id='word_1_471' title='bbox 1301 4344 1407 4422; x_wconf 86' lang='lat' dir='ltr'>ltaque</span> 
     </span>
    </p>
   </div>
   <div class='ocr_carea' id='block_1_3' title="bbox 55 4429 1409 4963">
    <p class='ocr_par' dir='ltr' id='par_1_3' title="bbox 55 4429 1409 4963">
     <span class='ocr_line' id='line_1_46' title="bbox 56 4429 1406 4514; baseline -0.005 -17"><span class='ocrx_word' id='word_1_472' title='bbox 56 4434 130 4497; x_wconf 79' lang='lat' dir='ltr'>milri</span> <span class='ocrx_word' id='word_1_473' title='bbox 151 4450 261 4514; x_wconf 85' lang='lat' dir='ltr'>parum</span> <span class='ocrx_word' id='word_1_474' title='bbox 282 4437 383 4493; x_wconf 88' lang='lat' dir='ltr'>metuo</span> <span class='ocrx_word' id='word_1_475' title='bbox 405 4450 424 4492; x_wconf 89' lang='lat' dir='ltr'>a</span> <span class='ocrx_word' id='word_1_476' title='bbox 445 4431 675 4494; x_wconf 83' lang='lat' dir='ltr'>Ptolemaeum</span> <span class='ocrx_word' id='word_1_477' title='bbox 696 4431 755 4493; x_wconf 91' lang='lat' dir='ltr'>hoc</span> <span class='ocrx_word' id='word_1_478' title='bbox 775 4429 906 4511; x_wconf 85' lang='lat' dir='ltr'>negotio</span> <span class='ocrx_word' id='word_1_479' title='bbox 952 4430 1059 4506; x_wconf 81' lang='lat' dir='ltr'>Adde,</span> <span class='ocrx_word' id='word_1_480' title='bbox 1083 4431 1161 4514; x_wconf 91' lang='lat' dir='ltr'>quod</span> <span class='ocrx_word' id='word_1_481' title='bbox 1183 4448 1324 4511; x_wconf 89' lang='lat' dir='ltr'>magnum</span> <span class='ocrx_word' id='word_1_482' title='bbox 1345 4430 1406 4490; x_wconf 88' lang='lat' dir='ltr'>ali-</span> 
     </span>
     <span class='ocr_line' id='line_1_47' title="bbox 56 4510 1407 4607; baseline -0.004 -21"><span class='ocrx_word' id='word_1_483' title='bbox 56 4523 129 4607; x_wconf 90' lang='lat' dir='ltr'>quid</span> <span class='ocrx_word' id='word_1_484' title='bbox 150 4522 255 4585; x_wconf 78' lang='lat' dir='ltr'>infert-</span> <span class='ocrx_word' id='word_1_485' title='bbox 266 4518 421 4583; x_wconf 90' lang='lat' dir='ltr'>inclinatio</span> <span class='ocrx_word' id='word_1_486' title='bbox 442 4519 525 4601; x_wconf 91' lang='lat' dir='ltr'>plani</span> <span class='ocrx_word' id='word_1_487' title='bbox 544 4519 736 4582; x_wconf 90' lang='lat' dir='ltr'>Mercurialis</span> <span class='ocrx_word' id='word_1_488' title='bbox 752 4518 792 4581; x_wconf 88' lang='lat' dir='ltr'>ad</span> <span class='ocrx_word' id='word_1_489' title='bbox 809 4519 933 4601; x_wconf 89' lang='lat' dir='ltr'>planum</span> <span class='ocrx_word' id='word_1_490' title='bbox 955 4519 1121 4601; x_wconf 88' lang='lat' dir='ltr'>eclipticas,</span> <span class='ocrx_word' id='word_1_491' title='bbox 1146 4540 1234 4603; x_wconf 90' lang='lat' dir='ltr'>quam</span> <span class='ocrx_word' id='word_1_492' title='bbox 1256 4519 1288 4581; x_wconf 90' lang='lat' dir='ltr'>in</span> <span class='ocrx_word' id='word_1_493' title='bbox 1310 4510 1407 4581; x_wconf 80' lang='lat' dir='ltr'>forma</span> 
     </span>
     <span class='ocr_line' id='line_1_48' title="bbox 55 4604 1408 4716; baseline -0.003 -41"><span class='ocrx_word' id='word_1_494' title='bbox 55 4610 271 4716; x_wconf 79' lang='lat' dir='ltr'>hypothesium</span> <span class='ocrx_word' id='word_1_495' title='bbox 293 4607 481 4691; x_wconf 78' lang='lat' dir='ltr'>Onpemici</span> <span class='ocrx_word' id='word_1_496' title='bbox 472 4609 574 4671; x_wconf 75' lang='lat' dir='ltr'>mesni</span> <span class='ocrx_word' id='word_1_497' title='bbox 596 4608 741 4688; x_wconf 87' lang='lat' dir='ltr'>majorem</span> <span class='ocrx_word' id='word_1_498' title='bbox 761 4608 885 4684; x_wconf 88' lang='lat' dir='ltr'>Lunari,</span> <span class='ocrx_word' id='word_1_499' title='bbox 910 4628 951 4672; x_wconf 92' lang='lat' dir='ltr'>sc.</span> <span class='ocrx_word' id='word_1_500' title='bbox 977 4604 1015 4673; x_wconf 79' lang='lat'>⁷⁰</span> <span class='ocrx_word' id='word_1_501' title='bbox 1036 4605 1090 4674; x_wconf 76' lang='lat'>45‘</span> <span class='ocrx_word' id='word_1_502' title='bbox 1113 4630 1149 4687; x_wconf 91' lang='lat' dir='ltr'>c.,</span> <span class='ocrx_word' id='word_1_503' title='bbox 1172 4607 1310 4690; x_wconf 78' lang='grc' dir='ltr'>ιιιιιιὶι</span> <span class='ocrx_word' id='word_1_504' title='bbox 1333 4607 1408 4671; x_wconf 88' lang='lat' dir='ltr'>lati·</span> 
     </span>
     <span class='ocr_line' id='line_1_49' title="bbox 56 4694 1407 4781; baseline -0.004 -16"><span class='ocrx_word' id='word_1_505' title='bbox 56 4702 131 4765; x_wconf 89' lang='lat' dir='ltr'>tudo</span> <span class='ocrx_word' id='word_1_506' title='bbox 151 4701 223 4763; x_wconf 80' lang='lat' dir='ltr'>visa</span> <span class='ocrx_word' id='word_1_507' title='bbox 243 4716 395 4780; x_wconf 90' lang='lat' dir='ltr'>nunquam</span> <span class='ocrx_word' id='word_1_508' title='bbox 415 4705 503 4761; x_wconf 88' lang='lat' dir='ltr'>tanta</span> <span class='ocrx_word' id='word_1_509' title='bbox 524 4699 587 4761; x_wconf 87' lang='lat' dir='ltr'>liat</span> <span class='ocrx_word' id='word_1_510' title='bbox 633 4699 739 4781; x_wconf 85' lang='lat' dir='ltr'>Itaque</span> <span class='ocrx_word' id='word_1_511' title='bbox 770 4699 797 4761; x_wconf 88' lang='lat' dir='ltr'>si</span> <span class='ocrx_word' id='word_1_512' title='bbox 819 4694 880 4762; x_wconf 73' lang='lat'>45⁰</span> <span class='ocrx_word' id='word_1_513' title='bbox 902 4719 921 4762; x_wconf 90' lang='grc' dir='ltr'>ι</span> <span class='ocrx_word' id='word_1_514' title='bbox 942 4697 1056 4763; x_wconf 90' lang='lat' dir='ltr'>nodo</span> <span class='ocrx_word' id='word_1_515' title='bbox 1047 4718 1079 4762; x_wconf 91' lang='lat' dir='ltr'>m</span> <span class='ocrx_word' id='word_1_516' title='bbox 1110 4700 1238 4762; x_wconf 84' lang='lat' dir='ltr'>alterum</span> <span class='ocrx_word' id='word_1_517' title='bbox 1266 4697 1407 4760; x_wconf 87' lang='lat' dir='ltr'>trientem</span> 
     </span>
     <span class='ocr_line' id='line_1_50' title="bbox 58 4784 1407 4874; baseline -0.004 -19"><span class='ocrx_word' id='word_1_518' title='bbox 58 4792 97 4855; x_wconf 86' lang='lat' dir='ltr'>ab</span> <span class='ocrx_word' id='word_1_519' title='bbox 118 4806 258 4874; x_wconf 83' lang='lat' dir='ltr'>apogaeo</span> <span class='ocrx_word' id='word_1_520' title='bbox 279 4786 403 4863; x_wconf 78' lang='lat' dir='ltr'>insidit,</span> <span class='ocrx_word' id='word_1_521' title='bbox 435 4784 487 4851; x_wconf 73' lang='lat' dir='ltr'>lt‘</span> <span class='ocrx_word' id='word_1_522' title='bbox 509 4788 656 4850; x_wconf 88' lang='lat' dir='ltr'>alteratur</span> <span class='ocrx_word' id='word_1_523' title='bbox 683 4795 827 4869; x_wconf 88' lang='lat' dir='ltr'>punctum</span> <span class='ocrx_word' id='word_1_524' title='bbox 856 4787 1012 4868; x_wconf 79' lang='lat' dir='ltr'>eclipticas</span> <span class='ocrx_word' id='word_1_525' title='bbox 1041 4787 1227 4869; x_wconf 87' lang='lat' dir='ltr'>respondens</span> <span class='ocrx_word' id='word_1_526' title='bbox 1256 4806 1275 4849; x_wconf 89' lang='grc' dir='ltr'>ι</span> <span class='ocrx_word' id='word_1_527' title='bbox 1296 4795 1407 4868; x_wconf 86' lang='lat' dir='ltr'>puncto</span> 
     </span>
     <span class='ocr_line' id='line_1_51' title="bbox 58 4874 1409 4963; baseline -0.003 -18"><span class='ocrx_word' id='word_1_528' title='bbox 58 4880 141 4945; x_wconf 81' lang='lat' dir='ltr'>orbis</span> <span class='ocrx_word' id='word_1_529' title='bbox 162 4876 368 4955; x_wconf 73' lang='lat' dir='ltr'>Mercurialis,</span> <span class='ocrx_word' id='word_1_530' title='bbox 390 4876 479 4943; x_wconf 88' lang='lat' dir='ltr'>lineis</span> <span class='ocrx_word' id='word_1_531' title='bbox 501 4874 628 4955; x_wconf 79' lang='lat' dir='ltr'>ex&#39;Sele</span> <span class='ocrx_word' id='word_1_532' title='bbox 650 4877 777 4954; x_wconf 74' lang='grc' dir='ltr'>ιιιιιιι,</span> <span class='ocrx_word' id='word_1_533' title='bbox 799 4894 876 4960; x_wconf 89' lang='lat' dir='ltr'>quae</span> <span class='ocrx_word' id='word_1_534' title='bbox 898 4876 1084 4941; x_wconf 80' lang='lat' dir='ltr'>differentiae</span> <span class='ocrx_word' id='word_1_535' title='bbox 1106 4875 1220 4963; x_wconf 88' lang='lat' dir='ltr'>aliquid</span> <span class='ocrx_word' id='word_1_536' title='bbox 1241 4875 1353 4941; x_wconf 83' lang='lat' dir='ltr'>inferre</span> <span class='ocrx_word' id='word_1_537' title='bbox 1376 4880 1409 4941; x_wconf 88' lang='lat' dir='ltr'>et</span> 
     </span>
    </p>
   </div>
   <div class='ocr_carea' id='block_1_4' title="bbox 0 0 1688 5534">
    <p class='ocr_par' dir='ltr' id='par_1_4' title="bbox 0 0 1688 5534">
     <span class='ocr_line' id='line_1_52' title="bbox 0 0 1688 5534; baseline 0 0"><span class='ocrx_word' id='word_1_538' title='bbox 0 0 1688 5534; x_wconf 95' lang='lat' dir='ltr'> </span> 
     </span>
    </p>
   </div>
  </div>
 </body>
</html>
