3368 5534
784 348 923 404 arm
1241 306 1248 323 ’
1458 350 1533 459 uoq

178 534 243 591 tom
257 525 329 607 iam
352 534 384 589 et
398 528 436 590 de
449 528 545 603 Luna,
570 529 649 611 quod
665 529 704 589 ad
719 528 872 591 minimum
889 529 986 591 tribus
1001 529 1136 591 vehatur.
1162 528 1405 593 Consentaneum
1419 550 1478 594 una
1492 551 1531 595 ex

177 614 262 690 Sole,
286 616 419 679 secunda
434 635 471 678 ex
486 617 589 691 Terra,
610 617 702 678 tertia
725 617 755 679 iu
778 637 820 679 se.
858 616 920 680 Sed
937 625 1047 691 tamen,
1073 617 1143 697 quid
1158 617 1184 680 si
1199 617 1274 679 duaa
1287 616 1318 678 in
1337 637 1371 680 se
1384 619 1531 683 haberet?

178 704 338 779 (utTerra
352 705 420 787 ipsa
437 705 530 769 babet
551 725 640 768 uuam
664 705 782 767 rotandi
805 725 882 782 sesa,
906 708 1034 769 alterurn
1057 706 1186 768 faciendi
1208 725 1314 787 gyrum
1337 709 1475 789 apogaei‚
1500 710 1529 771 iu

176 794 264 875 cujus
287 794 563 876 compensationem
585 797 672 858 Luna
694 814 751 857 nou
775 798 882 870 rotat.)
928 796 1074 858 Videmur
1103 795 1133 857 in
1163 795 1377 874 phoenomenis
1401 816 1530 861 consen-

177 890 271 945 tanea
294 882 422 957 dicturi,
455 883 482 946 si
513 885 678 946 tribuemus
711 884 858 947 diametro
889 905 962 947 saue
985 892 1020 946 ιιι
1041 885 1188 946 hacteuus
1211 884 1271 945 vim
1301 886 1464 965 majorem,
1498 896 1531 949 at

176 970 387 1044 distentius)
413 972 520 1038 aSole
543 973 677 1036 dicamus
700 973 744 1034 ita
766 974 868 1035 confici
891 972 1066 1055 aequalibus
1082 972 1284 1054 temporibus,
1309 980 1342 1036 ut
1365 975 1529 1038 distantias

176 1080 251 1123 auae
264 1060 353 1123 Mars
369 1061 496 1124 conticit
534 1063 619 1125 Tunc
643 1081 715 1124 sane
739 1081 810 1124 suaa
825 1084 843 1124 a
859 1066 954 1125 Terra
973 1062 1078 1125 eadem
1096 1062 1143 1123 vis
1158 1062 1303 1124 conficiet.
1342 1063 1398 1126 His
1420 1065 1529 1144 positis

175 1150 235 1213 boc
258 1149 414 1232 sequitur,
447 1150 485 1212 ab
509 1154 535 1223 0⁰
562 1152 592 1213 in
616 1158 753 1213 octautss
776 1152 880 1233 augeri
903 1151 1065 1213 distantias
1088 1172 1107 1211 a
1130 1152 1240 1225 Terra,
1274 1151 1304 1214 in
1336 1152 1528 1233 quadraturis

174 1256 253 1320 pene
269 1238 449 1301 coincidere.
486 1240 565 1302 Nam
581 1238 641 1302 cito
654 1239 768 1302 transit
784 1242 810 1312 b
829 1240 858 1302 iu
875 1244 912 1315 0⁰,
936 1241 965 1300 vi
980 1248 1115 1301 extrema
1129 1239 1211 1302 Solis
1233 1250 1380 1320 promota.
1418 1242 1529 1305 Parum

175 1327 269 1409 igitur
291 1327 331 1389 ad
353 1327 456 1391 Solem
479 1329 612 1405 accedit,
643 1335 746 1409 utpote
774 1329 804 1390 iu
827 1349 920 1410 parvo
944 1337 1087 1409 tempore.
1135 1327 1251 1401 Quodsi
1274 1329 1398 1393 multum
1423 1330 1527 1407 distat,

175 1416 226 1480 diu
249 1414 343 1498 igitur
364 1425 510 1480 movetur.
557 1419 602 1481 At
623 1417 709 1480 initio
732 1418 863 1499 positum
891 1418 950 1480 cito
978 1418 1120 1480 transire.
1165 1417 1289 1480 Falsum
1311 1419 1412 1501 igitur.
1459 1421 1527 1483 Nisi

174 1504 261 1569 dicas
284 1505 345 1569 cito
368 1506 499 1569 transire
522 1507 640 1571 ratione
663 1506 773 1569 moduli
797 1527 835 1569 ex
859 1507 949 1583 Sole,
977 1507 1064 1569 tardo
1087 1507 1202 1568 ratione
1226 1506 1339 1570 moduli
1362 1527 1400 1571 ex
1423 1508 1526 1571 Terra.

262 1594 376 1658 Exorai
398 1595 491 1677 igitur
513 1615 571 1659 uon
597 1616 615 1659 a
638 1615 739 1671 seusu,
763 1596 817 1659 sed
841 1592 878 1659 ab
901 1596 1042 1676 analogia
1064 1596 1175 1677 magis,
1201 1595 1345 1672 dicamus,
1369 1606 1434 1660 tres
1457 1599 1527 1661 illue

173 1683 303 1749 virtutes
325 1703 393 1747 ease
415 1684 448 1747 in
471 1685 563 1762 Sole,
593 1686 704 1760 Terra,
737 1686 842 1756 Leua;
874 1685 904 1747 in
932 1686 1000 1746 sola
1021 1684 1108 1747 Luna
1140 1684 1346 1766 aequabilem,
1378 1686 1409 1749 in
1432 1687 1526 1749 Terra

173 1773 294 1837 ratione
325 1795 424 1838 annua
447 1776 624 1838 variabilem
651 1776 684 1839 iu
711 1794 798 1851 sese,
828 1783 860 1837 et
887 1773 1062 1837 variabilem
1088 1782 1227 1856 respectu
1255 1774 1360 1843 Lunae
1390 1776 1526 1839 aTerm

172 1862 367 1925 ascendentis
392 1871 425 1925 et
442 1863 651 1927 descendentis
662 1862 725 1940 ;1in
747 1863 819 1928 Sole
834 1863 1010 1926 variabilem
1033 1863 1151 1926 ratione
1171 1882 1311 1925 accessus
1334 1870 1366 1927 et
1387 1883 1525 1930 recessus

172 1952 282 2015 Lunae
305 1952 391 2015 etin
413 1970 550 2035 apogaeo
573 1953 656 2016 etin
681 1954 752 2015 orbe
776 1962 807 2015 et
829 1952 859 2015 iu
882 1953 998 2014 ratione
1021 1952 1169 2014 diametri.
1206 1951 1326 2016 Primae
1349 1955 1456 2017 modus
1478 1962 1527 2017 est

173 2058 263 2118 nnus,
288 2042 437 2115 secundae
461 2040 492 2117 2,
516 2044 625 2105 tertiae
648 2039 670 2105 4
694 2044 742 2117 (ιι
764 2038 805 2107 20
830 2041 868 2103 ad
892 2038 945 2117 30,
968 2049 1003 2104 ut
1024 2040 1045 2104 8
1068 2043 1106 2103 ad
1134 2040 1198 2116 10).
1239 2042 1324 2105 Haec
1348 2042 1427 2106 enim
1448 2062 1523 2125 poa·

174 2138 247 2192 sunt
268 2147 337 2193 osae
356 2130 552 2212 suspiciones.
590 2131 652 2194 Sed
675 2131 749 2194 nihil
771 2131 801 2194 iu
824 2131 916 2193 tertia
939 2130 1058 2193 videtur
1080 2129 1263 2193 considerari
1286 2130 1395 2195 debere
1416 2133 1523 2195 modus

173 2216 286 2281 tertius
309 2220 350 2292 (si
372 2220 481 2283 tertius
504 2220 595 2296 nihil,
626 2238 698 2300 ergo
720 2239 776 2282 neo
800 2219 931 2302 primus,
963 2238 1019 2281 nec
1049 2220 1221 2294 secundus).
1268 2222 1346 2283 Nam
1370 2221 1521 2285 restitutio

172 2307 401 2389 inaequalitatis
423 2316 473 2373 est
494 2308 586 2391 dupla
601 2310 640 2371 ad
656 2309 866 2372 distantiarum
879 2308 1053 2372 circuitum:
1078 2308 1185 2371 celeris
1201 2317 1250 2371 est
1264 2309 1343 2372 euim
1357 2308 1444 2373 Luna
1458 2318 1521 2373 tam

171 2395 203 2459 in
226 2396 258 2473 ὅ
280 2415 371 2477 quam
392 2396 424 2461 iu
449 2400 486 2471 00.
532 2399 569 2461 In
591 2398 722 2462 secundo
746 2416 815 2460 vero
832 2397 980 2460 celeritas
1003 2398 1057 2460 illa
1079 2404 1151 2477 puto
1174 2417 1233 2461 uon
1256 2406 1305 2461 est
1326 2398 1519 2465 animadver-
1603 2414 1617 2461 ·.

171 2484 279 2549 tibilis.
325 2485 442 2560 (Quare
465 2505 561 2568 neque
583 2487 691 2550 tertiae
714 2487 867 2567 primasi)
914 2486 1171 2571 Considerandum
1194 2494 1242 2550 est
1265 2505 1336 2569 ergo
1358 2489 1390 2551 iu
1411 2488 1521 2551 tertiae

171 2572 262 2637 modo
285 2583 402 2657 quarto,
426 2595 502 2657 quae
525 2576 567 2638 sit
590 2576 654 2656 ejus
677 2576 807 2656 genuina
829 2595 929 2638 causa.
976 2576 1025 2638 An
1050 2594 1119 2637 vere
1142 2575 1241 2639 visin
1264 2576 1410 2641 diametro
1434 2578 1520 2640 velo-

172 2662 264 2726 cior?
307 2665 357 2728 An
381 2671 430 2726 est
456 2665 501 2726 ita
530 2666 778 2746 quadraturamm
810 2664 976 2727 retardatio
1007 2664 1097 2743 plane
1126 2684 1185 2727 uon
1214 2685 1252 2727 ex
1275 2664 1366 2741 Sole,
1399 2668 1453 2729 sed
1483 2685 1520 2729 ex

173 2754 290 2835 majore
307 2754 455 2818 distantia
470 2775 489 2816 a
503 2754 620 2817 Terra?
655 2753 698 2816 Et
720 2754 882 2816 distantiae
901 2754 1028 2816 variatio
1053 2752 1161 2816 ibidem
1181 2753 1310 2816 aliunde.
1348 2756 1394 2818 At
1415 2765 1521 2819 contra

171 2840 262 2907 Luna
283 2843 385 2922 potius
410 2843 531 2925 propius
555 2845 678 2906 Terram
701 2842 797 2919 veuit,
822 2843 891 2924 quia
914 2843 1025 2905 cressit
1047 2843 1112 2924 eJus
1134 2842 1273 2906 latitudo.
1320 2844 1382 2907 Sed
1404 2845 1446 2907 ait
1468 2844 1521 2907 illa

169 2930 301 2994 variatio
323 2928 493 2995 latitudinis
517 2951 590 2994 saue
614 2932 732 2994 aliunde
756 2933 858 3007 (rouo,
882 2932 960 3013 quod
977 2933 1081 2994 eadem
1096 2939 1143 2994 eat
1160 2932 1312 3014 proportio
1333 2934 1426 2997 totius
1445 2933 1519 2996 lati-

168 3019 285 3083 tudinis
307 3021 345 3083 ad
369 3020 448 3083 huuc
471 3040 637 3093 excessum,
660 3040 736 3103 quae
760 3021 841 3084 orbis
865 3023 976 3083 Terrae
999 3022 1038 3084 ad
1062 3021 1162 3099 orbem
1177 3023 1309 3097 Lunae).
1347 3023 1416 3085 Jam
1439 3022 1518 3096 vide,

169 3108 243 3190 quid
266 3117 410 3192 sequatur
432 3109 463 3171 in
488 3110 704 3190 longitudinem
727 3118 759 3171 et
781 3112 971 3190 apogaeum?
1014 3110 1099 3174 Idem
1121 3130 1242 3191 nempe,
1267 3112 1346 3193 quod
1365 3112 1430 3192 jarn
1452 3112 1518 3194 pri-

168 3198 249 3273 dem,
274 3197 343 3261 duur
367 3197 553 3262 consideravi
576 3199 659 3260 sinus
683 3198 882 3279 elongationis
906 3199 1096 3263 adiametro.
1132 3200 1210 3262 Nam
1235 3200 1261 3262 ei
1284 3207 1349 3262 tota
1371 3200 1519 3264 distantia

167 3287 194 3361 )
221 3308 241 3348 a
264 3284 305 3365 Θ
330 3288 481 3363 foenerat,
512 3287 613 3368 portio
643 3287 877 3349 eoceutricitatis
907 3307 965 3350 uon
989 3290 1047 3351 nisi
1071 3289 1102 3350 in
1124 3291 1314 3370 proportione
1338 3290 1517 3366 foenerabit,

166 3394 275 3458 parum
296 3394 412 3455 nempe.
458 3376 536 3439 Nam
560 3376 635 3438 illud
654 3377 718 3455 jam
741 3376 855 3456 pridem
879 3377 1025 3448 sciebam,
1049 3385 1081 3438 et
1103 3378 1130 3438 si
1152 3380 1335 3459 perpendas,
1359 3388 1393 3442 ut
1415 3380 1516 3463 Tycho

167 3464 256 3541 dixit,
281 3466 384 3546 augeri
408 3466 661 3528 ecceutricitatem
684 3466 715 3527 iu
739 3465 938 3544 quadraturis,
964 3467 1050 3547 quasi
1073 3464 1192 3546 ellipsin
1215 3468 1322 3530 tendes
1337 3488 1356 3530 a
1369 3471 1405 3543 [J
1422 3470 1451 3532 in
1470 3469 1515 3543 [l.

168 3565 200 3618 et
223 3554 448 3636 apogaeitatem
469 3552 733 3635 proportionaliter
755 3574 877 3635 augeas.

255 3680 332 3735 Nota
351 3680 429 3736 haee.
470 3682 502 3735 In
523 3680 698 3752 quadraturis
719 3680 868 3735 distantiae
889 3686 954 3735 aunt
973 3679 1233 3738 semidiametrorum
1254 3678 1305 3747 54,
1328 3679 1379 3748 60,
1409 3702 1446 3741 ao.
1472 3679 1514 3748 'iso

165 3763 201 3817 de
221 3760 330 3831 majori.
371 3760 399 3815 Si
421 3756 511 3815 57οι
534 3755 658 3825 100000,
682 3761 745 3833 quid
767 3757 805 3814 3?
828 3755 972 3816 -5263.
1010 3759 1157 3816 Subteudit
1178 3754 1210 3819 3⁰
1233 3758 1267 3826 1‘,
1290 3764 1401 3835 duplum
1422 3759 1456 3820 6ο
1477 3762 1514 3831 2’,
1626 3806 1631 3821 .

164 3847 251 3897 tanta
269 3858 324 3895 non
344 3848 389 3896 est
409 3840 539 3912 aequatio
559 3841 656 3895 Lunae
677 3841 894 3911 oppositionalis.
935 3840 989 3895 Sed
1012 3834 1162 3896 insensibili
1181 3842 1316 3911 juvatur,
1344 3852 1378 3899 ιιι
1397 3848 1515 3915 prodeat

164 3920 297 3994 aequatio
319 3920 537 3992 oppositicualis,
557 3929 592 3976 ut
611 3922 633 3976 si
654 3921 711 3975 siut
731 3921 880 3976 distantiae
901 3916 947 3985 55,
971 3916 1017 3978 60.
1056 3922 1103 3977 Ita
1123 3923 1146 3977 si
1165 3923 1222 3977 siut
1244 3919 1297 3988 53,
1319 3920 1375 3989 60,
1394 3926 1514 3995 prodibit

159 4002 258 4075 ¹jutus
278 4001 402 4056 modmus
422 4001 594 4072 aequatiouis
615 4002 814 4073 quadrantalis.
842 4002 946 4056 Eadem
967 3999 1116 4073 igiturest
1137 4003 1272 4060 distantia
1290 4004 1319 4058 iu
1340 4005 1513 4076 quadraturis

163 4099 204 4139 ex
223 4081 427 4146 otoensuom,
449 4088 479 4135 et
500 4072 527 4141 00
548 4100 585 4136 ex
606 4081 816 4138 ratiocinatione
837 4081 953 4153 physica
972 4082 1098 4153 simplici.
1140 4084 1198 4139 Neo
1218 4085 1247 4139 iu
1265 4084 1400 4141 varianda
1418 4103 1513 4141 eccen-

164 4162 289 4223 trieitato
310 4151 337 4225 )
358 4163 422 4232 plus
443 4162 555 4235 integra
574 4163 677 4217 Terrae
698 4163 830 4217 diametro
851 4179 920 4235 opus
940 4163 1083 4228 babemus,
1103 4170 1137 4218 ut
1155 4164 1273 4239 physica¹
1292 4166 1408 4237 simplici
1427 4166 1513 4222 ratio·

164 4242 305 4299 οἰιιιιίοιιο
324 4248 468 4313 utramque
490 4241 661 4313 aequationis
683 4242 864 4314 quantitatem
884 4242 1031 4298 seriemus.

254 4331 286 4387 ln
306 4330 369 4385 aliis
389 4332 423 4386 de
442 4331 523 4386 Luna
542 4331 615 4386 foliis
636 4331 675 4386 sio
695 4331 789 4387 statui.
830 4332 902 4388 Vere
923 4334 1054 4389 decedere
1075 4333 1178 4406 aliquid
1196 4335 1293 4391 Lunae
1314 4334 1412 4401 motui,
1434 4352 1511 4391 acce·

163 4414 231 4467 dere
250 4409 387 4481 tempori,
418 4427 477 4466 oum
505 4411 674 4467 ediametro
695 4412 766 4466 Solia
787 4413 929 4484 egreditur
956 4408 1031 4482 (esto
1059 4430 1161 4480 causa,
1193 4416 1264 4487 quod
1291 4414 1463 4489 inaequalem
1483 4425 1512 4472 st

162 4498 352 4548 maenam
371 4491 470 4545 ceteris
490 4491 623 4547 sideribus
643 4492 717 4547 viam
737 4489 846 4561 currit).
886 4492 928 4548 lbi
948 4494 1080 4566 sequitur,
1102 4497 1173 4565 quud
1194 4494 1358 4549 aemiluuula
1377 4498 1509 4553 eecentri·

162 4571 257 4627 oitatis
277 4571 315 4626 sit
335 4572 369 4626 ad
390 4578 517 4643 quartam
537 4572 630 4626 circuli
650 4572 735 4642 plani,
758 4578 789 4626 ut
808 4569 825 4629 5
846 4574 881 4626 ad
896 4567 942 4638 90,
963 4590 1029 4646 pars
1046 4567 1098 4635 'liu
1128 4574 1182 4628 Sed
1202 4575 1437 4646 praesupponitur
1456 4577 1509 4642 bic,

162 4654 345 4724 quadrantem
374 4660 404 4706 et
433 4653 555 4708 lunulam
583 4652 828 4724 proportionaliter
856 4653 1015 4710 increscere.
1056 4654 1126 4709 Num
1155 4654 1342 4710 concentricus
1371 4658 1509 4727 quadrans

162 4732 284 4788 lsabem
302 4728 342 4789 00
361 4733 499 4804 temporis.
539 4734 764 4788 At.eooentricus
783 4733 872 4789 babet
893 4728 984 4799 eva,
1012 4736 1119 4804 dequo
1140 4729 1192 4796 2¹1.
1215 4737 1332 4790 debetur
1350 4738 1509 4793 eccentrici·

161 4813 226 4871 tati.
258 4812 396 4884 Repetam
415 4814 487 4868 bauo
504 4813 755 4869 considerationem.
788 4815 867 4880 Ειιο,
888 4820 922 4868 ut
938 4814 1035 4879 virtus,
1057 4829 1127 4886 quae
1148 4823 1193 4870 est
1213 4816 1249 4870 ab
1269 4817 1509 4889 approximatione

161 4887 1337 4968 &meiiusaqusnpropordomspssgssusmtusulsuatiaqusuanssn
1361 4898 1509 4957 Exitum
