3368 5534
268 324 333 397 694
809 321 921 379 tunam
938 327 967 378 v.
987 314 1077 379 rimer

267 506 460 570 Ptolemaeus
482 504 557 566 illud
581 504 798 586 aequinoctium
823 506 1014 578 autumnale,
1047 505 1126 586 quod
1149 502 1276 582 contigit
1298 501 1351 568 32.
1375 504 1488 567 tertiae
1513 504 1616 586 Oulip-

266 596 370 677 picae,
394 594 442 655 dio
467 590 497 657 2.
521 592 753 673 Epngomenon,
778 596 913 657 conferat
937 596 966 656 in
993 591 1064 657 178.
1088 592 1193 656 mortis
1216 592 1404 668 Alexandri,
1428 612 1498 656 cum
1521 602 1616 656 umen

267 686 307 745 ad
330 683 538 762 complendum
566 682 626 759 177
651 684 689 743 ab
713 684 828 764 epocha
853 681 904 745 12.
928 685 1005 744 Nov.
1032 688 1226 761 superessent
1248 682 1306 743 duo
1329 702 1407 763 pena
1432 682 1511 746 dies.
1556 682 1617 747 liec

267 780 370 854 potest
402 770 482 846 diei,
515 772 636 832 vernale
669 770 884 851 praecessisse.
937 774 1016 836 liam
1046 771 1116 851 quia
1146 770 1215 832 anni
1244 768 1393 851 Calippici
1427 770 1618 851 incipiunta

268 861 419 934 solstitio,
450 859 479 919 in
504 879 539 922 eo
564 859 655 938 igitur
678 880 755 921 anno
779 861 933 941 praecedit
955 860 1144 921 autumnale:
1175 874 1331 939 utrumqne
1354 868 1460 922 autem
1483 861 1618 941 assignat

269 950 363 1013 eidem
388 945 440 1011 32.
459 968 545 1010 anno.
584 949 649 1009 Hoc
667 969 754 1010 unum
772 959 829 1013 est.
863 949 979 1012 Deinde
1004 950 1029 1011 si
1048 948 1182 1010 baecita
1200 947 1342 1047 habeapt,
1366 949 1509 1032 equidem
1522 948 1617 1013 Alba-

269 1039 388 1119 tegnins
411 1036 441 1099 in
471 1036 631 1098 intervallo
660 1038 738 1098 inter
762 1038 966 1100 Ptolemaeum
997 1048 1027 1099 et
1056 1056 1088 1098 se
1119 1036 1274 1099 erraverit.
1320 1038 1522 1101 Ptolemaeus
1544 1038 1618 1101 enim

268 1145 378 1189 annum
391 1125 600 1187 Nabonassari
615 1126 717 1200 tradit,
733 1127 936 1207 Albategnins
949 1127 1101 1190 Juliauum
1116 1145 1169 1187 seu
1184 1125 1330 1206 tropicum
1346 1126 1505 1207 intelligit.
1538 1126 1620 1200 Quos

268 1216 359 1297 igitur
372 1214 423 1276 ille
435 1210 498 1277 743
510 1223 672 1294 computat,
688 1214 730 1275 illi
748 1234 779 1277 re
794 1235 866 1277 vera
876 1212 941 1279 744
951 1225 1029 1279 sunt.
1054 1214 1088 1276 ld
1105 1214 1183 1276 enim
1192 1214 1437 1279 animadvertens
1449 1216 1620 1297 Bantingns

267 1304 370 1367 nescio
394 1302 465 1383 quid
489 1302 572 1364 dicit.
612 1302 672 1364 Sed
697 1322 734 1363 ex
758 1303 823 1383 ejus
842 1302 1114 1385 computationibus
1137 1304 1210 1385 (qua
1226 1321 1258 1364 re
1276 1304 1347 1367 mdri
1369 1314 1539 1387 pergratus
1561 1308 1619 1379 est)

187 1379 194 1397 ⁸
268 1401 412 1474 apparet,
442 1391 641 1453 Reinlroldom
664 1392 849 1471 Albategnio
873 1393 931 1454 vim
955 1392 1083 1467 secisse,
1113 1393 1198 1473 qnasi
1225 1389 1307 1457 1206
1336 1401 1368 1456 et
1393 1390 1481 1459 1194
1507 1394 1619 1458 intelli·

268 1483 357 1562 gendi
380 1487 485 1542 essent
506 1480 563 1541 hoc
587 1481 653 1541 loco
677 1481 714 1541 de
738 1481 917 1562 Aegyptiis:
950 1502 1015 1543 cum
1039 1489 1138 1543 tammr
1164 1501 1199 1542 eo
1223 1481 1289 1561 ipso
1313 1501 1391 1544 anuo
1415 1482 1545 1546 Juliano
1566 1503 1620 1546 non

268 1570 458 1652 Aegyptiace
488 1569 612 1649 eclipsin
642 1570 788 1631 collocet:
825 1590 899 1651 quae
934 1571 1089 1632 character
1119 1578 1166 1631 est
1193 1570 1398 1634 irrefutabilis.
1447 1572 1537 1633 llaec
1559 1592 1621 1635 mea

268 1659 427 1723 ratiocinia
447 1657 474 1719 si
493 1658 680 1720 admittenda
695 1677 811 1733 censes,
834 1668 961 1739 possunt
984 1661 1012 1720 in
1036 1661 1167 1721 loturum
1191 1679 1258 1721 esse
1277 1660 1373 1723 utilia
1401 1661 1498 1725 'Anni
1521 1671 1619 1724 umen

270 1749 423 1830 quantitas
446 1764 504 1808 non
528 1747 623 1808 multo
651 1746 753 1826 prodit
781 1747 850 1809 alia.
898 1747 1099 1828 Albategnius
1127 1747 1205 1810 enim
1232 1749 1325 1811 habet
1345 1748 1374 1811 h.
1400 1748 1433 1813 5.
1457 1746 1517 1814 dd‘
1540 1746 1619 1824 2d'‘;

177 1820 187 1849 ⁸
271 1843 422 1900 comestus
444 1835 474 1896 lr.
499 1834 530 1898 5.
555 1831 610 1899 45’
634 1831 708 1910 56”,
734 1836 831 1898 adhuc
847 1836 972 1917 ¹brevior
995 1857 1047 1917 per
1070 1834 1134 1900 28⁰
1157 1836 1258 1899 horae.

357 1926 404 1989 De
433 1922 512 1985 aeris
540 1923 690 2004 Alphonsi
724 1925 840 2003 gratias
873 1945 930 2004 ago
962 1928 1039 2005 quod
1068 1926 1218 1988 monuisti
1269 1927 1348 1990 Nam
1376 1926 1408 1988 in
1440 1927 1480 1989 iis
1511 1928 1619 1991 tabulis

269 2033 374 2097 parum
391 2022 530 2075 versatus
545 2032 622 2085 snm,
646 2032 712 2075 cnm
736 2014 767 2074 id
791 2034 848 2075 uon
874 2019 951 2075 t'erat
973 2034 1044 2076 usus
1057 2034 1066 2087 ;
1090 2014 1164 2076 illud
1185 2016 1360 2097 aTychone
1384 2016 1486 2080 solum
1510 2017 1618 2091 audiri,

269 2102 468 2168 consulendas
492 2102 562 2163 olim
586 2102 665 2174 illas,
690 2121 765 2183 quae
790 2103 1008 2183 aequinoctium
1031 2104 1196 2183 praebeant
1218 2124 1271 2167 sno
1291 2105 1441 2185 Alphonsi
1466 2114 1617 2189 tempore;

269 2212 328 2256 nou
350 2210 384 2253 se
407 2191 555 2264 dubitare,
580 2190 648 2270 quio
670 2191 890 2272 aequinoctium
903 2192 1131 2254 observaverint
1153 2192 1237 2274 eique
1259 2192 1381 2257 tabulas
1405 2205 1617 2275 superstruxe-

269 2282 338 2346 rint.
374 2281 421 2343 De
444 2290 545 2341 cetero
569 2298 627 2341 non
650 2279 745 2341 molta
769 2280 851 2342 facta
874 2289 922 2341 est
944 2300 1045 2343 aarum
1069 2282 1189 2344 mentio.
1232 2282 1387 2345 Leovitius
1411 2284 1503 2346 uobis
1527 2285 1617 2347 vicen

269 2390 370 2433 earum
394 2369 546 2448 supplevit
569 2376 602 2429 ut
623 2369 792 2447 plurimum.
837 2369 916 2430 Illud
939 2369 969 2430 in
993 2388 1102 2448 genere
1125 2371 1240 2433 monuit
1260 2371 1462 2447 Reinholdos,
1486 2375 1548 2437 tine
1568 2392 1616 2434 ca·

268 2478 378 2522 nonum
406 2477 494 2519 aeras
516 2457 666 2538 Alphonsi
696 2478 715 2518 a
744 2477 815 2518 vera
848 2458 975 2519 historia
1006 2459 1107 2521 multis
1140 2459 1169 2521 in
1200 2459 1337 2539 partibus
1365 2461 1532 2542 plurimum
1559 2462 1617 2524 dis-

271 2566 405 2610 creare.

323 2567 500 2700 p(letarum
532 2634 561 2696 in
594 2632 787 2715 sequentibus
821 2633 976 2695 ridiculum
1007 2634 1078 2695 milri
1111 2635 1259 2716 negotium
1290 2637 1413 2700 exbdret
1440 2638 1618 2720 Magnitudo

271 2726 355 2800 Tua,
379 2725 448 2786 dom
472 2742 519 2785 me
539 2722 625 2802 jubet
648 2722 795 2803 principia
819 2722 988 2784 defendere.
1026 2723 1150 2786 Scilicet
1172 2743 1274 2786 omnes
1288 2725 1459 2789 Ptolemaei
1478 2738 1513 2791 et
1528 2727 1617 2791 ctat-

207 2826 210 2831 “
271 2816 413 2877 daeorum
436 2811 662 2873 observationes
686 2819 772 2874 emnt
796 2810 917 2886 dubiae,
946 2813 972 2873 si
995 2811 1141 2882 eviceris,
1172 2814 1315 2894 quosdam
1338 2815 1506 2880 historicos
1529 2836 1618 2880 moos

270 2922 374 2985 regum
403 2902 457 2964 sub
485 2900 592 2982 quibus
625 2902 823 2962 observamnt
850 2900 938 2961 aliter
961 2920 1124 2963 numerare.
1172 2900 1261 2977 Scio,
1292 2923 1351 2966 non
1373 2914 1405 2967 te
1428 2906 1474 2968 ita
1496 2906 1616 2979 madre

272 2995 325 3055 sed
348 2992 408 3053 mei
430 2990 566 3051 tentandi
590 2990 690 3069 gratia
714 2990 863 3063 scribere;
887 2989 940 3050 sed
963 2991 1032 3070 quia
1054 3009 1228 3071 responsum
1251 3011 1357 3071 urges.
1380 2995 1552 3075 parendum
1574 3006 1618 3057 eat

270 3089 413 3161 tanquam
437 3079 467 3140 in
489 3098 521 3141 re
545 3077 634 3139 seria.
679 3078 787 3140 Dicam
810 3078 934 3158 primum
959 3097 1012 3157 pro
1035 3080 1232 3156 astronomia,
1260 3082 1368 3145 deinde
1389 3102 1446 3162 pro
1470 3082 1616 3147 historiis

272 3169 459 3250 Quamquam
488 3186 542 3248 pro
571 3168 757 3229 astronomia
784 3185 874 3246 supra
903 3167 985 3241 diri,
1007 3187 1084 3229 -cum
1114 3167 1198 3231 illam
1227 3178 1307 3233 tuam
1337 3171 1564 3236 dubitationem
1585 3173 1618 3234 de

273 3256 492 3339 antiquissimis
516 3255 686 3316 monarchis
710 3265 779 3318 ante
802 3255 1007 3318 Alexandrum
1030 3264 1194 3334 tangerem.

361 3346 419 3409 Hic
446 3345 511 3426 jam
544 3344 637 3405 multo
671 3344 840 3425 aequiorem
872 3343 969 3406 habeo
1001 3364 1131 3406 causam.
1179 3345 1277 3425 Supra
1307 3349 1344 3411 de
1375 3369 1487 3431 magno
1519 3351 1617 3433 aliquo

276 3454 418 3498 annorum
443 3452 564 3495 numero
589 3433 626 3494 lis
650 3441 724 3507 erat,
745 3433 809 3513 jam
832 3433 868 3494 de
892 3453 948 3495 uno
972 3453 1049 3495 anno
1069 3433 1184 3513 imperii
1198 3436 1335 3512 Adriani,
1359 3440 1493 3520 Trajani,
1519 3444 1617 3503 Anto-

277 3524 349 3598 nini,
371 3522 547 3596 Domitiani,
571 3531 602 3583 et
625 3522 664 3583 ad
688 3541 831 3584 summum
856 3522 892 3583 de
917 3522 1034 3584 biennio
1057 3522 1086 3583 iu
1106 3525 1192 3585 aunis
1207 3525 1310 3587 mortis
1324 3528 1494 3592 Alexandri
1510 3532 1617 3611 agitor.

275 3612 361 3677 Nihil
384 3612 458 3674 haec
482 3610 752 3692 disceptatiuncula
776 3611 850 3672 facit
873 3611 911 3671 ad
934 3612 1066 3673 incertas
1090 3612 1243 3675 faciendas
1267 3614 1506 3682 observationes.
1554 3618 1617 3681 Ob-

277 3701 463 3763 servationes
488 3701 516 3762 in
540 3702 708 3763 universum
732 3700 789 3761 hae
813 3709 901 3760 sunt:
931 3699 1125 3779 aequinoctii,
1154 3702 1312 3779 Mercurii,
1335 3706 1480 3782 Veneris,
1505 3709 1619 3775 Lunae,

279 3790 442 3871 eclipsiom.
485 3788 535 3851 Sic
560 3788 724 3851 definiendo
748 3787 928 3868 aequinoctii
952 3808 1029 3850 anno
1052 3788 1245 3853 Ptolemaeus
1267 3794 1449 3858 mentionem
1470 3795 1617 3878 Principis

278 3880 408 3942 Romani
438 3880 535 3960 potuit
568 3877 727 3952 omittere;
761 3878 868 3939 sufficit
894 3886 927 3938 ut
955 3877 1133 3940 indicaverit
1159 3882 1371 3946 connexionem
1399 3902 1468 3949 com
1496 3885 1618 3967 periodo

282 3967 447 4049 Calippiea.
492 3968 525 4028 ln
550 3967 605 4027 hac
633 3966 814 4027 connexione
842 3967 938 4028 falsus
966 3967 1112 4028 nonfuit.
1157 3967 1273 4032 Eadem
1301 3972 1378 4034 enim
1405 3973 1515 4050 Luna,
1547 3992 1618 4058 qnae

282 4056 409 4138 Colippo
439 4076 509 4116 suas
536 4055 688 4136 periodos,
718 4054 893 4115 Ptolemaeo
924 4074 1005 4116 suam
1030 4075 1049 4115 a
1072 4054 1238 4137 Calippicis
1266 4057 1443 4124 distantiam
1465 4064 1617 4143 patefecit

282 4148 346 4211 Nec
370 4145 485 4207 difficile
510 4154 598 4224 caput
623 4143 753 4204 invenire
776 4144 908 4223 periodi:
933 4163 991 4205 non
1015 4146 1173 4223 quotannis
1196 4146 1378 4211 novilunium
1400 4151 1431 4213 in
1458 4146 1495 4215 l‘
1519 4167 1553 4221 Θ
1575 4154 1618 4215 io-

284 4234 364 4296 cidit
410 4235 445 4295 In
471 4232 586 4293 Venere
611 4243 641 4291 et
664 4231 826 4304 Mercurio,
851 4232 877 4293 si
902 4251 983 4292 error
1006 4231 1036 4293 in
1058 4252 1201 4297 annorum
1224 4235 1285 4299 illic
1308 4234 1344 4311 8,
1367 4239 1416 4301 hic
1443 4237 1484 4305 ¹3
1507 4259 1620 4305 summ

284 4322 504 4394 committatur,
536 4327 651 4381 tantum
684 4319 854 4381 observatio
886 4320 1055 4395 aberravit,
1088 4332 1230 4403 quantum
1257 4304 1378 4405 planeta
1405 4328 1445 4390 ad
1475 4348 1620 4395 mmnm

195 4438 204 4455 ·
285 4410 373 4473 biduo
396 4410 523 4472 conficit.
567 4409 647 4472 Nam
669 4418 739 4488 post
761 4406 782 4472 8
806 4427 899 4470 annos
923 4409 1040 4483 Venus,
1064 4419 1134 4490 post
1159 4409 1198 4475 13
1220 4413 1387 4479 Mercurios
1409 4420 1620 4499 propemodum

286 4498 390 4562 eodem
416 4497 616 4561 revolvuntur.
662 4500 707 4559 At
733 4508 765 4559 tu
796 4497 1012 4578 praesupponis
1044 4500 1130 4561 unius
1163 4501 1270 4564 saltem
1296 4504 1367 4566 anni
1395 4516 1451 4569 ant
1476 4526 1620 4571 summum

287 4586 397 4650 biennii
419 4605 559 4649 errorem.
605 4582 705 4656 Quare
728 4585 912 4665 impossibile
935 4594 992 4661 est,
1016 4587 1042 4647 si
1065 4607 1160 4651 annus
1182 4592 1403 4657 observationis
1426 4597 1619 4667 adulteretur.

288 4682 404 4738 utnon
426 4683 512 4738 tanta
535 4675 577 4736 sit
598 4674 785 4736 dissonantia
808 4673 1024 4736 observationis
1047 4695 1113 4738 cum
1136 4679 1315 4743 coelestibus
1338 4683 1485 4761 motibus,
1514 4686 1620 4766 volgo·

288 4762 363 4827 riter
384 4764 492 4826 saltem
514 4773 546 4824 et
568 4782 671 4825 crassa
692 4762 831 4825 Minerva
853 4763 990 4843 coguitis,
1013 4775 1156 4845 quantam
1177 4770 1225 4831 vel
1243 4789 1350 4834 coecus
1366 4772 1495 4855 palpare
1517 4774 1619 4857 possit.

290 4850 378 4915 Adde
392 4853 470 4933 quod
485 4860 590 4915 neutra
603 4851 706 4915 bmnm
721 4850 961 4915 observationum
976 4853 1111 4917 mlitarie
1124 4857 1253 4936 ponitur,
1275 4861 1332 4923 sed
1352 4861 1399 4925 illi
1421 4863 1507 4927 laem
1523 4874 1620 4927 certas
