3368 5534
169 283 236 354 270
648 291 688 345 De
706 289 815 349 nodia
832 291 926 348 Stellae
943 292 1033 349 Mans

168 463 211 528 ibi
232 467 333 532 brevis
356 470 390 533 lit
405 467 462 537 01(
476 469 622 534 distantia
643 471 737 535 centri
760 471 936 554 systematis
958 492 978 534 a
999 471 1104 548 Terra,
1125 471 1176 537 nbi
1199 471 1292 553 longa
1311 473 1349 537 tlt
1369 469 1426 538 071
1448 470 1517 536 dia·

168 554 267 619 tantia
289 557 373 622 Solis
396 581 416 622 a
437 561 542 636 Terra,
565 568 597 622 et
619 569 733 635 contra,
756 561 810 624 illa
833 561 887 627 GL
909 562 1010 641 longa,
1033 560 1082 624 ubi
1105 561 1180 624 hacc
1204 561 1260 627 cb
1281 561 1395 625 brevis.

257 642 360 711 (lausa
390 668 600 713 couversarum
622 650 652 713 iu
674 652 752 714 huuc
774 652 894 713 modum
924 649 1060 732 apsidum
1083 650 1158 714 haec
1186 658 1242 712 est
1288 652 1410 714 Terra
1437 648 1518 712 euim

169 730 378 816 Ceperuico
409 739 598 820 perambulat
628 740 796 802 conuarias
827 747 932 820 partes
961 739 1042 803 Soli
1073 738 1286 822 Tycbouico
1317 747 1350 803 et
1381 738 1518 821 cpicyalo

168 825 420 890 Ptolemaico:
445 834 478 889 et
498 847 569 890 vero
592 828 663 902 Dc,
687 827 755 904 GE,
779 829 943 891 distantiae
966 831 1077 893 Terrae
1101 829 1232 903 aS01e‚
1261 827 1345 892 Solis
1368 849 1389 893 a
1410 830 1518 903 Terra,

172 921 204 976 at
224 913 336 977 Martis
358 918 388 978 11
410 916 496 979 vell
518 937 538 978 a
560 926 662 980 centro
683 919 710 980 F
732 914 926 1000 aequalitatis
948 917 1084 1000 epicycli,
1109 917 1292 981 subtenduut
1312 917 1443 998 angulos
1463 936 1520 997 per

171 1021 275 1066 amnes
297 1011 361 1069 tres
384 1006 498 1069 formas
519 1004 653 1085 ejusdem
676 1006 870 1088 quantitatis:
903 1026 975 1087 ergo
999 1013 1031 1068 et
1052 1005 1215 1070 distantiae
1238 1004 1321 1071 Solis
1344 1014 1379 1070 at
1403 1007 1518 1070 Terrae

167 1091 392 1173 Gopernicauae
424 1095 455 1158 iu
476 1095 643 1158 contrarias
681 1097 789 1177 plagas
825 1097 1044 1160 transferentur
1071 1097 1233 1159 aBraheo
1269 1102 1301 1158 et
1328 1095 1518 1170 Ptolemaeo,

170 1180 309 1245 nimirum
333 1181 387 1247 GE
410 1184 439 1246 iu
464 1181 518 1247 CL
540 1184 589 1247 vel
610 1186 675 1261 Fll,
698 1193 730 1248 et
752 1185 808 1251 01)
830 1185 861 1248 in
885 1184 941 1249 01(
963 1185 1012 1248 vel
1033 1184 1085 1250 FL

254 1271 299 1335 Ut
311 1272 403 1353 igitur
416 1273 743 1354 bancspcculatiouem
757 1274 1017 1338 observationibus
1032 1276 1080 1336 vel
1096 1275 1305 1338 confirmarem
1325 1273 1375 1335 vel
1391 1271 1518 1336 convel-

165 1360 269 1435 lerem,
283 1360 361 1424 hauc
375 1361 456 1424 viam
471 1361 656 1427 insistebam.
686 1362 762 1427 Cum
776 1383 942 1445 apogaeum
955 1364 1038 1428 Solis
1054 1363 1141 1426 sitin
1156 1357 1296 1446 50100,
1312 1361 1464 1445 quaesivi,
1477 1381 1518 1424 au

165 1455 302 1511 exstaret
316 1451 498 1527 observatio,
522 1469 587 1514 eum
602 1453 758 1523 dratinus
780 1454 894 1534 primae
917 1452 1142 1534 inaequalitatis
1156 1459 1240 1515 esset
1251 1451 1301 1514 bis
1314 1452 1346 1514 in
1364 1443 1450 1533 5¹12·
1468 1461 1517 1517 Ε

165 1537 215 1600 vel
230 1536 280 1614 Y:
298 1536 338 1618 Θ
354 1559 426 1602 vero
440 1539 607 1623 altrobiqne
629 1541 660 1604 in
675 1533 759 1622 5¹l,⁰
773 1557 817 1618 eo,
839 1542 947 1604 deinde
970 1534 1156 1623 11501015.
1192 1540 1288 1623 Atqui
1310 1540 1369 1604 hoc
1390 1558 1453 1603 uon
1467 1547 1517 1603 est

166 1626 329 1707 possibile,
360 1637 394 1692 ut
421 1631 476 1692 tiat
503 1629 583 1692 intra
609 1638 672 1694 tam
702 1631 793 1694 breve
817 1627 876 1705 (20
898 1631 948 1692 vel
970 1628 1014 1695 30
1036 1633 1195 1706 annorum)
1222 1630 1364 1710 spatium.
1412 1628 1519 1692 Motus

164 1715 244 1778 euim
267 1712 413 1798 periodici
435 1717 546 1781 Martis
569 1727 601 1782 et
621 1720 705 1784 Solis
735 1728 806 1783 sunt
827 1720 1158 1795 incommensurabiles,
1190 1737 1245 1781 uec
1272 1737 1403 1802 unquam
1427 1717 1518 1781 simul

166 1805 198 1867 iu
230 1825 301 1869 snas
325 1815 450 1889 quartas
481 1807 530 1868 vel
561 1809 700 1890 opposita
727 1810 863 1873 incidunt
891 1817 964 1890 poet
993 1816 1134 1890 peractos
1166 1808 1341 1871 alterutrius
1372 1806 1517 1870 circuitus

165 1893 315 1974 integros,
348 1916 507 1977 eorumque
530 1897 654 1960 dimidia
676 1905 708 1961 et
735 1906 867 1981 quartas.
914 1897 1057 1979 Oportuit
1085 1898 1177 1979 igitur
1199 1897 1326 1978 eligere,
1357 1895 1438 1978 quod
1461 1895 1518 1958 fnit

154 1985 305 2072 ‚quaesito
328 1985 511 2067 proximum,
543 1994 577 2049 et
603 1987 714 2051 multos
737 1987 920 2051 constituere
944 1987 1009 2049 dies
1038 2005 1092 2068 per
1118 1987 1175 2050 hos
1198 1982 1242 2050 20
1263 2005 1376 2060 annos,
1408 1984 1517 2066 qmbua

166 2073 291 2154 planeta
313 2083 362 2138 est
380 2074 571 2150 observatus,
595 2075 625 2138 in
654 2077 760 2158 quibus
782 2077 934 2139 anomalia
956 2075 1198 2139 commutationis
1220 2082 1405 2157 coaequatae
1434 2082 1518 2137 esset

166 2157 227 2226 800
249 2161 400 2228 ve1270⁰
422 2165 470 2226 vel
492 2164 628 2245 proxime
651 2174 745 2240 tanta,
769 2166 869 2229 Marte
884 2167 915 2230 iu
930 2161 968 2229 60
981 2165 1017 2243 Υ
1032 2165 1079 2226 vel
1095 2175 1142 2233 ἢ
1157 2164 1221 2238 (vel
1244 2164 1341 2239 circa)
1363 2172 1515 2227 versante.

164 2252 361 2317 Postmodum
392 2253 462 2317 illos
493 2253 557 2316 dies
586 2273 688 2319 omues
717 2256 849 2336 oportuit
878 2256 909 2316 iu
938 2255 1108 2335 catalogum
1135 2253 1381 2317 observationum
1402 2252 1516 2317 Martis

165 2339 337 2418 immittere,
360 2350 394 2405 nt
415 2342 557 2420 viderem,
581 2364 621 2407 an
634 2345 726 2408 etiam
743 2346 783 2408 iis
805 2344 1095 2417 momentissfuisset
1116 2342 1303 2406 observatus.
1339 2341 1515 2416 Quodnisi

168 2431 408 2512 frequentissime
431 2431 539 2495 luisset
560 2434 646 2497 Mars
670 2435 847 2498 observatus
869 2454 889 2495 a
911 2420 1143 2514 dilig’eutissimo
1156 2431 1298 2514 Tychone
1312 2431 1427 2507 Brabe,
1451 2440 1515 2493 tam

168 2520 319 2601 exquisita
344 2520 402 2584 fnit
423 2521 498 2583 baec
521 2521 640 2600 electio,
663 2531 697 2586 ut
719 2523 782 2587 voti
796 2542 917 2605 compos
939 2522 1003 2585 fieri
1021 2540 1081 2584 non
1103 2521 1280 2602 potuissem.
1317 2518 1394 2583 Gmn
1412 2528 1515 2582 autem

168 2610 273 2692 Tycha
300 2611 454 2690 posuisset
480 2629 645 2692 apogaeum
673 2622 699 2684 d
726 2613 756 2675 iu
784 2606 889 2694 23¹l,⁰
912 2617 946 2688 0,
968 2612 1169 2692 requireretur
1191 2629 1264 2673 vero
1294 2610 1381 2673 locus
1402 2607 1515 2672 Martis

166 2717 222 2780 per
254 2701 463 2785 aequationem
495 2702 626 2765 eccentri
658 2709 810 2766 correctns
842 2695 926 2783 5¹l,⁰
957 2711 1024 2767 aa:
1058 2719 1130 2781 ergo
1162 2698 1315 2762 anomalia
1344 2707 1515 2779 coaequata

167 2787 375 2871 requirebatur
406 2784 477 2853 420.
522 2790 566 2853 Et
595 2810 661 2854 cum
693 2791 846 2872 exipsius
878 2791 982 2853 tabula
1011 2795 1193 2870 coaequatae
1225 2784 1286 2853 420
1314 2787 1515 2868 responderet

165 2877 308 2959 aequatio
338 2874 378 2943 8⁰
410 2871 521 2960 1501,οε
554 2898 625 2960 rgo
657 2879 862 2960 requirebatur
893 2879 1044 2943 anomalia
1074 2878 1174 2941 media
1204 2878 1334 2941 eceemri
1356 2872 1419 2940 500
1446 2872 1512 2939 16οε

165 2984 220 3048 per
242 2986 331 3049 quam
355 2967 589 3031 ostendebantur
611 2967 685 3031 mihi
707 2968 863 3032 duodecim
879 2968 998 3033 articuli
1020 2976 1187 3048 temporum
1208 2985 1262 3048 per
1284 2985 1381 3029 anuos
1404 2964 1514 3046 viginti

68 3100 72 3107 -
163 3076 184 3120 a
208 3053 292 3121 1579
315 3055 346 3118 in
372 3052 467 3121 1600.

250 3147 302 3211 Au
323 3153 425 3208 autem
448 3163 487 3206 ex
508 3146 557 3210 his
579 3146 764 3228 temporibus
792 3144 882 3208 alieni
906 3153 989 3207 esset
1016 3145 1167 3208 anomalia
1189 3150 1354 3226 coaequata
1376 3162 1514 3207 commu·

164 3235 291 3300 tationis
314 3235 407 3298 semel
432 3230 502 3309 900,
525 3236 630 3298 iterum
646 3232 745 3311 2700,
769 3236 817 3297 vel
840 3243 951 3315 quanto
974 3233 1029 3296 illa
1050 3234 1148 3316 major
1169 3232 1312 3307 minorve,
1335 3240 1424 3296 tauto
1438 3232 1514 3296 baec

167 3323 265 3389 minor
294 3324 444 3406 majorve,
472 3325 517 3386 sic
545 3325 705 3387 artificiose
727 3325 784 3389 fuit
811 3325 993 3403 indagatum.
1039 3325 1109 3388 Uua
1130 3322 1241 3386 Martis
1267 3321 1418 3385 revolutio
1447 3323 1514 3388 dies

167 3416 260 3478 habet
282 3408 362 3489 687,
395 3414 471 3475 dnae
495 3413 578 3477 Solis
600 3413 713 3477 habent
736 3409 859 3493 73001,;
884 3413 1054 3475 differentia
1076 3413 1189 3474 dierum
1213 3407 1255 3476 43
1264 3403 1318 3492 ¹1„
1341 3411 1512 3492 quibusda

163 3512 245 3566 metu
267 3503 367 3566 medio
382 3503 466 3567 Solis
488 3504 672 3583 respondent
693 3499 756 3565 420
777 3498 831 3567 540
854 3497 929 3566 2300.
968 3504 1066 3566 Tanto
1089 3501 1181 3582 igitur
1203 3499 1339 3563 variatur
1360 3501 1514 3564 menualia

164 3592 404 3656 commutationis
426 3592 466 3655 ad
488 3592 577 3656 tiuem
599 3592 761 3673 cujuslibet
781 3586 976 3655 revolutionis
998 3591 1119 3654 Martis.
1166 3589 1294 3664 Quando
1317 3589 1411 3671 igitur
1432 3591 1513 3655 iutra

163 3701 253 3746 uuum
275 3680 426 3744 biennium
449 3688 630 3763 quaeruntur
648 3682 724 3743 duae
752 3679 993 3745 commutationis
1015 3679 1184 3743 anomaliae
1206 3679 1348 3761 aequales
1371 3677 1512 3757 invicem,

163 3773 264 3836 Marte
280 3770 385 3833 eodem
408 3771 545 3853 utrinqne
568 3770 727 3834 ecceutrici
748 3771 815 3833 loco
838 3777 989 3845 versante,
1012 3776 1133 3851 oportet
1153 3775 1188 3832 ut
1209 3769 1261 3831 ille
1284 3776 1411 3850 uterque
1426 3787 1511 3833 com·

165 3859 340 3924 mutationis
364 3859 491 3939 angulus
522 3859 564 3921 sit
586 3856 646 3923 210
668 3856 732 3924 270.
778 3860 864 3922 Intra
889 3852 911 3921 4
937 3878 1033 3923 anuos
1061 3858 1220 3940 requiritur
1242 3853 1303 3922 420
1324 3851 1396 3921 54οε
1431 3858 1513 3923 iutra

164 3969 219 4012 sex
242 3967 337 4010 annos
362 3943 422 4011 640
445 3945 499 4011 220
507 3969 515 4010 :
549 3948 630 4013 intra
652 3956 721 4013 octo
744 3968 839 4012 anuos
861 3944 923 4012 850
944 3944 1009 4012 490.
1053 3948 1097 4011 Et
1122 3967 1178 4011 uos
1206 3945 1452 4029 postulabamus,
1484 3949 1511 4012 si

164 4037 229 4103 beri
260 4038 412 4118 potuisset
441 4034 509 4102 900.
556 4038 638 4117 Ergo
660 4037 749 4101 binas
775 4046 897 4102 nostras
925 4037 1152 4100 observationes
1179 4054 1323 4119 quaerere
1350 4037 1513 4118 oportebat

165 4126 316 4190 distantes
344 4126 430 4190 annis
460 4133 537 4191 octo.
584 4127 669 4191 Talis
701 4147 772 4192 vero
796 4127 1037 4192 observationum
1068 4126 1141 4205 biga
1161 4146 1222 4189 uon
1242 4124 1451 4206 reperiebatur
1480 4128 1511 4190 iu

164 4216 303 4296 catalogo
326 4215 495 4279 habitarum
518 4216 769 4281 observationum.

252 4304 425 4370 Conversus
456 4305 547 4387 igitur
576 4326 640 4369 sum
668 4307 706 4369 ad
733 4306 908 4369 distantiam
938 4323 993 4367 sea
1019 4322 1163 4367 annorum
1191 4302 1348 4385 iuvenique
1376 4304 1510 4380 taudem,

165 4395 244 4481 quod
267 4414 344 4458 auno
371 4391 464 4459 1585.
480 4395 508 4456 0.
527 4390 576 4458 18.
600 4396 676 4476 Maji
692 4403 723 4457 et
744 4416 823 4458 auno
849 4391 941 4459 1591.
966 4394 995 4455 d.
1020 4389 1072 4456 22.
1096 4395 1165 4457 Jau.
1190 4398 1346 4456 exstarent
1361 4392 1509 4455 observa·

164 4484 262 4551 tiones
276 4483 412 4548 idoneae.
451 4484 530 4548 Nam
546 4484 821 4566 comespondebaut
833 4503 910 4546 anuo
929 4479 1022 4547 1585.
1038 4483 1067 4545 d.
1092 4478 1144 4546 30.
1168 4479 1246 4562 maji
1268 4481 1298 4544 lu.
1315 4477 1347 4544 5.
1364 4487 1396 4543 ct
1415 4477 1508 4548 1591.

164 4571 262 4639 (120.
277 4574 347 4640 Jau.
368 4571 398 4636 b.
413 4569 443 4637 0.
480 4573 626 4656 Utrinque
650 4574 761 4637 Martis
783 4573 937 4654 longitudo
955 4571 1054 4635 media
1075 4571 1133 4635 fuit
1148 4565 1180 4634 6·
1195 4567 1256 4634 220
1277 4566 1343 4644 430,
1367 4570 1510 4654 aequatio

165 4663 340 4747 Tychouica
354 4657 392 4729 90
409 4658 460 4728 140
476 4660 541 4728 5200
555 4662 727 4727 auferenda.
751 4662 833 4743 Ergo
844 4660 995 4733 &ratione
1006 4660 1208 4726 eceeutriciin
1228 4656 1286 4724 130
1300 4655 1356 4725 280
1373 4656 1438 4724 1600
1451 4669 1508 4723 2

166 4749 367 4818 Commutatio
397 4759 563 4836 coaequata
594 4772 670 4816 auno
708 4750 790 4817 1585
824 4758 890 4815 erat
921 4745 1013 4815 8040
1043 4746 1098 4815 230
1129 4747 1205 4825 3000,
1236 4770 1296 4832 qna
1325 4748 1510 4830 arguebatur

165 4860 247 4909 mora
274 4841 477 4921 Ptolemaiou,
507 4842 660 4926 planetam
691 4861 759 4908 esse
788 4841 868 4905 ultra
896 4841 1069 4923 perigaeum
1100 4837 1228 4926 epieycli
1256 4835 1318 4905 040
1346 4833 1404 4904 230
1432 4835 1507 4905 3000.
