3374 5528
526 303 587 355 cm
604 301 697 354 cerua
734 299 817 368 omns
833 299 947 355 xxxm.
1348 294 1412 371 303

58 481 288 566 geometricum,
314 483 367 545 sed
391 482 484 545 veluti
508 481 679 565 superficies
702 483 859 564 quaedam,
883 483 973 562 plane
995 487 1030 544 ιιι
1051 481 1118 544 lux:
1150 488 1185 545 ιιι
1204 482 1264 545 hoc
1286 481 1408 545 univer-

59 574 124 636 sale
148 574 199 649 sit,
225 573 341 655 species
365 592 461 635 rernm
481 573 681 635 immateriate
698 571 942 634 descendentium
956 573 1102 635 descensu
1127 572 1192 652 ipso
1207 593 1265 634 non
1289 574 1410 636 extendi

57 684 113 746 per
136 663 270 744 corporis
286 662 497 738 dimensiones,
522 661 658 744 quamvis
674 683 692 722 a
706 681 831 742 corpore
852 663 900 736 (nt
917 662 991 724 haec
1014 683 1032 722 a
1056 681 1179 742 corpore
1194 660 1292 735 Solis)
1308 662 1411 724 orian-

58 763 123 816 tur:
157 753 216 815 hoc
239 772 313 814 sane
337 752 463 832 exlege
487 753 554 832 ipsa
576 752 729 826 defluxus,
748 771 787 812 se
814 751 880 832 ipso
903 771 963 813 non
986 751 1153 826 terminati,
1178 752 1233 814 sed
1249 757 1356 813 tamen
1378 757 1413 815 ut

58 843 234 924 superficies
257 860 356 905 rerum
379 841 624 903 illustrandarnm
648 840 786 915 efficiunt,
810 849 843 901 ut
865 841 918 902 lux
938 841 1144 904 consideretur
1163 841 1248 923 qnasi
1264 843 1411 923 quaedam

59 930 249 1013 superficies,
282 931 352 1012 qnia
383 930 532 1010 recipiunt
558 937 589 991 et
617 931 780 991 terminant
803 931 867 1010 ejus
891 931 1059 993 defluxum:
1090 930 1135 1001 ita
1158 950 1285 1011 corpora
1311 949 1412 995 rerum

58 1020 275 1083 movendarum
293 1022 407 1082 efficere
430 1020 579 1094 videntur,
603 1027 637 1081 ut
658 1019 754 1081 virtus
768 1020 844 1081 haec
862 1021 972 1083 mutrix
987 1018 1193 1083 consideretur
1208 1019 1294 1101 qnasi
1314 1019 1410 1101 qnod-

58 1111 129 1173 dam
153 1129 262 1191 corpus
285 1110 513 1190 geometricum,
537 1110 607 1190 quia
629 1108 816 1190 corpulentia
838 1117 903 1172 tota
927 1131 981 1172 sna
1004 1109 1166 1171 terminant
1189 1128 1242 1171 seu
1264 1109 1412 1192 recipiunt

57 1201 136 1262 huno
164 1199 276 1280 speciei
306 1199 441 1261 mutricis
464 1200 633 1261 defluxum:
668 1205 701 1260 ut
724 1197 777 1259 illa
805 1200 941 1279 nuspiam
969 1199 1000 1262 in
1031 1206 1096 1261 toto
1124 1199 1232 1260 mundo
1261 1218 1329 1261 esse
1358 1205 1412 1263 aut

58 1288 226 1351 subsistere
249 1290 358 1370 possit,
381 1289 440 1350 nisi
455 1289 485 1351 in
508 1289 583 1368 ipsis
600 1287 772 1368 corporibus
796 1288 968 1350 mobilium:
993 1307 1048 1350 nec
1071 1288 1122 1363 sit,
1147 1288 1200 1350 sed
1216 1288 1302 1369 quasi
1322 1287 1413 1369 fuerit

59 1378 88 1440 in
113 1377 294 1439 intermedio
318 1378 395 1439 inter
418 1379 531 1439 sontem
555 1385 586 1438 et
607 1376 728 1451 mobile,
751 1377 839 1456 plane
863 1384 896 1438 ut
918 1379 979 1440 lux.
1385 1372 1402 1391 ''

148 1467 252 1547 Atque
274 1466 324 1528 hic
348 1467 436 1528 simul
460 1467 622 1546 objectioni
645 1466 735 1528 alicui
757 1467 931 1546 responderi
954 1473 1064 1547 potest.
1111 1465 1233 1529 Dictum
1247 1465 1335 1537 ,enin
1364 1474 1412 1530 est

60 1557 91 1617 in
114 1555 336 1636 superioribus,
369 1556 511 1619 virtutem
533 1556 611 1618 hanc
634 1555 788 1618 motrioem
818 1564 974 1619 extensam
1005 1575 1074 1617 esse
1103 1554 1210 1635 spatiis
1233 1555 1351 1630 mundi,
1382 1563 1413 1618 et

62 1644 173 1706 alicubi
197 1644 393 1727 sparsiorem,
427 1645 536 1707 alicubi
560 1645 779 1720 collectionem,
812 1665 886 1726 quas
910 1645 1084 1707 affectiones
1108 1645 1195 1706 simnl
1229 1644 1358 1706 intensio
1382 1653 1413 1708 et

61 1733 201 1796 remissio
225 1741 324 1797 motus
347 1734 534 1815 planetamm
559 1742 709 1814 sequatur.
749 1736 819 1797 Jam
842 1754 914 1796 vero
938 1735 1059 1809 dictum,
1083 1733 1222 1796 virtutem
1246 1734 1324 1795 hano
1343 1753 1412 1797 esse

62 1823 197 1903 speciem
219 1823 452 1886 immateriatam
476 1823 521 1886 sni
545 1824 648 1898 fontis,
671 1842 725 1885 nec
748 1824 841 1906 recipi
865 1823 981 1904 uspiam
1004 1823 1064 1886 nisi
1087 1823 1116 1885 in
1141 1823 1276 1902 subjecto
1296 1823 1410 1902 mobili,

59 1921 93 1975 ut
115 1912 292 1992 incorpore
311 1914 462 1995 planetae.
499 1912 650 1975 Videntur
666 1920 764 1974 antem
778 1914 953 1994 pugnantia,
977 1914 1105 1975 materia
1130 1931 1232 1974 carere
1255 1918 1287 1974 et
1310 1919 1411 1976 tamen

59 2001 296 2063 dimensionibus
328 2003 519 2082 geometricis
550 2002 721 2082 subjacere,
757 2003 881 2065 diffundi
910 2023 965 2085 per
993 2002 1095 2066 mundi
1125 2001 1352 2082 amplitudinem
1379 2010 1412 2066 et

60 2097 164 2152 tamen
187 2091 327 2172 nuspiam
350 2112 417 2154 esse
441 2092 498 2154 nisi
522 2092 572 2154 ubi
596 2100 643 2154 est
666 2092 784 2155 mobile.
830 2092 1043 2173 Respondetnr
1065 2099 1165 2155 autem
1190 2092 1247 2153 sic:
1273 2090 1410 2173 quamvis

60 2180 158 2241 virtus
182 2182 293 2242 mutrix
322 2201 379 2243 non
410 2184 451 2244 sit
472 2181 629 2243 materiale
652 2182 820 2263 quippiam,
853 2184 923 2262 quia
953 2191 1052 2245 tamen
1081 2182 1239 2255 materiae,
1271 2181 1330 2243 boc
1362 2189 1411 2244 cst

58 2267 178 2350 corpori
202 2269 345 2349 planetae
360 2271 506 2345 vehendo,
531 2271 708 2346 destinatur,
732 2291 791 2332 non
810 2271 935 2334 liberam
951 2292 1019 2334 esse
1033 2293 1052 2333 a
1068 2272 1184 2352 legibus
1209 2269 1411 2350 geometricis,

61 2358 172 2420 saltem
197 2358 234 2420 ob
257 2358 335 2420 hanc
358 2360 545 2423 materialem
568 2361 716 2422 actionem
739 2363 981 2424 transvectionis.
1028 2363 1092 2424 Nec
1118 2379 1192 2441 opus
1220 2366 1269 2421 est
1294 2359 1407 2423 multis.
1506 2357 1512 2372 '

59 2447 209 2509 Videmus
240 2447 319 2511 enim
348 2458 447 2512 motus
477 2450 554 2511 istos
582 2450 683 2530 perfici
706 2450 738 2511 in
761 2450 827 2512 loco
851 2459 881 2513 et
912 2458 1061 2531 tempore,
1094 2459 1125 2512 et
1154 2467 1292 2510 emanare
1321 2456 1409 2530 atquo

59 2536 185 2598 ddundi
209 2536 351 2599 virtutem
374 2541 452 2602 hanc
475 2561 493 2600 a
517 2539 599 2601 fonte
622 2558 676 2619 per
698 2538 799 2619 spatia
821 2541 937 2617 mnndi;
960 2558 1036 2623 quae
1061 2547 1130 2602 sunt
1149 2538 1247 2601 omnia
1270 2556 1318 2600 res
1333 2557 1408 2618 geo·

59 2624 214 2687 metricae.
271 2626 352 2698 Quin
384 2628 477 2708 igitur
508 2635 539 2689 et
571 2630 680 2691 ceteris
712 2629 902 2709 geometricis
941 2629 1175 2692 necessitatibus
1208 2627 1337 2691 obnoxiu
1369 2627 1411 2691 sit

59 2715 132 2778 haec
155 2714 263 2777 virtus.
837 2761 840 2767 -

146 2804 196 2866 Ac
219 2823 256 2866 ne
279 2804 402 2868 nimium
425 2805 590 2867 insolenter
612 2805 818 2886 philosophari
841 2806 959 2882 videar,
990 2825 1153 2890 proponam
1176 2804 1282 2868 lectori
1305 2823 1409 2867 exem-

58 2894 143 2974 plnm
166 2892 243 2955 lucis
266 2894 357 2975 plane
380 2895 549 2975 genuinum,
574 2915 640 2958 cum
663 2895 694 2956 in
713 2895 795 2958 Solis
815 2915 938 2977 corpore
962 2904 994 2958 et
1017 2898 1084 2977 ipsa
1107 2896 1257 2958 nidulatur
1280 2893 1407 2976 indeque

60 3000 160 3044 comes
184 2982 253 3044 huic
276 2982 381 3046 virtuti
403 2984 521 3046 motrici
546 2986 576 3047 in
598 2993 695 3047 totum
717 2985 857 3047 mundum
880 2986 996 3048 emicet.
1045 2984 1122 3057 Quis
1152 3002 1263 3066 quaeso
1288 2982 1407 3059 dixerit,

62 3072 158 3134 lucem
183 3090 251 3133 esse
274 3073 430 3136 materiale
449 3074 621 3155 quippiam?
643 3075 702 3136 Illa
724 3081 825 3136 tamen
845 3075 1036 3155 operationes
1060 3095 1132 3143 suas
1146 3079 1268 3136 exercet
1289 3071 1407 3135 ratione

59 3162 131 3235 loci,
166 3168 199 3222 et
215 3167 353 3224 mutuum
376 3162 506 3244 patitur,
539 3164 738 3244 repercutitur
760 3172 791 3226 et
819 3164 993 3244 refringitur
1021 3171 1051 3227 et
1078 3164 1263 3246 quantitates
1291 3161 1407 3238 induit;

59 3251 134 3311 adeo
159 3256 194 3311 nt
216 3246 310 3312 densa
332 3253 380 3314 vel
410 3260 585 3327 ramesse,
619 3261 650 3314 et
677 3272 731 3332 pro
760 3254 915 3333 superficie
942 3254 1047 3316 haberi
1076 3244 1262 3333 possit‚'ibi
1292 3251 1341 3313 ubi
1369 3251 1408 3313 ab

59 3339 234 3401 illustrabili
257 3328 358 3421 aliquo
381 3341 531 3420 recipitur.
578 3343 656 3404 Nam
679 3350 712 3403 ut
735 3342 765 3403 in
789 3342 907 3422 Opticis
931 3344 1058 3417 dictum,
1083 3343 1134 3404 lus
1157 3358 1290 3423 quoqne,
1313 3359 1409 3422 aeque
1483 3412 1488 3423 Ι

60 3436 151 3510 atque
174 3428 250 3489 baec
273 3429 369 3491 virtus
392 3431 519 3505 motula,
551 3431 580 3492 in
605 3431 704 3511 spatio
727 3431 804 3492 inter
828 3433 940 3493 fontem
964 3441 995 3493 et
1018 3431 1198 3495 illustrabile
1222 3429 1408 3506 intermedio,

59 3536 119 3579 non
144 3525 213 3591 est,
237 3518 295 3579 etsi
318 3519 375 3580 hoc
398 3520 528 3595 transiit,
554 3520 607 3582 scd
630 3520 670 3581 ibi
693 3521 779 3601 quasi
803 3520 880 3582 fnit.
924 3521 970 3583 Ac
994 3521 1052 3583 etsi
1078 3522 1127 3582 lux
1151 3520 1217 3600 ipsa
1240 3519 1305 3582 sine
1327 3526 1407 3581 tem-

60 3625 133 3687 pore
158 3606 277 3687 quidem
301 3609 417 3682 effluat,
450 3610 546 3671 virtus
570 3628 640 3671 vero
664 3610 739 3671 haec
762 3618 882 3671 moveat
910 3609 1113 3691 intempore:
1148 3617 1249 3671 tamen
1278 3608 1408 3670 sirecte

61 3696 227 3777 expendas,
251 3696 405 3779 utriusque
421 3698 499 3760 ratio
514 3706 561 3760 est
582 3701 671 3779 plane
688 3701 800 3761 eadem.
838 3701 915 3774 Lux,
939 3719 1014 3781 quae
1030 3720 1084 3761 sna
1100 3707 1178 3775 sunt,
1203 3698 1233 3760 in
1257 3705 1408 3761 momento

59 3792 213 3866 praestat3
246 3805 305 3867 qua
334 3788 462 3849 materia
493 3788 658 3863 concurrit,
691 3790 759 3868 ipsa
787 3808 901 3870 qnoque
935 3798 1067 3870 tempore
1099 3789 1224 3869 proficit.
1271 3787 1409 3865 Illustrat

61 3874 235 3957 superficies
258 3874 290 3935 in
313 3884 480 3952 momento,
511 3878 580 3958 qnia
602 3878 676 3940 nihil
700 3878 748 3939 hic
771 3880 928 3940 materiam
949 3879 1013 3959 pati
1037 3898 1111 3959 opus
1135 3887 1196 3952 cst,
1229 3870 1295 3939 cnm
1318 3877 1407 3940 illus-

60 3962 153 4025 tratid
178 3963 274 4026 omnis
301 3965 417 4027 ratione
442 3966 662 4047 superficierum
691 3967 862 4047 perficiatur
891 3968 940 4029 vel
963 3968 1049 4050 qnasi
1077 3966 1315 4051 snpprficiarnm,
1349 3987 1408 4028 non

61 4053 177 4115 ratione
208 4053 411 4134 corpulentiae
439 4065 586 4137 quatenns
615 4056 808 4137 corpulentia
857 4056 970 4122 Contra
1001 4057 1057 4129 lu
1082 4050 1206 4119 dealbat
1228 4056 1345 4118 colores
1378 4055 1408 4116 in

61 4151 214 4224 tempore;
247 4142 317 4223 quia
348 4144 397 4205 hic
418 4144 458 4225 in
489 4147 646 4227 materiam
673 4145 738 4225 agit
769 4153 915 4231 quatenns
944 4094 1089 4222 maten‘i,
1122 4165 1245 4226 eamque
1276 4140 1407 4218 calfacit,

63 4231 218 4315 expellens
249 4234 430 4295 contrarium
463 4234 558 4315 frigus
590 4236 620 4296 in
648 4234 781 4316 corporis
803 4236 931 4301 materia
953 4237 1057 4311 finum,
1087 4256 1146 4307 non
1179 4234 1208 4295 in
1242 4233 1406 4315 superficie.

63 4323 110 4383 Ita
132 4321 224 4403 plane
248 4320 376 4384 ethaeo
398 4324 495 4386 virtus
525 4344 648 4386 movens
675 4332 820 4406 perpetuo
844 4331 875 4388 et
897 4325 961 4388 sinc
984 4318 1128 4406 temporis
1155 4323 1315 4387 intervallo
1345 4322 1408 4383 illic

65 4430 100 4472 cx
125 4409 200 4473 Sole
224 4411 325 4485 adest,
349 4412 406 4501 ubi!
423 4421 471 4475 cst
492 4413 629 4499 idoneum
653 4414 776 4489 mobile,
800 4414 869 4496 quia
892 4414 964 4477 nihil
988 4416 1099 4494 accipit
1121 4434 1139 4475 a
1162 4411 1266 4474 mobili
1289 4412 1328 4473 ad
1351 4412 1408 4473 hoc

61 4508 92 4563 ut
115 4490 209 4587 adqib
256 4501 361 4562 Movet
383 4509 483 4567 autent
497 4502 537 4581 „in
559 4511 709 4584 tompore,
743 4503 811 4585 qnia
834 4503 943 4566 mobile
973 4505 1163 4566 materiatum
1185 4508 1241 4564 est.
1290 4501 1348 4562 Vel
1381 4501 1408 4562 si

64 4588 199 4673 videtur,
224 4582 543 4673 ‚comparationerd'in
558 4592 636 4657 hunc
659 4593 778 4656 modum
801 4592 942 4656 institue:
976 4594 1055 4676 qnod
1078 4593 1157 4655 sicut
1186 4609 1219 4652 so
1241 4589 1334 4653 habet
1356 4591 1407 4652 lux

65 4680 101 4741 ad
130 4676 380 4769 illfisfflonem,
411 4682 454 4743 sic
477 4688 592 4745 certum
621 4689 668 4744 est
697 4702 764 4745 sese
795 4680 906 4745 habere
935 4683 1076 4745 virtutem
1105 4681 1144 4742 ad
1170 4686 1293 4743 motum.
1339 4680 1407 4742 Lux

66 4768 163 4845 omnia
184 4760 387 4852 subite-quae
414 4771 479 4834 fieri
507 4779 635 4853 possunt
664 4772 703 4833 ad
732 4790 876 4834 summam
903 4772 1151 4846 illustrationem,
1184 4788 1279 4850 neque
1306 4778 1406 4831 tamen

69 4860 189 4941 obtinet,
213 4862 248 4924 ut
261 4860 343 4973 cobp
366 4879 478 4924 summo
501 4860 684 4925 illustretur:
708 4879 777 4923 uam
800 4860 883 4925 color
906 4862 1055 4927 diversam
1079 4880 1163 4925 suam
1186 4859 1318 4941 speciem
1340 4877 1406 4923 cum
