3368 5534
162 295 231 369 574
653 304 769 363 cumis
787 306 1027 375 summane

162 491 269 556 guntur
288 485 317 541 in
336 485 430 558 primis
461 480 478 539 2
504 485 636 557 phasibus
657 489 767 559 pictura
786 490 846 543 rudi
867 495 898 542 ot
916 505 1003 560 saepe
1023 489 1131 552 limata.
1152 486 1182 547 in
1201 487 1288 543 tertia
1306 503 1374 543 vero
1389 484 1453 558 jam
1473 504 1516 541 sn·

164 565 222 624 bito
244 569 279 621 ad
300 569 429 622 dextram
449 574 492 621 est
512 567 621 621 reclinis
642 569 748 640 species
768 568 849 640 idque
870 569 1014 624 evidenter
1033 571 1124 626 valde.

243 648 321 703 Data
340 648 427 720 igitur
447 648 579 702 distantia
599 639 625 709 l
655 665 673 702 a
693 650 803 720 Nonag.
825 649 926 705 visibili
953 657 983 706 et
1003 650 1066 708 dist.
1087 652 1198 723 Nonag.
1219 667 1239 705 a
1255 648 1361 705 vertice
1380 653 1414 704 ut
1435 648 1518 721 prins.

164 738 194 783 et
213 728 326 800 insuper
352 730 403 785 alt.
430 729 516 783 centri
538 719 564 789 sl
594 729 655 784 risa
676 722 729 784 20⁰
753 726 790 795 9‘,
813 731 924 787 dabitur
944 732 1065 803 angulus
1087 731 1159 786 inter
1179 731 1343 786 verticalem
1362 737 1393 786 et
1412 730 1518 800 eclipti-

164 826 224 863 cam
244 816 492 881 praeterpropter.
520 809 590 864 Nam
612 801 638 871 D
668 810 695 865 in
716 817 810 865 austro
832 820 884 876 est,
905 830 960 869 non
981 812 1010 868 in
1030 813 1093 883 ipsa
1114 811 1253 882 ecliptica
1274 810 1355 881 ctrina
1378 811 1421 866 rei
1435 826 1518 866 causa

163 907 213 961 pro
234 883 287 946 42⁰
310 889 503 961 usurpabimus
524 885 578 946 130
602 884 650 945 20‘
672 892 751 962 quasi
772 895 852 946 ducto
874 893 975 947 circulo
997 900 1132 964 apunoto
1146 892 1253 948 criente
1266 908 1318 964 per
1331 899 1458 947 oenmrm
1480 883 1516 954 J.

163 970 214 1024 His
234 969 374 1040 principiis
396 971 515 1041 angulus
536 970 589 1025 iste
609 971 642 1024 fit
662 967 715 1026 46⁰
739 966 795 1026 58¹.
827 973 922 1026 Posito
943 990 1021 1045 ergo,
1044 962 1115 1045 guod
1135 989 1239 1027 cornua
1259 971 1394 1028 steterint
1414 974 1451 1027 ad
1470 990 1517 1026 nn·

162 1068 246 1122 guem
275 1056 382 1114 erecta,
411 1052 530 1122 angulus
552 1051 624 1106 inter
644 1051 804 1107 discentron
829 1060 859 1106 et
879 1053 1051 1123 eclipticam,
1072 1059 1172 1124 utpote
1191 1053 1220 1107 in
1241 1054 1388 1124 triangulo
1410 1050 1516 1107 minimo

163 1131 217 1186 erit
237 1123 290 1186 43⁰
313 1124 351 1186 20.
391 1132 429 1185 Et
449 1131 514 1201 quia
535 1138 657 1184 centrum
677 1133 790 1186 umbrae
812 1132 910 1186 dicitnr
930 1139 1119 1205 transgressa
1140 1133 1228 1189 minus
1249 1134 1339 1207 igitur
1351 1131 1458 1207 aliquid
1478 1133 1514 1187 in·

75 1235 80 1245 ⁴
163 1212 261 1267 terfuit
279 1211 351 1266 inter
371 1217 468 1265 centra
488 1211 689 1266 semidiametro
709 1214 832 1276 umbrae,
854 1213 942 1267 minus
963 1213 1050 1285 igitur
1071 1213 1136 1269 mihi
1157 1214 1266 1285 quidem
1285 1230 1370 1286 quam
1384 1207 1437 1269 45‘
1451 1209 1515 1273 45‘2

163 1291 285 1363 Tyohoni
313 1291 402 1344 adhuc
431 1290 525 1348 minus.
565 1291 610 1345 De
631 1292 684 1344 hac
713 1309 778 1345 sero
799 1300 833 1346 ut
861 1293 923 1348 basi
944 1296 1093 1350 secundum
1122 1294 1240 1367 angulos
1262 1295 1325 1366 jam
1359 1293 1515 1367 patefactos

162 1374 310 1443 respondet
330 1370 495 1442 longitudini
515 1371 622 1443 quidem
644 1366 691 1427 33‘
713 1368 781 1436 26‘¹,
803 1374 854 1427 lat
878 1368 926 1429 31‘
950 1368 1014 1430 l2“.
1053 1375 1144 1430 hlinus
1165 1374 1252 1447 igitur
1276 1392 1360 1447 quam
1382 1369 1434 1429 31‘
1455 1374 1516 1428 nin·

163 1461 207 1508 ast
227 1452 255 1506 in
275 1451 430 1515 latitudine,
452 1452 475 1506 si
496 1452 591 1522 phasis
612 1452 712 1506 luisset
732 1460 844 1516 exacta,
866 1460 897 1508 et
911 1454 1035 1524 Tycboni
1054 1455 1142 1511 multo
1162 1455 1260 1531 minus.
1287 1456 1335 1511 Ita
1354 1472 1392 1509 ne
1413 1455 1515 1526 Tycbo

163 1533 226 1590 nica
250 1532 358 1605 quidem
378 1531 501 1603 parvitas
528 1533 683 1597 sufficeret,
715 1551 775 1587 cum
800 1539 894 1588 tamen
915 1537 1073 1590 observatio
1095 1535 1261 1606 quantitatis
1291 1535 1399 1607 aliquid
1430 1535 1516 1604 majus

69 1648 73 1657 ·
162 1614 287 1685 postulet
305 1629 368 1667 mea
388 1612 472 1667 etiam
492 1612 691 1686 magnitudine.
733 1614 795 1668 Non
816 1615 869 1668 init
889 1615 976 1686 igitur
997 1623 1100 1671 exacta
1119 1614 1224 1686 phasis,
1246 1618 1294 1670 sed
1320 1613 1435 1671 reclinis
1460 1614 1517 1685 iam

163 1711 258 1749 versus
280 1695 407 1749 dextram
427 1709 445 1749 a
465 1711 558 1764 supra„
580 1695 651 1765 qnod
673 1691 784 1749 tertium
805 1695 920 1749 schema
939 1696 1085 1752 manifeste
1106 1695 1207 1766 prodit.

241 1776 287 1829 Ex
296 1792 330 1828 eo
344 1791 417 1838 raro,
433 1776 504 1845 quod
518 1775 631 1829 obvenit
643 1774 817 1846 longitudini.
829 1775 952 1832 collatae
962 1794 1022 1832 cum
1032 1776 1174 1850 parallaxi
1187 1773 1379 1849 longitudinis.
1390 1786 1516 1846 apparet.

164 1855 261 1911 Lunae
290 1856 380 1910 locum
409 1853 496 1909 risum
516 1855 601 1909 inisse
618 1854 678 1922 jam
699 1855 775 1910 ultra
797 1846 823 1916 0⁰
836 1850 868 1914 Θ
890 1874 912 1913 c.
935 1852 1088 1914 8‘ve19‘.
1128 1856 1215 1912 Simul
1244 1864 1339 1911 autern
1365 1855 1403 1909 de
1432 1856 1516 1911 medio

163 1935 314 1993 durationis
329 1934 429 1989 certius
443 1935 546 2006 aliqrnid
560 1934 742 2006 pronunciare
756 1952 909 2005 pessumus.
937 1938 1072 1995 Horatius
1086 1937 1158 1993 enim
1178 1927 1204 2000 D
1228 1954 1248 1992 a
1268 1931 1300 1996 Θ
1322 1934 1378 1990 luit
1393 1930 1516 1997 36140.

154 2032 249 2089 ¹‹luare
269 2034 292 2071 c.
312 2015 409 2070 horam
428 2015 519 2071 abfuit
539 2014 696 2070 obscuratio
717 2014 838 2073 maxima
859 2023 909 2072 aut
930 2024 1010 2075 tsnto
1030 2021 1118 2075 minus
1139 2034 1196 2074 una
1213 2018 1293 2081 hora,
1316 2025 1424 2089 quanto
1444 2015 1515 2071 ineli-

164 2097 272 2155 uaticra
291 2096 320 2150 iu
340 2094 419 2166 phasi
439 2096 552 2151 fuerunt
571 2110 683 2150 cornua

244 2177 380 2247 Cuperem
400 2179 496 2231 eadem
524 2178 653 2232 methodo
680 2176 763 2231 etiam
790 2176 854 2232 illas
880 2179 983 2249 phares
1003 2183 1135 2243 mactare,
1156 2176 1204 2232 ubi
1223 2192 1331 2232 cornua
1348 2192 1442 2246 prona
1460 2176 1515 2247 pis·

163 2263 281 2330 guntnr;
311 2258 359 2311 sed
380 2256 521 2328 quantitas
542 2258 665 2311 defeatur
687 2257 767 2311 deest
792 2263 822 2311 et
841 2258 870 2312 in
889 2257 1006 2328 picturis
1026 2257 1108 2312 nimio
1133 2258 1238 2313 variat:
1266 2254 1336 2311 nihil
1357 2254 1449 2329 igitur
1467 2256 1515 2311 buc

164 2338 316 2393 conferunt
356 2338 395 2392 Et
415 2337 443 2392 in
463 2338 516 2392 dne
536 2339 634 2393 umbra
653 2337 751 2391 vertici
782 2338 888 2409 quidem
919 2337 1041 2408 corporis
1060 2337 1178 2394 Lunaris
1208 2335 1333 2408 pingitur
1353 2336 1513 2408 propinqua.

164 2425 195 2475 at
215 2417 356 2473 inclinatio
387 2435 442 2472 non
470 2425 515 2472 est
534 2434 671 2488 expressa
691 2435 741 2473 nec
772 2418 889 2474 numeris
920 2437 971 2472 nec
991 2418 1095 2483 verbis,
1117 2419 1242 2489 picturae
1262 2435 1329 2470 vero
1351 2418 1445 2472 nudae
1464 2434 1513 2473 non

164 2505 209 2557 est
226 2499 371 2559 fidendum.

241 2578 316 2634 Satis
342 2585 436 2634 tamen
466 2595 503 2633 ex
533 2579 685 2634 observata
714 2579 872 2650 quantitate
893 2581 1110 2635 demonstratum
1130 2585 1182 2643 est,
1204 2582 1361 2633 attestante
1382 2583 1415 2631 et
1434 2576 1511 2631 decli·

162 2660 275 2716 natione
295 2660 451 2724 observata,
472 2659 646 2715 latitudinem
668 2658 776 2715 omnino
799 2661 958 2731 augendam
981 2661 1051 2714 nodo
1074 2667 1207 2730 promoto,
1228 2658 1324 2730 itaque
1345 2657 1421 2714 hanc
1434 2658 1509 2728 solip

163 2741 205 2798 sin
224 2742 354 2797 accedere
375 2740 459 2797 classi
479 2742 629 2805 secundae,
651 2740 680 2796 in
700 2756 755 2812 qua
775 2747 841 2795 sunt
860 2741 910 2795 lx.
930 2738 966 2797 X.
987 2739 1036 2795 XL
1056 2768 1096 2779 —

455 2924 516 2982 XV.
556 2890 676 2997 Eclipsis
697 2927 793 2982 Lunae
814 2943 887 2981 anno
911 2919 997 2982 159².
1022 2920 1116 2994 14121.
1135 2886 1218 2980 Junii.

242 3024 309 3079 Cum
330 3016 363 3083 Θ
384 3023 413 3079 in
434 3016 466 3081 30
493 3018 540 3078 150
562 3028 595 3078 Θ
616 3025 723 3079 occidat
743 3024 856 3081 Uranib.
886 3023 914 3078 h.
936 3017 964 3078 8.
987 3018 1044 3088 100,
1071 3028 1193 3078 centrum
1214 3016 1247 3081 Θ
1270 3022 1379 3086 occidit.
1401 3039 1460 3076 cnm
1485 3011 1505 3080 3

166 3121 263 3176 corpus
293 3107 489 3160 subobscurum
518 3106 590 3160 inter
617 3107 716 3160 densas
745 3106 832 3159 nubes
853 3104 980 3159 totaliter
1000 3120 1085 3175 supra
1104 3103 1240 3158 risibilem
1260 3104 1435 3158 horizontem
1454 3118 1506 3156 con·

165 3186 319 3256 spiceretur
338 3187 493 3251 elevatum,
524 3203 574 3240 nee
603 3192 719 3255 propter
739 3186 825 3240 nubes
846 3186 989 3256 aliquanto
1010 3185 1154 3255 spissiores
1176 3180 1278 3252 (verba
1297 3180 1443 3251 exscribo)
1461 3183 1505 3235 dis·

166 3267 240 3321 cerni
261 3266 360 3337 potuit,
383 3282 420 3321 an
433 3267 529 3339 aliqua
548 3266 609 3336 ejus
630 3264 771 3337 particula
793 3266 924 3321 fueritin
944 3266 1050 3321 umbra.

243 3346 364 3403 Emersit
384 3364 421 3401 ex
441 3347 559 3401 nubibus
579 3347 607 3402 h.
623 3340 650 3400 9.
666 3340 723 3409 28⁴,
746 3363 799 3417 quo
821 3353 956 3401 momento
976 3361 1081 3399 cornua
1099 3342 1253 3416 pinguntur
1266 3351 1372 3405 erecta,
1394 3344 1506 3396 &fedus

165 3427 252 3483 minor
281 3428 393 3483 semisse
423 3426 544 3497 corporis
565 3417 609 3489 );
639 3428 666 3483 h.
689 3421 715 3481 9.
738 3422 786 3482 36⁴
817 3429 1037 3489 ediscerem,
1069 3424 1192 3479 defectus
1223 3425 1329 3478 remissi
1356 3423 1505 3493 proximus:

165 3509 193 3564 h.
215 3504 241 3564 9.
263 3503 312 3561 57‘
334 3506 481 3561 declinatio
503 3512 547 3560 est
560 3514 696 3562 annotata
716 3506 853 3561 inferioris
874 3506 976 3579 integri
997 3506 1073 3561 limbi
1095 3499 1148 3559 24⁰
1172 3499 1221 3559 58¹
1241 3506 1287 3559 rel
1309 3500 1367 3560 59‘.
1410 3502 1462 3557 Sed
1484 3491 1504 3560 )

164 3589 246 3643 valde
267 3588 376 3643 humilis
396 3589 431 3641 ad
454 3579 487 3641 50
511 3587 589 3641 etin
611 3587 832 3643 retractionibus.
874 3587 949 3640 Inter
972 3586 1000 3642 h.
1024 3581 1069 3642 10.
1093 3580 1142 3640 13⁴
1166 3591 1196 3638 et
1225 3578 1270 3639 10.
1292 3578 1342 3638 25’
1363 3590 1505 3637 uocatu

166 3668 288 3723 deiectus
318 3669 430 3738 plenus,
462 3683 551 3740 neque
572 3674 665 3723 tamen
685 3667 772 3722 minor
792 3683 859 3738 pars
880 3666 1035 3721 illuminata
1059 3660 1105 3721 lu‘
1132 3680 1251 3734 unquam
1272 3664 1358 3718 ruisse
1378 3662 1504 3719 scribitur.

166 3764 279 3820 quorum
294 3742 364 3810 32οΙ,
387 3748 501 3803 inventa
521 3754 587 3803 aunt
607 3749 677 3803 inter
697 3763 827 3802 cornuum
848 3752 983 3802 extrema
1013 3747 1095 3802 Color
1113 3744 1203 3816 partis
1224 3746 1378 3799 eruentae
1399 3741 1505 3811 ismgi·

166 3845 244 3883 neus.
287 3830 321 3884 H
345 3823 389 3883 10.
411 3824 459 3882 460
480 3829 613 3900 scrupula
632 3829 722 3883 lucida
744 3824 789 3891 16,
811 3843 916 3881 cornua
936 3833 1037 3882 exacte
1058 3827 1171 3898 supinar
1192 3827 1220 3881 h.
1238 3819 1284 3881 11.
1298 3819 1370 3885 5801,
1392 3823 1454 3876 risa
1470 3830 1506 3873 est

165 3925 344 3980 recuperasse
374 3909 475 3963 lumen.
516 3909 618 3964 Statim
637 3910 665 3966 h.
688 3903 733 3963 12.
757 3902 823 3968 301ιο
846 3907 962 3962 medium
992 3899 1019 3970 ὶ
1048 3908 1077 3962 iu
1103 3906 1252 3962 meridiano
1272 3922 1333 3960 enm
1361 3905 1413 3960 ait
1441 3898 1505 3957 limbi

166 3989 301 4045 inferioris
335 3981 368 4041 90
394 3983 420 4043 10
449 3990 495 4043 rel
525 3982 558 4043 9⁰
581 3986 621 4045 0‘.
672 3997 768 4061 (Gomp.
787 3996 853 4047 ffist
874 3995 941 4046 (1οοί.
960 4011 984 4060 p.
1005 3991 1079 4055 529.)
1119 3988 1210 4059 Igitur
1239 3986 1263 4039 si
1292 4000 1381 4054 ponas
1411 3983 1505 4036 initium

166 4072 193 4128 h
214 4067 241 4126 8.
263 4064 320 4133 50‘,
347 4069 427 4122 linem
452 4070 480 4125 h.
504 4062 548 4124 11.
571 4064 637 4134 580,
660 4072 711 4126 erit
732 4069 839 4125 duratio
861 4068 921 4124 dim.
943 4070 968 4126 h.
994 4063 1017 4125 1.
1041 4061 1101 4132 310,
1127 4067 1243 4123 medium
1262 4066 1290 4120 lu
1315 4058 1359 4119 10.
1381 4058 1440 4118 24⁴.
1476 4060 1506 4112 Et

166 4152 314 4221 respondet
334 4148 504 4205 mediocriter
523 4149 666 4205 inclinatio
687 4154 720 4206 ad
741 4152 768 4206 id
785 4157 960 4206 momentum.
990 4148 1037 4204 Sin
1057 4154 1151 4203 autem
1171 4146 1276 4200 tardius
1297 4142 1409 4215 incepit.
1431 4142 1506 4195 minor

167 4234 250 4287 etiam
270 4232 302 4286 iit
322 4229 440 4293 duratio,
461 4231 599 4300 posterius
621 4231 745 4288 medium.
787 4232 818 4286 In
839 4231 922 4301 Prog.
942 4229 1054 4299 ponitur
1074 4229 1103 4284 h.
1128 4222 1172 4284 10.
1197 4222 1242 4281 160
1263 4231 1339 4279 certe
1360 4223 1439 4277 nimis
1459 4235 1505 4274 sne

167 4320 258 4368 turum
276 4313 330 4366 hoc
351 4309 475 4365 medinm.
502 4310 548 4365 Sic
567 4311 640 4365 enim
661 4312 783 4367 defectus
803 4310 965 4382 principium
986 4309 1038 4363 sub
1051 4308 1163 4362 Terram
1183 4308 1296 4360 caderet-
1316 4313 1346 4358 et
1366 4293 1394 4364 )
1417 4303 1506 4358 oriens

168 4394 190 4447 si
207 4391 268 4463 jam
288 4410 339 4464 per
360 4391 539 4463 quadrantem
559 4391 645 4444 horae
670 4392 828 4447 laborasset
854 4391 981 4462 ingressu
1003 4389 1031 4442 in
1051 4389 1195 4448 tenebras,
1224 4386 1355 4440 facillime
1380 4382 1507 4454 potuisset

168 4473 290 4529 deiectus
320 4471 444 4545 coargui.
491 4471 567 4527 lnlra
592 4488 630 4526 ex
653 4474 734 4542 phari
765 4472 922 4543 supinorum
952 4485 1081 4525 cornuum
1110 4467 1257 4540 colligetur
1286 4465 1406 4523 medium
1433 4464 1506 4519 etan

168 4554 304 4627 posterius
325 4555 378 4608 bac
398 4554 426 4609 b.
451 4547 497 4607 10.
520 4546 577 4608 21’.
