3368 5534
599 284 740 351 aKeplaro
759 282 900 336 masnata
1251 330 1255 335 ,
1362 287 1426 356 705

80 460 324 524 'transformatio
348 479 415 524 mea
437 460 509 523 nihil
534 461 614 524 aliud
646 461 717 536 fuit,
750 481 837 542 quam
868 461 1001 542 ejusdem
1032 461 1232 530 restitutionis
1262 466 1426 546 ampliatio,

80 557 117 613 ut
139 549 383 631 intelligeretur,
415 550 542 612 diversis
572 551 789 633 hypothesibus
818 552 896 614 idem
927 552 1083 632 praestari.
1130 553 1176 615 'fu
1197 554 1262 632 ipse
1286 557 1426 631 affirmas,

80 640 188 703 modos
210 640 266 703 tibi
294 659 347 703 sex
371 658 538 720 superesse.
585 639 662 703 Mihi
690 659 760 702 vero
789 641 827 702 ad
855 660 951 703 meum
980 641 1147 703 institutum
1176 645 1348 706 necessaria
1372 647 1431 708 fuit

80 729 321 804 transformatio,
345 736 379 799 ιιι
400 728 431 790 id
455 728 633 802 obtinerent,
656 729 733 810 quod
758 729 898 809 agebam,
923 730 1039 792 scilicet
1061 738 1094 790 nt
1116 732 1262 795 calculum
1286 734 1426 815 trianguli

78 819 168 883 unius
191 819 222 882 in
246 819 367 881 tabulas
390 817 580 898 conjicerem.
627 818 744 880 Poterit
767 819 843 880 alius
867 819 993 880 forsitan
1022 818 1101 882 idem
1130 829 1285 899 praestare
1309 832 1427 886 retenta

44 957 48 963 .
79 907 242 991 hypothesi
265 907 479 988 Tychoniana:
512 926 568 986 ego
597 915 667 968 tunc
696 907 815 988 quidem
837 916 899 969 tam
924 908 995 969 felix
1022 927 1081 969 non
1109 909 1165 982 fui,
1195 918 1227 979 et
1253 910 1427 977 inclinatum

78 1017 128 1061 me
152 999 249 1061 fateor
272 997 317 1059 ad
334 997 458 1058 formam
482 997 646 1078 physicam,
672 1016 759 1077 quam
776 998 940 1077 amplector
957 1015 1030 1077 prae
1051 997 1167 1072 ceteris,
1192 990 1308 1078 quoties
1332 1022 1425 1082 aeque

78 1107 117 1151 ac
148 1093 267 1151 ceterae
288 1076 426 1148 officium
460 1085 541 1147 facit.
585 1085 634 1145 Ex
662 1086 847 1189 praefatione
878 1086 917 1148 ad
939 1086 1124 1148 Herwartum
1154 1087 1264 1167 aliquid
1296 1089 1425 1153 fortasse

76 1176 180 1257 possit
199 1175 328 1257 excerpi,
353 1174 430 1254 quod
445 1174 656 1237 refutationem
675 1175 723 1236 vel
743 1175 862 1237 omnino
880 1175 1133 1237 insimulationem
1155 1175 1286 1256 aliquam
1309 1180 1423 1260 sapiat:

77 1267 167 1348 quasi
191 1265 319 1328 obscura
341 1263 382 1326 sit
396 1263 572 1345 hypothesis
588 1270 619 1323 et
637 1264 721 1345 quasi
746 1265 867 1327 tabulae
891 1284 949 1329 nou
974 1263 1132 1345 sublevent
1154 1265 1300 1328 calculum
1322 1268 1425 1331 labore
1516 1311 1520 1316 -

76 1352 269 1434 triangulari.
306 1354 351 1416 At
372 1352 497 1433 primum
521 1371 577 1432 ego
600 1352 682 1415 illam
700 1354 915 1434 praefationem
937 1353 982 1414 ita
999 1353 1163 1429 immutavi,
1188 1362 1222 1416 ut
1240 1356 1425 1437 Teuguaglio

76 1443 212 1527 placuit3
236 1442 343 1505 deiude
366 1442 440 1504 nihil
464 1462 500 1503 ex
523 1460 570 1504 tue
592 1441 662 1515 dixi,
688 1443 741 1504 sed
761 1443 798 1506 ab
817 1442 886 1504 aliis
902 1450 932 1503 et
954 1442 991 1503 ab
1006 1442 1161 1504 Herwarto
1182 1444 1220 1504 ad
1240 1463 1286 1505 me
1310 1446 1425 1526 scripta

78 1533 228 1608 assumsi,
260 1540 295 1594 ut
327 1530 424 1593 literis
453 1540 606 1594 auctorum
634 1531 728 1592 cuivis
760 1531 864 1612 quovis
897 1539 1031 1613 tempore
1060 1531 1263 1595 demonstrare
1293 1553 1424 1614 possum.

57 1625 124 1690 .Tu
147 1641 235 1698 vero,
259 1621 286 1683 si
309 1619 429 1682 dubitas
453 1640 499 1682 me
523 1620 567 1682 sic
591 1620 621 1681 in
644 1621 831 1700 praefatione
855 1620 951 1702 loqui,
981 1630 1050 1700 pete
1074 1620 1155 1682 illam
1179 1644 1198 1682 a
1220 1623 1424 1704 Teugnaglio;

77 1719 182 1776 exstat
205 1712 285 1791 apud
307 1710 390 1772 illum
413 1729 500 1771 manu
524 1708 673 1771 Matthiae
697 1716 829 1780 (Saiffarei)
852 1710 916 1772 sine
947 1709 1065 1791 quidem
1095 1711 1276 1785 mutatione,
1308 1713 1425 1793 qualem
1515 1771 1521 1784 ,

76 1802 261 1885 scripseram
288 1819 327 1861 ex
357 1818 404 1861 me
431 1798 516 1879 ipso,
549 1818 609 1860 non
641 1800 758 1879 qualern
788 1819 825 1862 ex
856 1799 1006 1861 sententia
1028 1799 1206 1879 Tengnaglii
1230 1800 1423 1891 immutatam.

63 1893 283 1969 ,Posteaquam
308 1888 470 1969 acceperis,
496 1888 604 1953 addam
629 1907 685 1968 ego
709 1907 785 1970 quae
810 1888 920 1950 fuerint
941 1895 1066 1951 ιιιιιιιιι
1104 1888 1187 1951 Nihil
1206 1908 1282 1969 ergo
1305 1882 1341 1954 in
1360 1910 1425 1953 rnea

77 1978 346 2045 transformatione
370 1984 431 2052 ιιι,
463 1977 541 2057 quod
565 1986 713 2040 mereatur
735 1996 843 2041 nomen
866 1975 1068 2040 refutationis.
1219 1979 1287 2040 Nun
1312 1980 1425 2060 opinor,

78 2078 111 2134 te
134 2069 165 2132 in
190 2067 329 2149 epistolio
353 2086 419 2129 meo
444 2066 569 2145 legisse,
599 2067 678 2146 quod
701 2065 893 2129 vehementer
915 2064 987 2128 mihi
1011 2066 1191 2146 applaudam
1215 2067 1252 2128 de
1275 2069 1424 2131 transfor·

78 2166 165 2224 mata
185 2156 347 2239 hypothesi
370 2155 563 2238 Tychoniaua
585 2156 698 2218 Lunae.
745 2158 850 2236 Itaque
879 2174 935 2218 non
959 2173 1050 2235 aegre
1072 2154 1145 2217 mihi
1170 2156 1283 2219 faciunt
1304 2158 1347 2219 tui
1372 2177 1433 2229 sex*

68 2246 162 2317 modi
185 2240 254 2319 alii3
284 2245 356 2307 mihi
384 2245 424 2306 ad
453 2244 623 2306 institutum
653 2264 736 2307 meus
765 2246 871 2307 modus
899 2244 1018 2307 suffecit
1040 2263 1075 2305 ac
1099 2245 1225 2307 forsitan
1248 2246 1327 2308 idem
1350 2266 1425 2310 unna

79 2357 121 2401 ex
141 2336 202 2399 tuis
225 2354 279 2399 sex
299 2333 400 2398 fuerit.
434 2331 513 2404 Quin
532 2333 589 2395 hac
607 2335 885 2397 commemoratione
904 2353 951 2395 me
971 2353 1098 2396 excusas
1122 2335 1159 2396 de
1182 2354 1219 2396 ea
1242 2354 1424 2416 supervaca-

79 2445 140 2492 nea
162 2443 262 2506 opera,
288 2424 372 2504 cujus
396 2441 443 2484 me
466 2421 714 2485 insimulaveras.
750 2425 828 2486 Nam
851 2423 877 2485 si
900 2423 956 2485 tibi
979 2422 1095 2503 placuit
1117 2442 1171 2485 sex
1194 2424 1289 2487 modis
1313 2426 1424 2501 ludere,

76 2514 195 2598 placuit
218 2512 343 2577 etmihi
365 2532 435 2575 uno.
481 2514 546 2574 Nec
570 2519 618 2574 est
640 2514 735 2594 major
757 2512 864 2593 gloria,
889 2511 968 2594 quod
992 2520 1024 2574 tu
1047 2513 1104 2574 hoc
1127 2513 1156 2574 in
1179 2514 1299 2594 proprio
1323 2514 1425 2578 labore

78 2601 251 2685 suscepisti,
278 2620 333 2682 ego
357 2601 387 2662 in
410 2602 518 2665 alieno.
557 2600 635 2665 Nam
660 2621 735 2682 quae
759 2601 879 2683 publici,
888 2602 966 2682 juris
990 2609 1070 2675 sunt,
1093 2601 1192 2663 aliena
1216 2603 1344 2684 amplius
1366 2623 1425 2667 non

58 2701 159 2757 Ιἰιιιιιι.
199 2695 255 2756 lta
276 2691 444 2754 Ptolemaei
468 2691 630 2753 observata
653 2690 837 2773 Cupemicus
871 2692 900 2752 in
929 2709 1013 2752 suam
1040 2691 1220 2772 hypothesin
1251 2693 1426 2767 transfudit,

77 2785 126 2848 ita
140 2781 282 2862 Magiuus
302 2780 518 2860 Copemicaua'
533 2780 563 2841 iu
587 2781 726 2862 antiquas
744 2781 945 2853 Ptolemaicas
968 2780 1161 2861 hypotheses.
1199 2780 1304 2862 Itaque
1327 2782 1354 2844 si
1377 2782 1425 2845 hic

74 2879 129 2937 est
151 2868 324 2953 scriptionis
347 2877 416 2932 tuae
440 2889 559 2949 scopus,
582 2876 616 2931 ut
638 2870 731 2945 dicas,
755 2889 802 2931 me
825 2869 897 2932 nihil
921 2869 1023 2949 magni
1045 2868 1244 2950 praestitisse,
1267 2870 1372 2952 aequis
1394 2879 1424 2932 te

10 2960 13 2965 ’
76 2961 201 3026 auribus
225 2959 333 3022 audio:
358 2978 507 3039 uunquam
531 2958 699 3041 magnifaci.
737 2959 881 3062 Allegavi
904 2960 1060 3020 Herwarto
1083 2979 1142 3021 uon
1165 2979 1253 3021 unam
1276 2960 1424 3040 privatam

78 3051 258 3139 utilitatem,
290 3067 378 3129 quam
406 3067 444 3110 ex
466 3049 523 3110 hoc
546 3048 688 3111 exercitio
711 3050 840 3130 percepi.
885 3049 955 3110 Non
978 3047 1078 3151 magui
1101 3055 1202 3111 tamen
1231 3048 1326 3126 facio,
1356 3050 1428 3131 quia

77 3134 140 3205 non
164 3138 303 3220 imprimi
317 3137 420 3200 curavi
443 3137 598 3213 hacteuus,
622 3156 677 3199 nec
700 3137 917 3200 communicavi
940 3136 1044 3199 amicis
1067 3137 1153 3200 enixe
1176 3138 1357 3217 petentibus.

167 3231 213 3292 At
235 3228 292 3290 hoc
314 3234 404 3308 pacto
427 3246 486 3288 non
509 3226 631 3329 probas,⁴
652 3246 698 3288 me
715 3227 926 3288 refutationem
940 3226 1115 3309 Tychouis'
1106 3227 1283 3302 instituisse,
1309 3212 1425 3291 scilicet

77 3319 169 3385 hoc
160 3333 258 3398 rpsnm
281 3318 406 3381 refutas.
453 3316 530 3377 Illud
554 3314 668 3377 enixius
693 3317 773 3396 agis,
802 3326 835 3377 ut
858 3315 929 3377 mihi
952 3333 1075 3397 scopum
1102 3316 1290 3397 potissimum
1313 3317 1423 3398 eripias

79 3407 273 3488 triangularis
302 3405 415 3469 laboris
438 3405 559 3467 sublati.
605 3404 735 3467 Primum
764 3404 826 3480 ais,
858 3406 994 3466 consulto
1026 3406 1137 3467 facturn
1161 3426 1180 3467 a
1202 3405 1360 3488 Tychone,
1391 3415 1425 3468 ut

79 3517 174 3562 causa
197 3503 289 3572 esset,
313 3514 365 3558 cur
379 3494 586 3557 adolescentes
607 3494 765 3575 triangulis
785 3513 906 3575 operam
925 3493 1039 3556 darem.
1077 3493 1112 3557 Si
1135 3494 1345 3583 disputandum
1367 3496 1424 3559 hoc

80 3604 239 3661 sumerem,
264 3584 367 3668 eredo,
390 3592 425 3646 nt
448 3592 495 3645 est
515 3582 768 3665 probabilitatis
760 3583 921 3663 ingenium,
947 3583 1072 3667 desudo
1096 3584 1183 3646 facile
1208 3585 1368 3659 efficerem,
1391 3593 1425 3648 nt
1476 3661 1482 3665 ι

79 3686 112 3740 tu
136 3661 319 3741 contrarium
342 3673 369 3735 ei
392 3675 532 3749 sentires,
556 3672 634 3754 quod
649 3673 751 3755 Tycha
770 3672 874 3736 sensit.
913 3671 975 3736 Sed
997 3691 1056 3735 uon
1075 3680 1124 3734 est
1138 3692 1223 3754 opus,
1246 3674 1424 3753 praesertim
1532 3688 1537 3698 ·

78 3765 160 3847 apud
174 3771 214 3840 ιι,
239 3763 288 3846 qni
308 3761 379 3839 scis,
403 3764 478 3825 artis
497 3771 619 3826 nostrae
636 3762 821 3843 ignoratione
838 3761 909 3836 heri,
934 3763 1087 3864 utpotius
1101 3763 1203 3825 decern
1221 3763 1424 3826 astronomiae

78 3854 248 3918 valedicere
280 3853 394 3929 velint,
426 3872 514 3936 quam
545 3861 577 3914 ut
609 3872 683 3915 unus
711 3850 754 3915 ad
778 3852 929 3931 triangula
956 3848 1059 3913 veniat
1086 3851 1289 3914 astronomiae
1320 3871 1422 3916 causa.

77 3944 159 4007 illud
182 3943 291 4006 saltem
315 3941 423 4018 dicam,
445 3941 631 4024 propositum
653 3941 711 4004 hoc
734 3942 807 4004 mihi
830 3940 899 4002 ab
891 3959 956 4020 rpso
979 3941 1167 4043 Tengnaglio
1190 3941 1421 4023 suppeditatum.

79 4033 257 4107 cumcuim
281 4039 412 4094 sumeret
428 4032 578 4093 Matthias
602 4051 679 4093 anuo
706 4027 798 4096 1602
824 4048 945 4113 operam
969 4020 1118 4093 scribendi
1133 4029 1334 4112 Ephemerida
1355 4049 1421 4093 mo·

78 4132 162 4187 tunm
175 4120 279 4185 Lunae
302 4121 341 4182 ad
360 4140 470 4183 annum
493 4130 675 4202 sequentem,
698 4120 890 4201 triangularis
913 4120 998 4182 labor
1019 4120 1108 4201 plane
1132 4120 1255 4182 multum
1278 4119 1421 4201 temporis

10 4249 13 4261 ›
58 4210 227 4275 ¹insumsit.
274 4212 379 4290 Itaque
403 4217 434 4271 et
456 4208 659 4290 'feugnaglius
683 4220 714 4273 ιι
736 4209 885 4273 Matthias
907 4208 964 4272 hoc
994 4207 1092 4293 questi
1120 4216 1208 4285 sunt,
1238 4218 1287 4283 et,
1316 4215 1422 4279 contra

77 4320 168 4385 quam
190 4304 223 4362 tn
241 4300 316 4380 jana,
341 4299 419 4362 satis
432 4299 550 4380 quidem
565 4319 598 4360 se
614 4301 795 4362 exercitatos
812 4318 879 4361 esse
897 4305 1041 4378 putarunt
1055 4298 1084 4360 iu
1109 4298 1284 4379 triangulari
1307 4296 1419 4373 labere,

76 4391 131 4454 aad
154 4409 214 4451 non
237 4387 314 4450 satis
337 4388 480 4469 temporis
504 4397 535 4449 et
557 4387 678 4451 nimium
700 4388 800 4451 taedii
816 4408 848 4451 se
873 4388 984 4451 habere
1012 4396 1197 4468 agnoverunt
1226 4387 1264 4449 ad
1295 4386 1419 4451 eandem

75 4479 158 4543 viam
180 4477 273 4541 toties
296 4477 449 4539 eundem.
478 4477 623 4539 Dicebam
652 4497 707 4560 ego
729 4477 896 4553 Matthiae,
927 4475 1096 4541 existimare
1124 4495 1185 4553 me,
1213 4476 1301 4539 citius
1328 4493 1419 4556 posse

76 4569 169 4633 scrrhi
198 4567 336 4641 tabulas,
368 4586 456 4648 quam
485 4567 570 4628 unius
599 4568 668 4628 anni
691 4567 899 4649 Ephemerida.
946 4567 1022 4642 Ille,
1053 4567 1129 4629 idem
1158 4565 1217 4629 sibi
1239 4564 1353 4640 videri,
1382 4584 1418 4628 ac

74 4658 209 4743 perinde,
234 4657 261 4719 si
284 4655 414 4719 director
437 4676 504 4719 esse
528 4656 626 4732 velim,
651 4657 778 4738 abrupta
798 4658 1014 4738 Ephemeride,
1039 4676 1072 4718 se
1095 4653 1215 4718 tabulas
1236 4654 1319 4736 prius
1341 4673 1415 4717 con·

76 4748 217 4822 diturum.
263 4745 323 4810 Sed
347 4746 458 4809 factum
483 4754 529 4808 est
552 4744 704 4809 simultate
728 4753 845 4821 nostra,
868 4756 902 4808 ut
925 4754 957 4807 et
979 4744 1181 4827 Tengnaglius
1203 4763 1257 4807 suo
1279 4742 1416 4807 ministro
1537 4756 1539 4761 '

75 4838 160 4902 eolus
179 4835 225 4927 uti
245 4835 334 4898 malle
348 4833 501 4899 videretur
523 4834 617 4911 (idem
641 4834 717 4897 enirn
740 4835 930 4917 perlibenter
944 4856 963 4898 a
985 4854 1032 4900 me
1056 4832 1159 4927 audiit,
1183 4850 1272 4915 posse
1295 4831 1416 4929 tabulas
1446 4849 1448 4853 ’

94 4918 218 4991 ἰηιιιι
231 4939 308 4992 m
328 4938 364 4982 ιιι.
1052 4962 1062 4981 ·
1173 4936 1207 4990 tt
