3368 5534
525 374 528 379 ¹
607 346 647 399 ⁰0
668 347 749 399 uuna.
1288 344 1353 413 did

10 525 120 591 aduxit
143 524 204 586 vim
228 524 361 607 epicyclo
385 524 506 598 afferre,
531 523 570 584 ad
592 523 766 603 parallaxes
796 525 1011 587 examinandas
1035 526 1152 589 sincero
1177 525 1275 587 animo
1298 546 1352 589 ac-

10 615 106 691 essit,
130 613 302 695 invenitque
326 615 355 675 in
381 613 572 695 quadraturis
595 632 653 674 non
676 631 743 674 esse
775 614 917 695 majorem
949 615 1082 698 epicyclo
1114 614 1352 696 amplitudinem,
1460 601 1464 611 ¹

10 723 88 786 qnam
114 701 134 768 6
160 702 450 765 semidiametrorum
465 703 587 763 Terrae.
627 702 801 780 Cujusmodi
826 704 944 783 quidem
969 704 1134 784 amplitudo
1158 724 1215 766 non
1239 704 1354 785 patitur

10 792 213 876 aquationem
236 793 275 852 ad
300 788 338 854 3⁰
361 810 549 863 excrescere,
583 809 650 853 cum
674 791 803 853 maxima
827 792 856 854 in
881 793 1072 874 quadraturis
1107 792 1247 875 aequatio
1272 787 1355 875 7¹l,⁰

10 883 147 947 mantea
185 882 292 961 Itaque
312 880 376 961 jam
391 889 423 940 et
439 879 467 941 in
484 880 571 941 Luna
588 890 695 940 natura
717 879 802 941 nobis
818 890 1026 961 argumentum
1046 883 1226 945 monstravit
1243 901 1354 944 causae

10 971 147 1055 rhysicae
169 970 415 1042 introducendae,
440 988 499 1030 non
521 969 619 1029 minus
643 988 730 1048 qnam
754 969 836 1049 prins
859 969 889 1032 in
906 970 1002 1033 tribus
1025 970 1236 1053 superioribus.
1266 968 1353 1041 Quo-

10 1060 90 1125 uodo
115 1060 146 1122 id
171 1058 200 1120 io
226 1059 342 1120 theoria
366 1056 449 1119 Solis
473 1077 587 1138 quoqne
611 1058 767 1137 probetur,
796 1057 907 1138 partim
931 1059 1005 1141 Cap.
1030 1060 1070 1124 II.
1096 1061 1218 1128 dictum,
1242 1060 1292 1122 uhi
1316 1060 1354 1121 de

10 1155 172 1233 apparente
187 1146 270 1211 Solis
294 1148 441 1210 diametro
465 1147 639 1226 agebamus,
662 1147 770 1225 partim
791 1147 987 1213 differendum
1002 1158 1051 1211 est
1065 1150 1094 1211 in
1110 1158 1226 1229 partem
1250 1158 1354 1213 astro-
1389 1202 1392 1211 .

10 1238 122 1303 nomiae
149 1237 322 1320 physicam,
355 1256 444 1317 quam
472 1256 532 1297 una
564 1255 628 1297 cnm
661 1236 915 1298 demonstratione
948 1247 1080 1300 motuum
1114 1239 1221 1300 stellae
1244 1238 1355 1300 Martis

10 1328 98 1411 trimo
123 1344 240 1409 quoque
264 1335 398 1406 tempore
423 1325 488 1385 Deo
512 1326 606 1386 sitam
630 1332 661 1386 et
683 1325 764 1386 vires
789 1326 989 1407 largientem
1013 1328 1109 1389 lucem
1132 1327 1227 1401 dabas,
1256 1327 1354 1389 hanc-

10 1424 58 1501 qut
90 1414 293 1518 inaequalium
325 1424 457 1477 motuum
491 1432 614 1476 eausam
639 1414 795 1495 physicam
827 1415 993 1477 luculenter
1023 1420 1059 1479 et
1085 1415 1203 1497 legibus
1236 1415 1355 1499 quidem

10 1502 204 1597 geometricis,
229 1524 266 1566 ne
289 1525 348 1606 qua
370 1514 432 1564 met
432 1524 488 1565 uas
512 1502 641 1576 calculo,
668 1503 814 1565 tractabo
861 1502 898 1566 Iu
919 1484 1093 1607 praesentia
1114 1513 1232 1569 tantum
1255 1505 1355 1567 dicere

10 1588 105 1675 volui,
134 1602 255 1655 veteres
287 1592 368 1655 eirca
397 1592 563 1654 diametros
593 1591 783 1654 luminarium
812 1600 914 1695 atque
932 1593 1026 1674 ipsios
1054 1594 1209 1657 umbrae
1200 1615 1231 1657 ιιι
1254 1612 1355 1656 errore

10 1702 71 1749 usos
108 1683 146 1744 ob
179 1683 349 1761 neglectam
381 1681 458 1743 hanc
497 1681 652 1761 physicam
685 1700 807 1744 causam
844 1682 990 1762 nimisque
1023 1690 1142 1746 auctum
1178 1682 1353 1765 epicyclum.

10 1775 132 1853 lamque
158 1779 190 1833 et
212 1770 379 1835 Ptolemaei
412 1770 585 1831 methodum
608 1778 638 1831 et
661 1790 736 1850 quae
761 1770 789 1832 in
815 1770 868 1832 illa
889 1781 1032 1852 suspecta
1062 1774 1123 1835 sint
1153 1773 1215 1835 lere
1248 1780 1353 1834 tenes:

10 1868 146 1945 uaporem
167 1868 201 1922 nt
223 1861 262 1922 ad
286 1861 374 1941 hujus
398 1878 514 1940 quoque
538 1858 633 1920 libelli
656 1858 828 1923 methodum
852 1861 1003 1924 accedam.

475 2055 531 2115 De
567 2074 651 2117 mea
687 2054 888 2117 Methodo.

49 2292 54 2297 Ι
93 2217 250 2296 Ingenium
280 2214 335 2283 tihi
366 2214 462 2276 lector
492 2215 657 2277 traditurus
690 2234 773 2276 eram
806 2216 983 2278 contexendi
1014 2216 1115 2297 operis
1146 2216 1235 2290 talis,
1268 2216 1356 2298 quale

10 2306 200 2371 ltolemaens
223 2303 358 2385 appellat
371 2306 494 2382 μεγαλῳ
510 2302 653 2377 coneha,
680 2322 754 2382 opus
770 2304 868 2384 ipsum
886 2305 994 2385 majori
1013 2314 1122 2367 conatu
1146 2323 1355 2385 aggressurus.

10 2398 106 2477 teges
129 2395 223 2475 igitur
244 2395 433 2458 theoremata
455 2401 487 2454 et
508 2393 696 2473 problemata
727 2394 926 2455 exstmendae
958 2414 995 2455 ex
1019 2394 1182 2473 eclipsibus
1215 2403 1357 2456 astrono-

10 2486 101 2559 aisn
133 2502 242 2564 sparsa
264 2483 318 2544 illa
341 2502 395 2543 nec
418 2482 507 2561 plane
532 2482 742 2556 cohaerentia,
768 2483 821 2544 sed
845 2482 1065 2545 conditionibus
1098 2482 1200 2564 aliqua
1227 2483 1357 2546 circum-

10 2573 131 2657 scripta.
180 2573 242 2636 Sed
264 2580 383 2645 tamen,
415 2571 459 2632 uti
483 2571 633 2651 quondam
655 2571 811 2633 Daedalus
841 2591 924 2634 suam
950 2572 1119 2640 Venerem,
1143 2571 1187 2634 sic
1211 2591 1267 2653 ego
1290 2591 1358 2634 mea

10 2662 197 2745 problemata
219 2669 326 2743 captus
350 2678 451 2721 amore
476 2659 686 2740 descriptionis
709 2679 819 2740 magna
842 2679 879 2722 ex
902 2669 989 2740 parte
1014 2661 1147 2723 animata
1173 2660 1300 2736 reddidi,
1325 2668 1360 2723 nt

10 2764 148 2833 nagnam
170 2759 287 2832 partem
311 2748 411 2829 operia
435 2750 674 2829 amplectantnr3
698 2748 728 2810 in
751 2750 858 2830 quibus
881 2750 1052 2812 methodum
1073 2750 1153 2812 hanc
1175 2750 1312 2813 notabis·

94 2838 231 2903 Primum
256 2839 435 2911 ostenditur,
459 2846 573 2918 quanta
595 2838 638 2898 sit
660 2857 809 2919 apparens
833 2839 978 2900 diameter
997 2838 1080 2902 Solis
1099 2838 1139 2900 ad
1154 2839 1229 2901 haee
1252 2846 1359 2902 nostra

10 2910 153 3012 tempora

94 3016 237 3082 &cundo
261 3016 386 3079 eandem
411 3035 513 3079 curam
537 3018 566 3079 in
587 3019 766 3079 diametrum
784 3017 889 3079 Lunae
913 3024 1106 3098 apparentem
1129 3016 1356 3079 transferemus.

93 3108 201 3171 Tertio
224 3105 426 3168 neeessariam
451 3107 509 3168 erit
532 3107 705 3186 explanare,
730 3114 871 3185 quantum
895 3125 1037 3168 accessos
1061 3113 1092 3166 et
1113 3114 1252 3167 recessus
1274 3104 1360 3168 Solis

10 3190 144 3265 mbram
167 3196 278 3258 Terrae
302 3195 409 3269 variet,
435 3202 466 3256 nt
490 3206 603 3258 certum
627 3195 677 3267 sit,
701 3194 877 3257 insensibile
901 3194 1053 3275 quippiam
1076 3194 1106 3255 id
1130 3214 1208 3257 esse.
1287 3234 1290 3241 -

63 3285 229 3367 Quarto
252 3285 420 3347 latitudinis
453 3285 595 3364 angulum
618 3284 647 3344 in
671 3281 746 3361 ipsis
778 3284 1019 3363 oppositionibus
1048 3291 1079 3345 et
1101 3283 1359 3363 conjunctionibus

10 3375 161 3460 ampotis
184 3358 409 3437 constituemus.

32 3462 214 3535 Quinto
237 3471 349 3525 motum
373 3460 597 3524 latitudinist
566 3469 597 3522 et
612 3460 709 3541 ipsam
733 3459 921 3524 latitudinem
944 3462 1031 3523 novis
1046 3461 1267 3541 problematis
1259 3460 1359 3542 rnqui-

10 3572 75 3619 rare
100 3552 286 3616 docebimus.

97 3642 208 3708 saxeo.
253 3641 331 3703 Hinc
355 3639 499 3701 diameter
526 3638 684 3701 umbrae
678 3637 822 3700 mcertis
851 3639 926 3700 locis
955 3639 1122 3701 anomaliae
1145 3640 1249 3701 Lunae
1273 3655 1359 3699 mon-

10 3732 174 3797 rurahitnr.

51 3882 56 3887 .
96 3820 237 3901 Septimo
260 3816 434 3899 parallaxes
458 3823 491 3877 et
513 3816 692 3880 altitudines
714 3817 818 3878 Lunae
842 3837 860 3876 a
883 3817 978 3879 Terra
1000 3817 1083 3878 varie
1106 3814 1301 3896 inquirantur.

85 3908 233 3985 Octavo,
257 3908 325 3970 hinc
349 3905 568 3967 examinabitur
590 3905 746 3986 proportio
769 3924 935 3984 corporum.

39 4044 45 4051 -
97 4000 200 4073 Nono,
223 3997 293 4059 hinc
313 4006 425 4058 motum
450 3995 600 4058 horarium
625 3995 798 4058 docebimus
820 3994 962 4069 invenire,
988 4012 1044 4073 quo
1069 3993 1237 4056 rectissime
1262 3993 1360 4076 hypo·

10 4088 115 4153 &aa
138 4086 265 4151 aliorum
289 4085 504 4147 examinentur.

41 4192 44 4199 ·
98 4175 237 4250 Decimo,
261 4194 337 4258 qnae
359 4175 430 4237 hinc
454 4175 493 4235 ad
520 4175 617 4254 ipsam
640 4176 666 4246 h
693 4171 871 4256 hypothesin
904 4173 942 4234 ad
965 4171 1111 4234 theoriam
1136 4169 1193 4248 Θ,
1223 4172 1262 4234 ad
1285 4191 1362 4252 geo-

11 4266 172 4375 graphium
194 4265 249 4327 lm.
273 4265 450 4338 redundent,
475 4265 571 4328 obiter
594 4262 813 4324 indicabuntur.

71 4356 251 4457 Pleraque
274 4373 311 4416 er
340 4353 525 4434 simplicibus
559 4361 589 4415 et
614 4353 701 4414 facile
734 4350 987 4455 comparabilibus
1018 4350 1298 4424 observationibus,
1330 4358 1363 4411 nt

12 4432 178 4511 identidem
200 4443 270 4506 aliis
292 4443 439 4523 exemplis
456 4443 594 4507 reiterari
614 4452 645 4503 et
660 4440 865 4505 communiora
881 4440 944 4505 llari
966 4441 1095 4523 possint,
1120 4440 1171 4523 qni
1183 4440 1362 4523 praecipuus

13 4526 103 4617 buius
126 4532 222 4597 libelli
243 4532 312 4596 finis
337 4541 394 4595 est.
