3368 5534
445 279 477 331 do
495 276 683 335 &mentulis
701 282 733 335 de
750 288 819 335 motu
833 283 921 335 atellae
939 284 1036 339 Martio
1158 279 1161 285 ’

60 452 156 535 igitur
177 453 229 517 bic
249 454 432 541 epicyclious
450 453 590 520 Solarem
611 456 643 521 in
665 457 691 521 1.
736 459 783 523 At

62 543 95 617 si,
120 541 175 605 ubi
196 548 298 607 motus
322 543 405 606 circa
417 542 520 609 Solem
543 545 658 621 tardus,
684 546 727 610 ibi
750 555 783 610 et
1065 604 1113 623 „
1221 602 1225 607 .

61 630 167 695 modus
190 643 277 695 esset
293 640 393 697 motus
411 632 442 696 in
457 635 590 719 epicyclo
610 635 649 697 ad
668 634 780 711 Solem,
928 614 1063 753 f
1113 612 1117 671 ¹

60 730 130 784 trrnc
140 721 221 796 INK
233 722 388 804 perlectus
402 723 530 788 circulus
545 722 767 787 describeretur
772 745 782 801 ;

56 812 136 891 jam,
161 810 236 893 quia
264 811 392 874 celerius
423 812 582 875 descondit
604 813 644 874 ad
667 812 781 890 Solem,
884 852 887 859 ‹

59 897 178 963 tardius
203 900 351 976 circumit,
375 899 443 963 ideo
462 901 629 983 ingreditur
643 904 682 965 ad
700 903 782 966 latus

58 990 132 1053 Lat
144 988 206 1052 boc
224 1009 354 1071 semper,
378 1009 471 1072 usque
491 989 522 1053 in
536 990 567 1054 K
581 998 653 1054 tuuc
673 992 783 1055 iterum

58 1077 216 1144 coincidit.
252 1079 355 1160 Atque
370 1097 426 1160 ego
445 1079 565 1143 omniuo
587 1081 781 1161 persuadeor,
821 1096 837 1151 s

57 1170 126 1232 binc
139 1167 230 1231 nasci
243 1176 360 1232 motum
374 1169 513 1251 apogaei,
536 1168 667 1232 nondum
681 1178 783 1233 tamen

59 1256 263 1323 consideravi
308 1255 494 1343 Exerceare,
520 1277 642 1340 quaeso,
667 1278 784 1323 meeum
832 1305 855 1359 R

59 1348 87 1410 in
116 1345 245 1409 dubium
275 1354 426 1410 eventum.
480 1346 559 1410 Esto
591 1353 626 1409 ut
661 1353 688 1419 ὅ
719 1355 784 1410 tam

59 1455 204 1517 maguam
240 1435 345 1519 capiat
373 1436 517 1518 temporis
548 1437 704 1518 periodum
727 1456 782 1518 pro

11 1604 13 1609 Ι
60 1524 207 1611 epicyclio
243 1544 299 1587 suo
345 1524 544 1606 aequabiliter
589 1525 782 1602 conficiendo,

61 1635 149 1700 quam
197 1633 344 1695 magnum
380 1623 467 1677 erat·
492 1616 624 1678 futurum
664 1623 785 1697 tempus

60 1703 267 1770 restitutionis
290 1703 372 1766 circa
394 1700 445 1783 Θ,
471 1704 498 1767 si
521 1712 619 1787 totum
642 1704 784 1767 circulum

59 1792 228 1876 perlectum
250 1801 448 1874 permeasset
494 1791 564 1856 Jam
590 1813 679 1863 vero,
711 1792 782 1874 qnia

59 1885 112 1947 boc
134 1901 199 1944 uon
222 1882 276 1957 lit,
312 1901 370 1944 uon
403 1882 482 1944 enim
505 1863 609 1969 miti)
633 1882 713 1944 viam
745 1889 890 1964 permeat,
926 1882 981 1945 sed
1004 1882 1122 1960 ILKM,
1148 1893 1179 1947 et
1202 1904 1272 1948 vere
1296 1887 1418 1967 planum

58 1972 182 2044 metitur
207 1979 336 2054 tempus,
361 1970 428 2033 ideo
443 1971 533 2034 citius
557 1970 638 2034 circa
653 1970 755 2035 Solem
769 1968 905 2034 'vertitur
919 1978 946 2043 d
960 1989 1049 2053 quam
1074 1973 1238 2056 epicyclnm
1267 1975 1418 2054 absolvat,

59 2062 145 2126 citius
170 2060 264 2143 quam
286 2060 315 2122 si
337 2059 367 2122 in
390 2059 494 2123 INKO
519 2050 715 2125 circumisset.
763 2058 831 2132 Quo
861 2061 940 2124 enim
967 2061 1089 2143 propior
1113 2061 1179 2126 Soli
1202 2063 1259 2127 hoc
1283 2067 1416 2143 celerior,

59 2150 179 2233 propior
209 2157 314 2213 autem
343 2148 373 2211 in
405 2148 577 2213 universum
606 2148 635 2212 in
665 2148 784 2212 ILKM.
830 2149 913 2230 Ergo
946 2151 1041 2222 aiod
1072 2152 1196 2233 capiens
1228 2153 1258 2215 in
1288 2154 1304 2215 Ι
1336 2163 1366 2218 et
1381 2157 1419 2231 ΙΚ

58 2237 216 2323 principiis
247 2238 365 2320 periodi
397 2239 600 2321 conjecturam
633 2239 800 2302 celeritatis
825 2257 862 2300 ex
885 2239 939 2314 HI,
963 2238 1034 2314 HK,
1069 2243 1155 2322 quasi
1183 2251 1266 2304 totus
1290 2244 1419 2309 circulus

58 2330 97 2394 sit
119 2328 259 2403 futurus,
292 2328 409 2391 tardius
439 2322 523 2390 veuit
545 2329 585 2391 ad
608 2327 726 2391 initium
749 2336 781 2390 et
804 2329 848 2390 sic
872 2346 1039 2408 apogaeum
1067 2339 1269 2410 promovetur.
1316 2334 1419 2415 Atque

57 2420 132 2482 haec
154 2436 254 2480 causa
278 2425 355 2492 esto,
380 2437 433 2480 cur
455 2417 556 2480 omnia
577 2419 767 2501 planetarum
784 2436 928 2499 apogaea
946 2418 976 2479 in
995 2421 1209 2500 consequentia
1232 2431 1417 2486 moveantur.

56 2508 136 2571 Ecce
160 2526 255 2588 quam
278 2505 407 2568 feliciter
428 2507 624 2587 pugnaverim
632 2526 642 2582 ;
666 2505 764 2569 orodis
791 2513 844 2579 tu,
880 2524 927 2567 me
956 2505 1090 2569 vicisse?
1127 2507 1209 2571 Sane
1240 2510 1420 2595 triumphum

58 2614 218 2669 canerem,
251 2594 310 2658 nisi
343 2615 391 2657 me
421 2604 558 2659 moveret
586 2595 751 2679 proportio.
797 2595 878 2658 Nam
907 2594 987 2666 in<5
1019 2597 1096 2674 etp
1128 2599 1337 2663 ecceutricitas
1372 2610 1421 2665 est

57 2684 211 2760 maxima,
242 2683 398 2747 celerrime
430 2685 523 2764 igitur
545 2684 646 2766 aliqua
671 2684 822 2766 particula
843 2684 960 2765 periodi
992 2686 1187 2749 conficeretur
1210 2686 1248 2749 ab
1273 2708 1420 2769 apogaeo,

57 2774 139 2840 Solis
163 2791 337 2857 apogaeum
360 2773 566 2836 tardissimum
589 2781 682 2838 esset.
728 2774 764 2836 Id
788 2775 907 2836 salsum.
945 2771 1093 2838 Ducentis
1118 2776 1179 2838 fere
1204 2777 1291 2841 annis
1315 2779 1420 2844 absol-

57 2872 181 2928 veretur
212 2860 356 2944 periodns
389 2862 516 2943 apogaei
540 2871 575 2934 6,
600 2863 670 2944 quia
692 2860 908 2925 ILKNIOKM
931 2872 979 2925 est
1003 2864 1065 2926 fere
1099 2867 1265 2928 centesima
1287 2886 1359 2948 pars
1383 2870 1420 2933 de

57 2948 173 3020 INKO.
221 2951 350 3015 Maneat
376 2950 469 3033 igitur
495 2951 572 3015 haec
594 2952 633 3015 lis
656 2952 711 3014 sub
739 2951 854 3032 judice.
901 2949 964 3015 Sed
987 2953 1027 3014 ad
1049 2972 1122 3016 rem.
1171 2952 1248 3019 Cum
1271 2957 1363 3038 igitur
1385 2968 1420 3023 ut

55 3044 180 3127 planum
203 3038 316 3104 munt
337 3040 382 3104 sic
405 3049 544 3122 tempora
566 3040 721 3123 periodica
744 3040 830 3122 (quia
853 3059 956 3104 omnes
985 3040 1149 3105 distantiae
1180 3045 1303 3108 suntin
1326 3048 1417 3128 plano

56 3131 177 3208 circuli)
202 3129 429 3194 accumulentur
450 3130 481 3193 in
495 3130 521 3204 I,
534 3130 574 3208 Κ,
600 3133 736 3213 apogaeo
759 3137 792 3194 et
807 3129 960 3213 perigaeo‚
985 3138 1017 3193 et
1040 3131 1243 3196 diminuantur
1264 3135 1295 3196 in
1319 3137 1418 3216 longi-

55 3220 214 3286 tudinibus
237 3218 356 3294 mediis,
382 3238 473 3302 quare
497 3218 524 3281 si
548 3226 646 3309 totum
668 3228 788 3301 tempus
814 3218 998 3301 periodioum
1028 3219 1195 3284 dividamus
1218 3241 1273 3304 per
1295 3225 1419 3305 planum

55 3311 181 3386 oirculi‚·
206 3307 343 3392 prodibit
365 3308 452 3372 valor
475 3308 590 3385 lineae,
623 3328 698 3390 quae
727 3308 823 3371 minor
846 3316 894 3371 est
922 3328 1012 3390 quam
1034 3309 1093 3383 Pl,
1124 3312 1220 3391 major
1244 3332 1333 3394 quam
1356 3315 1417 3378 PL.

53 3402 239 3481 Priusquam
256 3398 319 3481 'noo
342 3405 509 3480 pertexam,
534 3405 653 3478 oportet
677 3397 791 3480 aliquid
814 3397 1013 3479 interponere.
1051 3399 1138 3462 Prius
1163 3400 1241 3464 enirn
1264 3424 1284 3464 a
1306 3403 1421 3467 vicaria

53 3486 275 3575 hypothesiin
306 3488 476 3569 perfectum
508 3487 701 3559 circulum&
732 3493 904 3569 motumque
936 3487 1111 3572 physicum,
1144 3489 1213 3552 inde
1237 3512 1257 3553 a
1285 3494 1419 3572 perfecto

54 3579 166 3645 circulo
192 3577 223 3639 in
247 3595 352 3640 veram
375 3575 563 3639 deficientem
586 3597 606 3638 a
628 3577 739 3640 circulo
763 3576 893 3639 orbitam
917 3597 950 3639 es
970 3578 1182 3642 traducendus.
1229 3581 1326 3661 Igitur
1349 3583 1421 3664 quia

56 3670 116 3735 BA
142 3673 212 3744 (fig.
232 3669 282 3737 21)
304 3664 394 3729 nimis
418 3672 467 3728 est
490 3684 602 3747 magna
625 3667 845 3744 ecceutricitas,
870 3685 959 3747 qnam
982 3676 1016 3729 nt
1039 3688 1058 3728 a
1081 3668 1288 3747 parallaxibns
1312 3673 1420 3735 annuis

58 3756 185 3823 tolerari
206 3754 309 3838 possit
333 3752 379 3828 (in
401 3753 458 3816 boc
482 3755 561 3819 enim
583 3757 662 3818 uodo
684 3756 846 3818 haerentes
861 3755 1071 3838 Tychouianos
1095 3756 1195 3820 inveni
1217 3779 1294 3821 anno
1323 3757 1417 3826 1600.

56 3844 236 3912 Februario.
282 3843 484 3908 Processerat
509 3844 663 3925 negotium
687 3864 780 3927 usquo
804 3845 843 3906 ad
865 3845 1040 3926 parallaxes
1069 3865 1183 3907 annuas
1208 3854 1240 3910 et
1264 3849 1354 3912 etiam
1379 3853 1419 3913 ad

55 3934 253 4002 latitudinem
282 3933 496 4016 acronychiam
528 3933 685 3999 visibilem.
741 3935 826 3996 Haeo
858 3933 916 3996 duo
950 3953 1009 3998 non
1041 3942 1184 4016 poterant
1215 3938 1367 4002 conciliari
1401 3962 1419 4002 a

57 4024 237 4092 Christiano
272 4021 448 4099 Severini),
485 4030 517 4087 et
557 4023 629 4106 quia
660 4025 854 4088 Ptolemaeus
886 4023 1019 4099 invenit,
1055 4023 1208 4088 dimidium
1237 4026 1331 4109 ipsius
1360 4030 1419 4092 BA

55 4114 184 4181 tolerari
207 4112 238 4177 in
260 4110 470 4197 puellaribus
493 4112 617 4191 annuis,
642 4115 710 4177 ideo
734 4112 866 4177 conclusi
890 4131 947 4193 ego
971 4112 1008 4174 de
1032 4132 1083 4188 eo,
1114 4115 1193 4194 quod
1212 4116 1278 4195 jam
1300 4117 1419 4197 pridem

54 4206 249 4288 agitaveram
271 4201 392 4276 animo,
418 4201 569 4285 explano
592 4202 773 4266 anomaliam
803 4200 969 4284 simplicem
994 4220 1061 4265 esse
1096 4201 1321 4268 desumendam.
1368 4205 1419 4268 Sit

55 4294 135 4359 cuim
158 4290 316 4357 anomalia
338 4291 473 4373 simplex
494 4289 568 4356 ΙΗΟ
598 4297 665 4368 (lig.
684 4298 731 4364 22)
756 4298 788 4355 et
816 4289 1026 4355 ecceutricitas
1049 4291 1105 4354 PH
1128 4292 1170 4354 sit
1201 4292 1353 4357 dimidium
1378 4293 1417 4355 do

52 4382 113 4449 ΒΔ
139 4389 209 4460 (fig.
229 4386 278 4454 21)
302 4388 336 4443 et
358 4379 400 4443 sit
418 4380 484 4462 jam
501 4377 572 4446 11³0
596 4390 707 4445 rectus.
746 4380 834 4445 Sicut
853 4400 923 4463 ergo
939 4377 1009 4445 11³0
1031 4388 1079 4444 est
1096 4390 1205 4463 quarta
1226 4401 1296 4463 pars
1320 4381 1414 4460 plani,

52 4475 99 4541 ita
121 4478 236 4556 quarta
255 4489 330 4552 pars
353 4471 522 4551 anomaliae
537 4471 582 4545 (h.
598 4491 625 4534 o.
641 4466 716 4547 90⁰)
740 4470 847 4534 ablata
860 4470 898 4532 ab
918 4469 1069 4534 anomalia
1090 4472 1197 4553 majori
1219 4467 1303 4544 ΙΗΟ,
1317 4468 1413 4530 relin-

54 4564 120 4647 quit
140 4562 267 4643 planum
290 4559 436 4639 trianguli
449 4555 545 4635 ΡΗΟ,
569 4562 655 4643 cujus
678 4560 806 4641 angulus
819 4557 905 4623 ΗΡΟ
924 4566 956 4621 et
973 4557 1035 4620 ΡΟ.
1052 4561 1134 4623 latus
1157 4563 1275 4623 dantur.
1307 4555 1416 4620 Prodit

55 4650 208 4736 ergoPH,
234 4669 329 4733 quare
346 4660 379 4712 et
391 4646 487 4712 POH.
524 4650 589 4714 Est·
604 4658 706 4714 autern
725 4647 811 4712 ΡΟΗ
834 4647 1025 4730 aequationis
1048 4670 1120 4732 pars
1143 4670 1201 4712 una
1224 4665 1278 4709 seu
1301 4645 1413 4723 optica,

54 4740 220 4811 imminutio
245 4759 290 4803 ac.
315 4738 418 4821 anguli
431 4737 514 4816 1130,
536 4747 570 4801 ut
592 4739 634 4803 sit
647 4739 733 4805 ΙΗΟ,
773 4736 888 4801 Contra
910 4736 1032 4819 planum
1055 4737 1124 4802 11³0
1149 4747 1197 4804 est
1221 4732 1412 4815 aequationis

53 4853 125 4917 pars
146 4830 250 4896 altera
271 4847 328 4892 sen
350 4826 486 4914 physica,
509 4847 652 4905 excessus
670 4848 714 4897 sc.
738 4827 882 4931 tqmporis
905 4845 960 4891 seu
982 4829 1149 4896 anomaliae
1173 4821 1318 4908 simplicis
1335 4820 1411 4887 IHO

132 4933 372 4999 squamosam·
1186 4932 1202 4991 b
