3368 5534
165 306 209 377 44
579 306 681 359 utam
699 304 802 371 Koplari
819 305 971 373 alarumque
987 314 1090 359 mutuas

164 487 355 562 intermedio,
381 494 462 549 recte
484 485 577 549 habet
598 491 630 546 01
651 482 807 561 longitudo
830 482 944 559 media;
974 502 1041 547 cum
1067 492 1167 547 autem
1186 483 1250 563 jam
1272 485 1422 549 habeatur
1441 506 1517 570 pro-

164 577 264 659 portio
288 576 434 639 linearum
455 576 494 637 ad
516 574 585 650 AC,
608 591 696 654 quam
720 571 906 653 suscepimus
929 571 1158 649 0000100000,
1182 574 1272 636 l'acile
1295 593 1363 637 eam
1384 575 1519 640 1001100

163 685 304 730 numeros
327 674 574 746 transponemus,
606 670 641 724 nt
660 663 714 725 BF
742 662 784 725 sit
814 657 953 725 100000.
1001 660 1117 734 Quodsi
1149 681 1220 742 ergo
1244 659 1265 725 4
1288 664 1519 728 observationes

162 756 193 817 in
216 761 302 836 parte
326 753 458 835 scrupuli
480 760 561 816 recte
583 751 739 825 haberent,
763 768 898 812 essemus
921 749 969 811 vel
993 749 1037 813 sic
1060 751 1135 814 certi
1150 752 1187 813 de
1200 753 1396 833 porportione
1409 755 1464 819 1³13
1477 756 1517 817 00

162 846 236 918 BA,
268 862 322 905 nec
346 863 421 924 opus
450 850 533 904 esset
562 848 646 903 tanto
670 848 834 920 apparatu,
867 847 1009 921 quantum
1041 860 1133 921 supra
1155 841 1312 922 descripsi.
1359 841 1423 907 Sed
1445 844 1518 926 quia

164 933 244 995 iutra
266 928 286 993 3
311 933 452 1013 scrupula
475 930 550 994 ccrti
577 950 635 992 uon
666 948 769 991 sumus
791 927 828 989 00
853 927 1079 1005 observatione,
1106 930 1287 1010 praesertim
1308 933 1429 1013 quaudo
1459 933 1517 996 do-

165 1022 304 1083 00011000
329 1041 404 1102 opus
427 1028 476 1083 ost
497 1041 516 1082 a
539 1019 587 1079 die
610 1018 762 1099 proximo,
792 1016 911 1099 quando
943 1017 1090 1087 serenitas
1114 1019 1343 1082 observationes
1372 1021 1518 1096 admittit,

165 1111 204 1171 ad
227 1110 306 1171 diem
328 1129 418 1173 verae
442 1129 508 1171 cum
525 1108 596 1171 Sole
621 1106 830 1188 oppositionis,
855 1106 922 1167 idco
945 1106 976 1168 in
1000 1107 1115 1169 incerto
1138 1108 1331 1190 relinquimur
1354 1111 1405 1186 (ut
1428 1130 1520 1191 supra

165 1199 292 1272 dictum)
318 1199 348 1260 in
370 1200 470 1261 Marte
501 1198 619 1279 quidem
643 1192 773 1259 09200
801 1196 831 1257 in
863 1191 1026 1258 110000
1052 1196 1193 1271 ulterius,
1228 1188 1519 1279 000010000111000

165 1288 195 1351 in
218 1288 425 1370 parallaxibus
448 1287 530 1350 orbis
558 1287 649 1348 annui
678 1283 877 1347 intolerabilis
904 1293 960 1346 est.
1005 1285 1215 1367 Aequationes
1246 1296 1347 1350 100100
1378 1287 1438 1351 hac
1470 1288 1521 1349 via

164 1397 258 1460 prope
280 1396 384 1439 verum
406 1376 598 1439 addiscimus.

254 1467 409 1528 Hactenus
433 1466 569 1547 exposui,
593 1463 700 1544 quibus
724 1461 754 1522 in
781 1461 871 1524 rebus
895 1482 914 1523 a
936 1470 967 1522 te
989 1462 1113 1542 Magire
1144 1463 1354 1525 sollertissime
1381 1464 1521 1545 adJ‘nrari

166 1556 286 1638 possint
299 1556 488 1618 inventiones
503 1553 561 1615 hae
576 1553 656 1614 circa
669 1550 803 1613 theorias
818 1550 1008 1630 planetarum
1020 1550 1254 1633 Copernicanas.
1287 1554 1375 1614 Nunc
1391 1554 1521 1615 alterum

167 1652 258 1726 capnt
280 1645 317 1706 de
340 1645 514 1707 difficultate
538 1640 646 1704 calculi
669 1639 839 1719 aggrediar,
863 1639 1020 1702 consilium
1043 1648 1125 1702 tuum
1150 1641 1347 1721 expetiturus,
1371 1642 1520 1723 quomodo

168 1753 293 1796 censeas
316 1733 545 1796 constituendas
569 1730 698 1803 tabulas,
722 1748 811 1810 quam
834 1728 960 1790 sormam
983 1728 1090 1790 calculi
1115 1730 1364 1810 amplectendam.
1403 1730 1521 1812 Cuper-

166 1823 252 1886 uicus
275 1822 318 1885 uti
342 1824 441 1903 potuit
463 1820 613 1884 anomalia
629 1817 882 1893 commutationis,
905 1819 974 1899 0010
990 1826 1134 1892 centrum,
1158 1819 1240 1881 circa
1254 1820 1333 1900 quod
1348 1828 1523 1882 numeratur

168 1912 328 1986 anomalia,
351 1912 471 1993 putauit
493 1929 561 1972 esse
585 1917 717 1970 centrum
742 1907 809 1969 viae
825 1908 946 1969 Terrae.
985 1906 1067 1978 Quid
1080 1908 1146 1988 jam
1164 1908 1251 1970 nobis
1265 1909 1402 1989 proderit
1424 1929 1522 1971 canon

168 2001 335 2064 anomaliae
359 1999 612 2072 commutationis,
636 2016 702 2059 cum
716 1995 764 2057 bis
780 1997 938 2077 aequanda
956 1995 1007 2069 sit,
1030 2015 1136 2077 nempe
1154 2016 1208 2078 per
1222 1999 1316 2060 totius
1330 1998 1522 2079 aequationis

168 2101 199 2153 ct
220 2092 360 2171 planetae
385 2099 416 2152 et
430 2093 542 2152 Terrae
564 2094 681 2168 partem
705 2105 782 2159 eam,
805 2104 881 2166 quae
904 2085 1096 2147 constituitur
1119 2086 1157 2147 ab
1181 2087 1407 2151 eccentricitate
1432 2086 1523 2149 viae?

169 2180 298 2261 Oportet
320 2182 399 2241 enim
422 2179 563 2259 angulum
586 2174 755 2238 anomaliae
779 2176 817 2235 ad
836 2174 949 2235 nullum
968 2174 1050 2235 aliud
1068 2184 1211 2255 punctum
1227 2186 1318 2251 stare,
1343 2195 1433 2259 quam
1449 2196 1523 2239 cen·

168 2277 246 2331 trum
263 2269 354 2331 Solis.
392 2268 485 2331 Nulla
506 2266 555 2328 hic
579 2262 813 2345 aequipollentia
835 2263 1045 2344 hypothesium
1070 2284 1125 2326 nos
1136 2264 1234 2343 juvat
1274 2265 1408 2328 Dimidio
1426 2265 1525 2346 gradu

168 2358 198 2420 10
226 2360 327 2420 Marte
356 2376 491 2418 erramus
520 2354 647 2436 primum
674 2361 764 2433 atque
798 2351 1037 2423 centrumffiolis
1069 2354 1298 2416 deseruerimus.
1344 2356 1391 2416 At
1411 2356 1437 2416 si
1462 2364 1525 2416 stet

170 2447 299 2525 angulus
321 2446 370 2507 hic
394 2447 432 2507 ad
448 2444 561 2518 Solem,
586 2460 705 2522 semper
728 2450 777 2503 est
799 2441 860 2502 alia
883 2450 973 2522 atque
996 2442 1059 2503 alia
1082 2442 1228 2505 distantia
1245 2442 1329 2507 Solis
1352 2444 1524 2516 etTerrae,

170 2554 262 2616 quare
286 2534 377 2596 etiam
400 2534 462 2595 alia
485 2542 574 2614 atque
598 2531 659 2592 alia
681 2529 848 2611 parallaxis
872 2550 978 2604 annua,
1013 2531 1133 2593 etiarnsi
1154 2532 1279 2613 planeta
1297 2533 1409 2595 habeat
1433 2550 1525 2595 unam

172 2634 203 2685 et
225 2624 351 2685 eandem
374 2622 557 2686 anomaliam
580 2618 720 2683 eccentri.
766 2620 845 2682 Nam
876 2619 997 2698 aphelia
1023 2621 1053 2681 in
1083 2621 1197 2682 tabulis
1223 2622 1376 2703 perpetuis
1404 2631 1527 2703 oportet

172 2712 357 2775 considerari
387 2719 421 2774 ut
449 2710 626 2774 distantiam
660 2716 793 2769 mutuam
819 2708 970 2769 variantia
1000 2726 1141 2771 successu
1171 2711 1348 2773 seculorum.
1394 2714 1443 2774 Ac
1466 2712 1526 2775 etsi

173 2820 293 2882 semper
306 2802 412 2863 eadem
426 2807 548 2863 mancat
562 2795 749 2879 apheliorum
768 2797 924 2873 distantia,
941 2807 1041 2859 tamen
1056 2799 1231 2878 parallaxes
1247 2809 1335 2862 erunt
1349 2801 1526 2863 condendas

171 2911 230 2953 non
254 2892 293 2952 00
316 2891 523 2973 quadrantem,
546 2909 605 2949 non
628 2886 668 2947 ad
691 2885 920 2960 semicirculum,
945 2887 998 2949 sed
1021 2888 1060 2948 ad
1084 2888 1232 2967 integrum
1246 2889 1399 2964 circulum,
1423 2890 1475 2953 ubi
1499 2890 1526 2951 si

172 2979 320 3042 accedant
341 2981 433 3041 ctiam
457 2978 599 3058 scrupula
612 2975 859 3057 proportionalia,
886 2984 919 3037 ut
943 2995 1068 3038 necesse
1093 2986 1185 3054 esset,
1210 2979 1312 3040 nescio
1328 2999 1367 3040 an
1382 2979 1527 3041 evitaturi

172 3069 266 3131 simus
290 3088 407 3131 omnem
430 3087 572 3130 errorem.
618 3066 676 3127 1110
707 3064 843 3126 omnibus
874 3065 993 3126 accedit
1024 3066 1166 3146 implexio
1197 3075 1301 3129 mutua
1327 3068 1527 3149 parallaxeon

172 3158 263 3220 annui
293 3158 375 3222 orbis
398 3158 429 3220 in
452 3158 573 3237 longum
596 3166 627 3216 et
656 3155 765 3228 latum,
789 3153 839 3235 qui
862 3155 1021 3235 scrupulus
1044 3174 1090 3216 me
1114 3156 1283 3219 diutissime
1311 3156 1402 3219 torsit
1434 3176 1528 3220 caeca

173 3248 324 3309 molestia.
369 3249 448 3310 liam
472 3266 539 3315 cum
561 3263 655 3325 prope
689 3243 895 3323 oppositiones
925 3245 1065 3324 planetae
1094 3264 1160 3306 cum
1184 3245 1256 3309 Sole
1287 3246 1422 3319 venitur,
1452 3248 1528 3309 haec

172 3337 314 3416 implexio
338 3336 506 3416 norperti
530 3345 577 3396 est
599 3332 741 3395 momenti
765 3351 940 3414 semperque
964 3353 1010 3394 rne
1032 3333 1198 3413 impedivit,
1222 3336 1393 3416 quominus
1410 3337 1528 3416 justam

175 3425 306 3487 siderum
329 3446 348 3487 0
371 3426 443 3487 Sole
467 3423 643 3487 distantiam
673 3421 857 3501 investigare
889 3422 1047 3503 potuerim.
1093 3424 1152 3485 llic
1176 3425 1202 3485 si
1225 3425 1316 3487 etiam
1345 3444 1461 3486 000000
1485 3426 1528 3488 011

174 3514 302 3577 velimus
332 3514 480 3596 aequandi
517 3520 641 3594 propter
673 3510 864 3573 latitudinem
893 3512 1033 3592 angulum
1065 3514 1322 3588 commutationis,
1347 3512 1459 3577 'nescio
1489 3535 1529 3577 00

176 3604 328 3665 difficilior
351 3612 383 3666 et
405 3602 573 3664 taediosior
597 3601 639 3663 sit
660 3602 778 3662 iuturus
801 3601 935 3662 calculus
958 3600 1137 3677 tabularum,
1160 3622 1250 3683 quam
1273 3604 1530 3667 00100Ιο01000-

174 3693 320 3774 gulorum.
367 3693 402 3755 lu
426 3692 482 3753 lrac
512 3710 585 3772 ergo
618 3689 794 3752 difficultate
817 3689 854 3750 00
886 3690 983 3752 forma
1014 3692 1123 3753 calculi
1155 3712 1191 3753 ea
1223 3692 1343 3773 cogito,
1373 3712 1451 3775 0000
1482 3704 1532 3755 001

175 3789 302 3843 naturae
331 3781 513 3856 conformis3
544 3799 633 3861 quam
662 3778 731 3860 quia
762 3777 826 3839 sine
856 3786 909 3840 tua
939 3797 993 3859 ope
1027 3780 1077 3842 vix
1097 3782 1215 3861 ‘potero
1247 3782 1392 3862 adipisci,
1426 3783 1532 3845 itidem

175 3889 333 3953 exponam.
381 3869 550 3949 Colligetur
577 3888 615 3930 ex
646 3866 758 3930 tabulis
787 3867 929 3946 planetae
961 3869 1089 3949 simplex
1119 3870 1274 3950 longitudo
1305 3879 1337 3933 et
1366 3871 1531 3952 aphelium,

175 3969 207 4022 et
229 3960 383 4023 subtracto
407 3958 463 4021 hoc
482 3960 520 4021 ab
539 3958 594 4019 illa
607 3977 661 4038 per
679 3957 861 4018 anomaliam
880 3959 1010 4020 eccentri
1035 3960 1172 4021 relictam
1188 3970 1364 4041 excerpetur
1387 3962 1530 4042 aequatio

175 4049 326 4123 eccentri,
350 4068 409 4130 qua
432 4048 598 4127 corrigetur
621 4046 796 4125 longitudo,
829 4057 862 4107 ut
884 4050 936 4108 liat
960 4049 1090 4110 eccentri
1121 4049 1277 4128 longitudo
1300 4060 1448 4132 aequata3
1474 4069 1531 4112 ex-

176 4147 315 4219 cerpetur
344 4146 376 4199 et
404 4137 552 4198 distantia
582 4136 724 4215 planctae
746 4154 766 4195 a
789 4134 861 4197 Sole
893 4155 947 4217 per
980 4139 1106 4200 eandem
1139 4139 1306 4218 simplicem
1339 4140 1532 4215 anomaliam,

176 4228 326 4290 servanda
349 4226 380 4287 in
403 4226 533 4287 futurum
556 4243 650 4285 usum.
689 4223 747 4284 llic
772 4224 856 4287 labor
879 4226 938 4287 crit
960 4227 988 4288 in
1009 4227 1201 4290 inferioribus
1224 4228 1314 4309 plane
1338 4228 1437 4305 idem3
1460 4248 1532 4291 narn

176 4325 332 4379 eccentrus
356 4334 457 4376 eorum
480 4316 506 4375 is
530 4314 645 4375 dicetur
673 4312 819 4387 circulus,
849 4334 935 4395 quem
960 4316 988 4378 in
1012 4317 1055 4378 rei
1087 4318 1216 4378 veritate
1249 4318 1423 4381 describunt
1450 4319 1532 4381 circa

176 4406 288 4469 Solcm.
351 4404 469 4477 Quodsi
499 4413 637 4464 carerent
668 4403 809 4482 planetae
840 4406 990 4484 parallaxi
1025 4426 1141 4481 00000,
1176 4407 1241 4486 jam
1274 4408 1397 4471 inventa
1428 4417 1534 4469 essem

181 4496 310 4557 omnium
326 4495 515 4577 planetarum
534 4492 686 4572 ipsiusque
702 4492 812 4553 Terrae
829 4493 896 4554 loca
913 4495 943 4556 in
963 4497 1026 4559 suis
1050 4496 1167 4558 orbitis.
1208 4497 1293 4577 Ergo
1311 4517 1366 4578 pro
1385 4498 1405 4560 5
1423 4498 1533 4578 plane-

178 4593 276 4645 tarum
303 4583 511 4665 parallaxibus
541 4581 631 4643 00001
662 4580 744 4641 orbis
769 4581 835 4659 jam
858 4585 989 4647 secundo
1013 4587 1051 4646 ad
1075 4588 1201 4647 eundem
1224 4588 1345 4648 modum
1372 4597 1533 4667 quaeretur

179 4673 263 4733 locus
285 4675 397 4735 Terrae
422 4672 484 4746 (rel
509 4670 592 4733 Solis
617 4670 789 4750 oppositus)
814 4690 880 4732 cum
904 4673 1052 4737 distantia
1075 4676 1158 4737 Solis
1182 4686 1213 4736 et
1235 4678 1347 4737 Terrae
1370 4676 1532 4738 servanda.

179 4761 282 4823 Tertio
307 4764 390 4823 locus
414 4760 530 4824 orbitae
547 4760 689 4841 planetae
712 4760 934 4839 comparabitur
959 4783 1025 4826 cum
1039 4765 1176 4845 proximo
1191 4765 1332 4844 planetae
1351 4766 1431 4827 nodo
1446 4764 1532 4838 (nodi

178 4858 261 4913 motu
284 4850 414 4933 simplici
436 4851 528 4913 etiam
550 4867 589 4911 ex
612 4845 725 4913 tabulis
748 4848 894 4927 collecto)
916 4862 949 4915 01
964 4870 1021 4935 por
1042 4852 1221 4917 distantiam
1242 4874 1263 4917 0
1279 4854 1359 4919 uodo
1383 4864 1416 4918 et
1433 4854 1533 4919 maxi-
