3368 5534
198 292 264 367 432
330 382 334 393 ¹
680 300 721 355 ns
738 300 845 385 uorsa
863 298 957 352 sarrae
972 298 1062 353 arua

198 476 272 542 nihil
303 480 355 543 eat
380 477 510 557 negotii,
538 498 592 560 per
615 478 803 560 quotidianas
828 476 909 540 Solis
940 477 1156 539 declinationes
1183 475 1381 556 pronunciare
1409 475 1447 537 de
1471 493 1544 537 vera

197 569 263 649 ejus
285 564 474 647 elongatione
498 589 517 629 a
539 578 658 648 puncto,
683 568 760 648 quod
784 567 838 629 Sol
862 576 995 647 tempore
1019 568 1099 628 dicto
1117 564 1297 647 aequinoctii
1315 564 1424 637 tenuit,
1445 564 1543 644 quod-

199 674 313 737 cunque
342 656 416 719 illud
444 666 498 718 aut
521 657 549 719 in
572 676 744 737 quacunque
768 656 897 735 sphaera
920 664 1098 718 statuamu-
1123 654 1203 719 Nam
1225 653 1276 715 alii
1300 654 1381 716 alias
1403 654 1474 715 huic
1488 673 1544 715 ne-

198 747 281 824 gotio
313 746 459 825 sphaeras
492 746 686 826 deputarunt,
718 765 784 807 cum
814 755 884 824 post
902 754 1051 806 octavam
1083 750 1117 806 et
1136 762 1246 805 nonam
1269 764 1288 803 a
1310 743 1543 804 Ptolemaeo

198 833 377 897 constitutas
406 834 550 913 sphaeras
580 836 632 897 alii
655 834 817 910 decimam,
848 834 1046 897 recentissimi
1070 833 1257 896 undecimam
1280 839 1312 893 et
1335 831 1545 895 duodecimam

197 922 370 986 vanissimis
401 924 656 1001 speculationibus
688 924 913 1000 constituerint3
942 943 1029 1004 quam
1058 927 1337 1001 aolonpaypoowqr
1366 919 1544 985 Braheus

198 1013 390 1074 vehementer
412 1012 568 1094 increpuit.
614 1016 659 1077 At
682 1014 751 1094 quid
776 1014 805 1075 in
829 1013 1050 1075 carumlocum
1074 1011 1255 1074 substituere
1278 1010 1440 1089 cogitarit„
1471 1009 1544 1071 mihi

198 1120 346 1180 nunquam
370 1100 447 1162 dixit
468 1122 523 1164 nec
547 1103 690 1183 scriptum
713 1102 835 1184 reliquit
858 1103 952 1164 ullibi.
983 1101 1221 1181 Coperuicns
1237 1101 1356 1181 quidem
1372 1100 1423 1172 (ut
1436 1100 1544 1179 vulgus

194 1191 328 1273 judicat)
352 1189 427 1250 scite
452 1201 483 1251 et
506 1191 625 1266 festive,
652 1196 701 1265 (ut
728 1195 798 1271 ego)
831 1193 984 1273 sapienter
1015 1192 1105 1263 fecit,
1139 1191 1187 1269 qui
1220 1190 1314 1253 oculis
1336 1209 1357 1250 a
1379 1189 1467 1251 coelo
1489 1189 1544 1249 de-

198 1280 297 1343 ductis
323 1278 472 1358 quaesivit
494 1280 524 1340 id
548 1290 688 1359 punctum
712 1282 741 1342 in
767 1283 830 1362 ipso
854 1282 943 1360 globo
967 1280 1111 1355 Telluris,
1145 1280 1191 1341 cui
1214 1279 1243 1340 in
1267 1280 1392 1340 lixarum
1415 1279 1545 1358 sphaera

198 1376 339 1448 punctum
367 1369 501 1448 quolibet
523 1372 622 1431 seculo
646 1379 760 1433 certum
783 1370 995 1449 supereminet,
1020 1379 1052 1431 ut
1075 1389 1141 1449 cap.
1156 1368 1303 1432 LXVIII.
1320 1367 1444 1430 dictum.
1483 1366 1545 1429 Sed

199 1459 285 1537 hujus
309 1457 368 1519 loci
392 1476 449 1519 non
474 1469 521 1519 est
545 1461 689 1538 prolixius
711 1461 773 1523 ista
795 1461 954 1523 discutere.

289 1547 343 1609 111.
378 1545 520 1626 Sequitur
552 1548 768 1613 demonstratio
796 1548 996 1631 aequatiunis,
1019 1567 1094 1630 quae
1117 1546 1224 1608 nititur
1246 1543 1328 1607 Solis
1356 1543 1541 1623 ingressibus

199 1634 368 1699 observatis
397 1635 425 1696 in
454 1636 601 1717 principia
631 1638 826 1703 cardinalium
852 1639 1018 1719 signorum.
1062 1637 1252 1717 Aequatione
1281 1634 1361 1696 enim
1385 1633 1425 1695 ab
1448 1652 1541 1713 appa-

200 1725 278 1788 renti
309 1725 374 1786 loco
398 1724 479 1786 Solis
508 1728 664 1789 sulrtracta
694 1729 743 1791 vel
766 1729 889 1803 addita,
918 1724 1111 1805 constituitur
1137 1724 1251 1787 medius
1274 1722 1357 1785 Solis
1385 1730 1484 1783 motus
1506 1722 1540 1781 ab

200 1816 251 1899 illo
280 1822 400 1894 puncto,
430 1816 507 1893 quod
532 1814 586 1878 Sol
610 1819 789 1896 aequinoctii
816 1826 950 1898 tempore
972 1816 1106 1879 obtinere
1130 1815 1212 1875 risus
1236 1824 1293 1875 est.
1339 1812 1475 1875 Rursum
1497 1812 1539 1873 bic

193 1902 238 1981 ,tle
272 1902 462 1981 aequationis
492 1907 661 1983 quantitate
688 1908 785 1989 maJor
813 1915 862 1969 est
883 1904 1046 1980 dubitatio,
1079 1924 1166 1983 qnam
1189 1902 1272 1983 prius
1295 1902 1331 1963 de
1355 1899 1543 1983 aequinoctio

202 1991 250 2053 rel
278 1990 425 2072 principio
456 1995 580 2058 zodiaci.
632 1996 712 2059 Nam
738 1996 827 2061 bodie
860 1997 913 2058 illa
946 1994 1085 2077 aequatio
1114 1993 1208 2055 minor
1230 2002 1358 2073 apparet
1380 1986 1436 2053 2⁰¹
1459 1986 1548 2083 qn}

202 2090 346 2163 quantam
375 2082 566 2162 llipparclms
597 2086 820 2149 demonstrasse
850 2086 906 2147 sibi
937 2086 1019 2146 risus
1052 2093 1100 2145 est
1130 2082 1381 2160 Ptolemaeusque
1412 2074 1541 2141 retinuit

202 2172 267 2234 lieo
292 2180 339 2231 est
362 2189 455 2232 causa
478 2173 554 2233 satis
573 2175 668 2253 justa,
693 2195 745 2238 cur
768 2175 912 2250 dicamus,
935 2174 1022 2236 hodie
1047 2173 1137 2234 aliam
1160 2190 1226 2233 ease
1242 2170 1358 2232 orbium
1372 2167 1542 2249 proportio·

200 2278 267 2322 nem
291 2276 381 2338 quam
402 2260 483 2323 oliui.
529 2263 720 2327 Affirmatum
751 2266 830 2327 enim
857 2263 978 2326 maximi
1001 2260 1141 2324 momenti
1165 2267 1235 2339 eget
1257 2258 1430 2321 firmissimo
1455 2256 1540 2319 testi·

201 2348 310 2422 monio,
334 2366 392 2429 quo
415 2368 561 2413 caremus.
607 2354 671 2415 linc
700 2354 776 2415 enirn
808 2352 969 2415 observata
990 2352 1043 2415 illa
1066 2360 1127 2411 tam
1151 2358 1279 2431 possunt
1301 2367 1368 2409 esse
1393 2354 1540 2418 accurata,

202 2436 384 2519 praesertim
412 2438 492 2500 circa
519 2441 683 2521 ingressum
711 2443 742 2504 in
771 2458 803 2509 ee
832 2450 864 2503 et
890 2446 933 2519 ᾖ.
987 2440 1103 2513 Quodsi
1131 2439 1348 2503 substituamus
1372 2437 1547 2498 Ptolemaeo.

204 2526 402 2607 aequatieuea
431 2529 600 2606 hodiernae,
632 2552 690 2593 non
720 2532 899 2595 mutabimus
922 2532 987 2610 ejus
1011 2526 1236 2591 observationes
1259 2534 1362 2597 tanto,
1390 2524 1471 2607 quod
1493 2524 1542 2587 ob-

204 2615 355 2677 seruando
377 2636 409 2676 se
434 2620 686 2699 conprehendere
708 2620 899 2683 Ptolemaeus
922 2622 987 2699 ipse
1011 2621 1151 2692 fateatur,
1175 2626 1207 2679 et
1229 2635 1286 2695 quo
1310 2615 1410 2695 majus
1420 2612 1542 2695 ='aliquid

203 2703 303 2767 uoueri
335 2706 433 2785 potuit
471 2709 663 2785 l'tolemaicis
696 2710 954 2773 observationibus
987 2709 1025 2770 ab
1061 2709 1126 2788 ipso
1159 2704 1372 2769 refractionum
1413 2704 1541 2783 negotio.

204 2794 285 2859 Nam
312 2810 470 2875 possumus
497 2794 577 2861 din
606 2800 758 2861 observati
782 2799 960 2879 aequinoctii
983 2797 1158 2861 Ptolemaici
1181 2802 1295 2857 certam
1318 2793 1431 2867 lateri,
1460 2792 1544 2855 horas

207 2881 327 2947 interim
348 2882 465 2964 aliquot
488 2884 569 2951 illius
590 2888 649 2949 diei
673 2891 701 2951 in
727 2889 839 2950 incerto
862 2908 987 2970 ponere:
1020 2887 1069 2948 nbi
1093 2885 1255 2948 vernalium
1278 2891 1311 2944 et
1332 2880 1546 2947 autumnaliu-

206 2970 460 3053 aeqninoctiorum
484 2972 615 3038 societas
638 2996 705 3038 sese
729 2998 787 3040 non
811 2978 856 3039 ita
879 2974 1011 3041 defendit
1034 2987 1139 3039 contra
1160 2992 1284 3055 parvum
1305 2972 1385 3034 hunc
1405 2988 1543 3043 errorem,

206 3062 245 3125 de
267 3078 326 3143 quo
350 3062 481 3143 agimus,
519 3077 552 3127 ut
574 3068 656 3147 prius
680 3072 786 3129 contra
807 3067 889 3129 illum
911 3086 1061 3145 magnum.
1116 3064 1196 3127 Sane
1228 3063 1321 3123 fuisse
1352 3060 1544 3141 aequationes

205 3166 283 3213 nvo
304 3148 470 3215 Ptolemaei
496 3154 638 3235 aequales
662 3156 785 3229 nostris,
807 3155 907 3234 arguit
930 3156 1101 3217 constantia
1124 3154 1338 3215 modernorum.
1384 3151 1467 3214 sam
1490 3150 1543 3211 iere

206 3238 286 3302 idem
308 3248 367 3316 est,
391 3243 469 3323 quod
492 3244 582 3307 hodie
603 3245 750 3317 Braheus,
776 3255 808 3308 et
830 3246 907 3325 quod
929 3245 1130 3323 Albategnius
1154 3242 1290 3322 quodque
1305 3240 1459 3305 alraaclrel
1479 3248 1543 3300 ante

206 3328 320 3409 aliquot
333 3331 436 3393 secula
450 3328 701 3409 invenerantwl)
740 3333 814 3397 Cum
831 3334 920 3413 igitur
934 3333 1065 3414 suspicio
1080 3333 1131 3405 sit,
1155 3330 1296 3393 sitium
1309 3348 1379 3391 esse
1394 3328 1479 3391 Solis
1493 3346 1542 3387 ae-

207 3419 393 3498 quationem,
418 3441 477 3501 qua
500 3422 691 3489 Ptolemaeus
715 3424 820 3498 utitur,
852 3443 888 3484 ex
912 3423 1029 3485 uitiosis
1052 3416 1266 3503 apparentibus
1287 3416 1363 3483 locis
1385 3416 1471 3481 Solis
1493 3416 1541 3477 de-

208 3509 344 3582 ductam,
379 3530 433 3572 uec
464 3513 502 3573 ad
531 3509 624 3577 medii
645 3532 700 3577 nec
724 3514 762 3574 ad
787 3512 959 3607 apparentis
983 3511 1065 3579 Solis
1094 3510 1264 3591 oppositum
1290 3506 1376 3569 Mars
1400 3526 1422 3568 a
1443 3506 1543 3568 Ptole-

207 3616 294 3659 nraeo
322 3598 399 3660 citra
429 3600 540 3665 erroris
565 3602 663 3667 aleam
692 3604 839 3665 deductus
861 3610 917 3664 est.
965 3600 1140 3665 Consolatio
1163 3610 1262 3662 tamen
1286 3597 1362 3659 haec
1384 3604 1448 3670 est,
1472 3594 1543 3676 quod

207 3686 293 3747 uobis
317 3688 475 3767 apparenti
496 3688 667 3755 Solia'loco
691 3712 766 3772 opus
789 3701 849 3766 est,
875 3692 958 3771 eujus
981 3682 1204 3771 comprehensio
1227 3684 1394 3768 praecedit.

295 3776 458 3841 Possumus
488 3789 587 3842 sutem
611 3781 747 3842 incedere
770 3782 821 3843 ria
843 3781 980 3860 gemina:
1004 3784 1056 3842 aut
1079 3784 1113 3839 ut
1132 3776 1307 3840 Ptolemaeo
1330 3773 1490 3836 credamus
1510 3772 1543 3831 ds

207 3862 418 3943 aequinoctiis,
459 3875 513 3929 aut
544 3882 576 3931 ut
604 3890 640 3931 ex
671 3872 819 3933 modernis
854 3869 1081 3949 aequatiouibus
1111 3865 1324 3930 correctionem
1353 3860 1544 3925 Ptolemaitis

207 3955 284 4015 hauc
309 3953 513 4031 adhibeamus,
539 3968 573 4019 ut
594 3978 715 4020 vernum
739 3960 956 4039 aequinoctium
979 3956 1073 4019 tribus
1092 3956 1172 4017 horis
1192 3954 1282 4016 fuerit
1297 3953 1404 4027 serius,
1428 3961 1543 4013 autum·

207 4044 275 4103 nale
307 4044 431 4105 totidem
460 4044 618 4121 maturius,
648 4068 734 4126 quam
767 4058 814 4109 est
838 4071 855 4109 a
879 4047 1051 4109 Ptolemaeo
1075 4052 1263 4116 annotatunr;
1287 4044 1388 4121 itaque
1411 4040 1544 4121 utrinqu·

207 4133 236 4193 iu
261 4132 462 4195 declinatione
485 4135 566 4197 Solis
591 4137 679 4198 luerit
703 4146 832 4201 erratum
855 4134 895 4199 8‘.
950 4134 1029 4196 Sane
1058 4135 1256 4196 instrumenta
1283 4130 1452 4193 Ptolemaei
1475 4126 1542 4190 sub·

208 4221 310 4283 tiliora
331 4242 389 4285 uon
414 4224 505 4298 fuere,
529 4246 618 4306 quam
642 4245 762 4305 quorum
786 4224 926 4291 minimae
948 4225 1114 4306 particulae
1146 4219 1195 4283 10⁴
1219 4221 1371 4285 valebant.
1415 4219 1460 4283 Et
1482 4218 1542 4279 col·

190 4311 288 4372 ’locat
312 4308 498 4393 Hipparchus
522 4334 609 4375 uuam
633 4315 801 4394 hujusmodi
822 4314 1036 4397 particularum
1060 4314 1087 4373 in
1112 4310 1211 4372 dubio.
1257 4308 1326 4381 Qua
1347 4308 1388 4371 da
1409 4316 1545 4371 causaet

208 4408 356 4480 tempora,
391 4403 496 4484 quibus
529 4412 660 4465 moratur
683 4404 734 4465 Sol
768 4405 797 4467 in
827 4404 1043 4485 quadrantibus
1067 4399 1197 4470 zodiaci,
1222 4418 1279 4459 non
1302 4398 1471 4477 praecisius
1493 4416 1544 4459 ex·

210 4508 317 4568 pressa
339 4492 436 4566 luere,
458 4512 546 4573 quam
569 4494 784 4577 quadrantibus
808 4492 930 4557 dierum·
964 4492 1005 4553 Et
1026 4490 1100 4552 haec
1124 4491 1161 4550 de
1184 4508 1256 4549 sera
1278 4490 1408 4551 aestatis
1423 4486 1543 4549 hiemis-

209 4598 264 4658 que
288 4578 482 4660 longitudino.

298 4670 353 4732 ll'.
387 4670 468 4741 Quid
492 4691 563 4734 rero
585 4688 661 4731 nunc
685 4672 814 4733 dicemus
837 4672 874 4733 dc
898 4670 1034 4751 ingressu
1058 4666 1140 4730 Solis
1162 4667 1192 4729 in
1212 4666 1360 4730 Cancrum
1383 4674 1415 4727 et
1438 4662 1544 4747 Capri·

211 4778 347 4833 coruum,
380 4760 455 4822 unde
484 4779 647 4841 apogaeum
682 4768 712 4821 et
739 4760 805 4839 ipsa
833 4758 1042 4840 aequatiouurn
1070 4756 1229 4839 dispositio
1257 4754 1426 4835 dependet?
1460 4770 1543 4835 quan

212 4849 299 4914 lacile
323 4870 397 4913 unus
420 4850 478 4913 diei
502 4850 653 4931 quadram
673 4850 772 4933 potnit
792 4850 906 4911 rornali
925 4848 1070 4911 decedere
1083 4844 1382 4939 zodiaci'quadranti.
1404 4844 1542 4935 apaedem
