3368 5534
286 311 351 380 458
707 311 737 365 ln
755 309 939 367 commentaria
954 313 987 367 ds
1003 314 1110 367 modbns
1126 307 1216 367 liartis

287 498 338 550 bus
360 494 451 549 Germ.
473 492 546 548 inira
558 493 701 548 Greetium
720 495 815 549 Druso
841 512 870 548 se
891 495 993 552 miscet
1034 495 1124 565 aium
1143 494 1326 551 Romanorum
1346 495 1504 562 Valeriam,
1524 497 1546 552 4
1565 492 1635 552 inira

287 574 430 630 Graetium
451 574 614 628 milliaribus
635 575 773 643 sepultam
786 575 895 628 Attilae
915 575 1116 643 immanitate);
1138 573 1184 628 hic
1202 573 1290 646 igitur
1316 576 1344 629 in
1365 576 1451 646 pleno
1469 577 1633 632 bosisostaii

287 655 357 709 omni
378 654 524 724 diligentia
544 654 694 708 meridiana
714 656 854 724 descripta
872 663 902 709 et
929 656 1106 727 superposita
1124 654 1228 727 pyxide
1249 656 1360 726 vulgari
1381 673 1441 711 cum
1461 657 1577 728 cuspide
1593 667 1636 711 sat

286 736 381 806 longa,
403 734 542 805 divisoque
557 735 658 788 circuio
679 735 706 788 in
728 728 808 797 360⁰,
830 735 980 789 certissime
1000 736 1090 790 inveni
1105 734 1244 804 cuspidem
1264 753 1318 790 non
1332 737 1474 791 declinare
1495 732 1538 792 8⁰.
1572 738 1636 791 (ιιιι

289 823 384 870 antem
417 821 580 877 metuerem,
602 832 637 867 ne
662 814 726 868 stilo
748 814 914 869 adhaereret
942 816 1098 885 pulviculo,
1132 831 1188 869 rem
1218 816 1275 870 elia
1303 816 1351 870 via
1380 832 1441 870 sum
1471 833 1633 889 aggressus.

284 893 343 945 iam
360 893 475 942 describit
491 892 614 956 Keplerns
631 893 753 941 rationem
771 906 841 942 snam
860 894 1007 977 procedendi
1024 893 1098 957 piane
1117 891 1237 953 eudem,
1256 906 1331 959 qnam
1349 892 1487 944 ldaestiino
1504 896 1634 959 senipetas

285 976 365 1015 anno
380 960 446 1013 1599
466 960 563 1027 (Comp.
590 962 632 1018 11,
657 979 682 1027 p.
710 960 788 1023 eto).
815 977 879 1026 qnae
906 966 952 1027 ipsi
980 963 1116 1014 exhibuerit
1135 964 1269 1028 „angulum
1292 965 1397 1061 regulae¹
1419 979 1477 1015 cum
1502 966 1635 1015 maidens

284 1047 402 1094 minorem
415 1039 446 1090 6⁰
457 1043 529 1107 idque
543 1059 591 1093 non
610 1044 710 1092 semel.u
746 1037 870 1107 Pragae,
893 1045 979 1108 pergit,
1000 1038 1189 1100 Bohemorum,
1210 1054 1282 1108 quae
1303 1038 1351 1094 rix
1366 1038 1384 1092 2
1389 1029 1437 1098 ἰο
1448 1044 1496 1092 ιιι
1516 1038 1636 1092 occides·

286 1118 370 1172 taiior
391 1116 518 1180 Graetio,
541 1118 721 1171 instrumento
742 1124 805 1170 utor
825 1134 861 1169 ex
883 1117 1028 1180 orichalco,
1051 1120 1121 1187 quod
1142 1123 1185 1170 est
1205 1120 1343 1188 quadrans
1368 1118 1557 1173 eaimuthaiis
1598 1118 1636 1172 ra

286 1198 420 1253 collocato
441 1205 473 1250 ut
492 1197 631 1251 meridiem
651 1203 760 1266 spectet
773 1196 919 1266 exquisite,
942 1204 1072 1266 rectaque
1093 1196 1237 1267 applicata
1256 1198 1356 1270 reguis
1374 1214 1435 1253 cnm
1456 1198 1636 1253 instrumente

285 1295 335 1332 seu
355 1277 458 1347 pyxide
480 1276 652 1349 magnetica,
683 1293 754 1346 quae
775 1277 914 1330 versatilis
936 1285 980 1330 est
1000 1293 1084 1346 super
1103 1279 1173 1346 pede
1194 1276 1336 1340 immobili,
1358 1279 1405 1348 qni
1434 1279 1524 1333 habet
1542 1278 1634 1333 circuli

287 1357 424 1413 sectiones
445 1356 606 1426 incipientes
621 1373 640 1410 a
653 1357 794 1416 diametro,
816 1372 886 1426 quae
907 1357 945 1411 sit
964 1357 1055 1411 lineae
1069 1357 1263 1450 applicationis
1284 1358 1373 1412 etsie
1394 1359 1456 1413 hesi
1476 1357 1636 1430 quamde

287 1438 448 1509 parallelus,
471 1445 527 1491 tam
548 1436 594 1490 diu
614 1453 693 1490 verso
713 1436 843 1507 pyxidem
864 1453 947 1509 super
968 1438 1052 1506 pede,
1076 1439 1162 1491 donec
1182 1439 1273 1506 cuspis
1294 1454 1355 1492 cum
1375 1439 1536 1508 subscripta
1554 1438 1635 1499 linea.

286 1535 358 1591 quae
379 1518 439 1571 exit
459 1517 486 1570 in
507 1517 662 1579 indiculum,
684 1517 826 1570 coincidet.
868 1519 928 1570 Hoc
948 1517 1051 1572 iacto
1043 1517 1171 1587 inspicio,
1198 1533 1279 1587 quem
1298 1520 1417 1588 gradum
1437 1525 1519 1572 notet
1538 1519 1634 1573 indica·

285 1600 338 1654 lus
376 1597 489 1660 Quoties
511 1597 601 1651 adhuc
621 1597 659 1650 sic
680 1596 817 1666 praestiti,
839 1614 947 1667 semper
968 1594 1087 1651 inter5¹'
1100 1589 1176 1653 etd⁰
1189 1614 1291 1661 versor,
1313 1599 1412 1668 quibus
1433 1598 1634 1669 linguladeeli-

286 1686 338 1734 nat
356 1680 392 1732 ad
413 1685 510 1731 ortum.
550 1676 698 1731 Plurimum
718 1693 786 1730 sane
814 1677 943 1746 temporis
965 1686 1030 1732 ante
1053 1677 1069 1730 7
1091 1694 1177 1731 annos
1198 1679 1349 1740 consumsi,
1379 1684 1411 1731 ut
1430 1695 1468 1732 ex
1490 1679 1635 1751 Belgarum

286 1757 442 1814 observetis
463 1757 692 1811 declinationibus
714 1757 901 1819 ostenderem,
927 1766 1085 1828 magnetem
1106 1757 1188 1829 dirigi
1208 1759 1242 1812 ad
1262 1765 1404 1829 punctum,
1426 1760 1500 1828 quod
1520 1758 1634 1829 quot'ulie

222 1895 228 1910 ,
285 1839 370 1894 semel
384 1837 436 1892 suh
449 1838 534 1891 lixum
547 1837 692 1907 eclipticae
713 1838 805 1906 polum
826 1837 909 1890 venit.
945 1838 1004 1891 Hoc
1018 1838 1131 1891 obtento
1146 1838 1353 1892 exclamatums
1373 1837 1462 1893 stride
1476 1848 1634 1910 “gemente

286 1918 433 1974 creationis
462 1917 578 1972 notabili
609 1917 729 1972 invento.
769 1916 841 1971 Nam
871 1918 1070 1971 accommodavi
1090 1926 1120 1971 et
1139 1918 1252 1972 Antonii
1272 1918 1380 1973 Mariae
1410 1918 1587 1973 traditionem
1605 1920 1634 1971 ds

286 2000 411 2070 polorum
433 1998 659 2068 transpositione,
692 2012 762 2068 quae
783 1996 945 2050 exciderunt
965 1997 1030 2050 mihi
1052 1997 1195 2052 hactenus.
1238 1999 1336 2068 ltaque
1357 2007 1434 2053 certo
1454 1998 1508 2053 tihi
1527 2013 1633 2068 persus·

286 2083 362 2141 deae,
386 2096 428 2133 me
449 2079 528 2132 nulla
542 2078 668 2146 opinione
690 2077 774 2131 hrisse
795 2078 936 2130 seductum
956 2078 1028 2131 inter
1048 2077 1256 2133 observandum.
1290 2079 1387 2132 Potius
1408 2078 1482 2133 enirn
1495 2080 1532 2132 ad
1545 2070 1632 2139 23¹i2⁰,

287 2176 369 2232 quam
390 2160 424 2211 ad
444 2158 531 2212 minus
554 2158 665 2229 aliquid,
688 2157 840 2211 invitarunt
860 2173 901 2209 me
924 2166 990 2211 rota
1010 2174 1079 2211 mea.

376 2247 486 2301 interim
516 2248 670 2317 commendo
699 2246 759 2300 Tibi
794 2248 935 2317 negotium
968 2264 1056 2301 meum
1083 2247 1239 2317 eclipticum
1266 2264 1348 2319 quam
1379 2265 1493 2318 possum
1524 2247 1633 2319 diligen

287 2329 400 2382 tissime.
422 2324 468 2382 dc.
511 2328 635 2399 (Pragae
656 2329 682 2380 d.
705 2327 752 2382 1v.
775 2328 844 2380 Non.
867 2328 947 2382 Febr.
972 2325 1071 2393 1606.)

250 2468 256 2480 ,
378 2420 423 2482 20)
441 2437 465 2487 p.
487 2421 546 2472 ιιι.
584 2422 688 2472 Veteres
706 2423 872 2488 geographiae
891 2425 1020 2487 scriptores
1039 2438 1089 2473 non
1112 2423 1186 2487 plane
1205 2425 1363 2475 consentiunt
1379 2422 1446 2475 hane
1473 2422 1581 2475 insulam
1596 2423 1632 2474 ee

289 2494 433 2546 scribentes.
464 2494 627 2552 Ptolemaeus,
646 2501 776 2543 comment.
795 2496 855 2544 Ant
873 2493 975 2560 lisgino
995 2492 1071 2555 (Veri.
1094 2491 1172 2556 teet)
1190 2494 1252 2545 libra
1270 2493 1323 2545 vti.
1343 2493 1406 2561 Cap.
1425 2493 1455 2545 d:
1475 2492 1541 2561 Cory
1553 2494 1633 2547 Me

292 2567 455 2630 promontorio
473 2567 601 2629 opponitur
618 2564 699 2614 insuia
717 2565 887 2627 Taprobanen.
917 2578 981 2629 qnae
999 2566 1056 2614 olim
1075 2564 1191 2628 Symondi
1210 2565 1291 2616 insuia
1309 2566 1452 2628 dicebatur,
1471 2582 1539 2618 eane
1558 2576 1633 2617 asts·

293 2637 382 2688 Saliee.
414 2637 488 2688 Parte
505 2635 539 2686 11.
559 2652 583 2700 p.
604 2632 656 2684 ‘Idi
674 2635 789 2700 blsginns
808 2635 870 2685 haec
890 2636 976 2687 etlertt
996 2636 1091 2686 Zeilem
1104 2638 1209 2686 insulam
1227 2638 1301 2687 intas
1313 2636 1489 2702 Taprobanen
1505 2637 1632 2689 Ptole-sei

290 2708 402 2759 Andreas
421 2708 535 2758 corasius
546 2715 579 2758 et
595 2706 685 2757 ioanu
703 2706 805 2755 Borrine
823 2721 879 2757 cum
897 2706 1018 2773 plerisque
1046 2707 1102 2756 aliis
1121 2716 1237 2769 oenseut3
1263 2707 1388 2758 Mercator
1405 2723 1476 2763 sero.
1504 2710 1546 2761 eei
1562 2711 1632 2775 nass

289 2781 316 2830 in
333 2779 381 2830 hec
398 2795 424 2829 ιι
442 2779 515 2828 tidem
527 2786 689 2842 praestamus
708 2786 780 2842 putet
793 2793 848 2827 esse
860 2778 995 2829 Ptolemaei
1007 2778 1160 2843 Nanigenm
1192 2778 1289 2829 Deinde
1307 2777 1376 2844 (pag.
1400 2776 1633 2840 ²8⁶):8usasru

289 2851 394 2903 insulam
421 2852 573 2916 antiquorum
591 2848 763 2913 Taprobanem
789 2851 865 2898 inisse
882 2863 966 2900 omnes
985 2865 1049 2914 pene
1068 2856 1181 2900 auctores
1208 2852 1329 2907 sentiunt.
1355 2851 1416 2901 lieet
1434 2852 1511 2943 silaei
1520 2864 1632 2947 'mapsa

290 2922 432 2974 auditionis
450 2923 493 2971 riri
512 2923 590 2986 ipsam
604 2923 712 2971 Auream
730 2923 805 2972 tuisse
819 2919 996 2971 Chersonesum
1014 2928 1110 2986 putent

378 2992 409 3042 lt
424 2993 527 3043 (lemma
546 2991 597 3054 (De
614 2993 739 3056 principiis
757 2994 921 3043 ιιιιοιιοιιιιιι
940 2999 966 3041 ιι
983 3006 1102 3058 cosmogr.
1116 2993 1195 3042 Ante
1213 2987 1289 3048 1530,
1310 2988 1403 3053 ttsttt·
1422 2992 1535 3058 seqnitur
1548 2992 1632 3059 ‘iqua

288 3065 357 3116 baua
375 3064 456 3114 insuia
467 3067 542 3114 totius
554 3064 637 3114 mnndi
649 3064 765 3124 muima,
785 3077 849 3127 quae
867 3078 932 3112 nune
946 3062 1062 3114 Samotra
1074 3063 1169 3114 dieitur
1199 3061 1355 3113 Ptolemaeus
1367 3076 1424 3113 eam
1442 3072 1521 3115 antea
1532 3062 1633 3115 stane

291 3136 383 3187 dictam
400 3135 474 3185 inisse
492 3136 575 3185 tradit.

380 3205 475 3257 Similia
487 3206 688 3270 deprehendimus
707 3208 732 3255 in
751 3206 884 3269 Aplenl
905 3203 1095 3270 scenographla
1113 3206 1151 3265 (in
1165 3206 1283 3255 Gemmae
1302 3204 1409 3255 ditione
1429 3204 1499 3257 test
1517 3222 1543 3271 p.
1559 3204 1630 3267 dil)

289 3278 472 3329 (listerus
499 3286 585 3328 eontm
607 3278 718 3326 inscribit
735 3278 840 3326 insulam
860 3276 952 3339 Ceylon
971 3277 1047 3333 „oiim
1066 3277 1248 3340 Taprobana“,
1267 3284 1294 3326 et
1320 3278 1345 3326 in
1363 3274 1454 3327 charta

291 3350 377 3401 addita
391 3348 446 3407 ,ιι
460 3348 562 3398 Honteri
575 3350 716 3398 rudimentis
729 3348 920 3413 geographicis“
934 3347 1029 3412 (Tiguri
1044 3345 1132 3409 ibid),
1152 3349 1252 3412 signata
1263 3355 1301 3396 est
1318 3347 1448 3411 pertinenia
1460 3346 1562 3411 (zsilsss
1579 3350 1632 3399 tora

289 3416 575 3556 ”⁰f⁸⁰i⁰i⁸⁸i¹⁸iii‘⁶¹
586 3419 1029 3554 ss'titlttlllsttttt:
1041 3433 1111 3550 (tt
1125 3417 1358 3550 iimiffim)
1376 3488 1443 3540 ι...
1464 3492 1543 3541 aa
1563 3504 1631 3556 „a

290 3566 404 3623 ιιιοιιιιι,
424 3570 540 3627 spectans
558 3561 637 3612 locum
651 3561 773 3624 Tyehonis
791 3563 816 3610 in
835 3562 991 3625 epistolarum
1010 3561 1155 3611 collectione
1173 3557 1209 3624 (p.
1230 3557 1300 3618 tet),
1320 3561 1361 3610 ubi
1379 3560 1466 3623 Tysho
1483 3563 1568 3617 saissa.
1585 3563 1631 3627 μ-

290 3638 336 3687 bus
354 3634 490 3685 rationibus
502 3635 599 3683 innixus
626 3634 677 3697 lpse
708 3633 892 3683 Rothmannum
910 3632 1224 3695 reiutaseritcopernieum
1238 3630 1418 3681 deiendentem.
1446 3630 1633 3683 Fabriciimls

290 3705 354 3758 haee
373 3714 443 3755 sunt:
463 3704 520 3766 Qua
539 3707 635 3756 ratione
653 3712 681 3754 tu
700 3700 834 3769 Copsrnieo
852 3703 965 3753 addictus
985 3710 1155 3769 argumentum
1174 3702 1297 3765 Tychonis
1315 3702 1346 3753 de
1365 3702 1508 3766 expissicsss
1525 3705 1632 3755 ιιι-ιιι

290 3779 384 3828 solrers
402 3776 460 3826 risi
491 3775 564 3826 Certe
583 3777 603 3825 si
621 3790 705 3826 sersus
724 3786 802 3826 omum
821 3783 938 3825 cartrsua
956 3774 1108 3838 explodatur,
1127 3774 1171 3824 het
1188 3782 1217 3823 nt
1234 3772 1265 3823 ob
1282 3773 1424 3824 celeriorem
1442 3784 1538 3826 motus
1549 3774 1633 3825 rena

290 3851 393 3900 emissas
420 3849 506 3914 globus
541 3862 624 3897 sersus
651 3862 766 3898 oeeunm
791 3849 871 3911 potius
898 3847 978 3896 iocum
1011 3847 1099 3910 quietis
1131 3846 1255 3901 inveniat,
1283 3852 1382 3895 tautum
1409 3845 1484 3897 abest
1505 3854 1536 3897 ιιι
1557 3859 1633 3897 seru

289 3928 371 3972 ortam
389 3921 532 3985 proteratur.
570 3919 718 3970 Herculeum
737 3926 803 3970 certe
822 3927 861 3969 est
888 3924 1058 3983 argumentum
1077 3916 1193 3968 adversm
1219 3923 1313 3966 motum
1329 3914 1423 3967 Terrae
1440 3916 1569 3975 dim.
1591 3932 1633 3985 φο

290 3992 416 4045 meto
435 4000 519 4043 cetera
536 3990 611 4041 iactis
629 3990 727 4041 cadent.

381 4080 504 4146 Kepierns
522 4095 578 4130 eum
597 4078 698 4135 rideret,
717 4079 748 4129 ab
767 4078 823 4129 eliis
839 4090 934 4141 quoqne
952 4077 1035 4142 magui
1054 4076 1105 4125 fieri
1123 4074 1170 4126 hoc
1188 4074 1309 4138 'lychonis
1327 4084 1512 4143 argumeatum.
1528 4076 1632 4129 rete·-

290 4150 348 4204 dom
366 4152 426 4203 illud
443 4154 539 4204 censuit
556 4153 581 4201 in
600 4164 673 4215 opere
691 4165 742 4211 suo,
762 4162 889 4213 suppresso
908 4163 963 4197 sero
982 4149 1079 4197 nomine
1097 4147 1233 4211 Tyehonis.
1252 4161 1284 4197 ne
1301 4146 1402 4197 uiterlm
1421 4146 1560 4201 offendat
1574 4146 1633 4199 ib

290 4233 419 4285 haeredes.
455 4232 566 4283 Fabricio
585 4239 668 4280 sutem
686 4230 749 4279 haec
768 4229 905 4292 respondit:
928 4223 971 4275 De
992 4221 1146 4289 objectione
1167 4220 1319 4292 Tyohonis,
1341 4237 1414 4292 quae
1433 4230 1573 4277 tormento
1589 4220 1631 4275 in·

292 4317 400 4380 pugnat
420 4314 520 4360 motum
542 4305 653 4367 Terrae,
675 4319 760 4373 rogas
781 4303 890 4365 eadem,
913 4319 983 4373 quae
1006 4300 1193 4355 Canceliarius
1214 4301 1350 4355 Bavariae
1371 4302 1537 4373 nuperrime.
1570 4302 1631 4357 lise

290 4389 398 4459 pendeo
418 4388 520 4441 eadem.
541 4384 647 4439 misceri
661 4395 759 4448 motus,
780 4399 835 4437 non
855 4382 1012 4455 impugnari
1033 4389 1082 4435 aut
1102 4381 1209 4436 aboleri
1229 4382 1348 4435 alterum
1368 4383 1405 4437 ab
1419 4382 1521 4441 altero.
1553 4384 1632 4438 Terre

291 4475 417 4523 moretur
436 4467 472 4521 ab
493 4480 593 4519 occasu
613 4464 640 4518 ιιι
661 4473 765 4528 ortum,
794 4480 854 4517 oum
874 4479 910 4517 ea
929 4461 1014 4516 omnis
1036 4461 1117 4530 copia
1136 4460 1209 4515 adria
1230 4461 1400 4527 circumfusi.
1430 4480 1512 4519 omae
1538 4478 1629 4538 grase.

292 4549 351 4602 sire
367 4546 464 4616 jacens
485 4546 541 4599 sire
562 4546 691 4615 pendens.
725 4543 795 4598 Nam
816 4560 864 4596 cur
883 4561 936 4596 non
951 4551 980 4596 et
1000 4544 1121 4611 pendens
1144 4542 1208 4612 quid
1228 4540 1362 4611 impediti
1397 4542 1470 4598 Num
1490 4544 1630 4617 grasitsst

291 4632 333 4685 At
352 4644 388 4682 ea
408 4626 495 4681 tendit
514 4627 550 4679 ed
570 4633 693 4679 oentnsm
713 4625 823 4687 Terrae,
846 4626 881 4678 ad
901 4632 1025 4679 centrum
1045 4621 1125 4676 isciei
1139 4621 1266 4686 Telluris,
1287 4637 1359 4692 quae
1378 4622 1466 4693 lapidi
1486 4632 1532 4680 est
1549 4640 1628 4693 expo·

292 4707 365 4774 sita,
396 4708 465 4779 quod
485 4706 511 4759 ri
532 4705 691 4779 magnetica
710 4704 828 4775 lapidem
849 4702 968 4759 attrahit
996 4702 1093 4756 lortius
1115 4717 1195 4773 qoam
1221 4701 1245 4756 si
1266 4712 1374 4757 centum
1393 4712 1555 4761 eatenus·
1573 4718 1628 4759 ast·

292 4801 389 4845 rasura
416 4785 628 4843 temissimorum
654 4784 768 4839 vinculis
798 4799 1016 4855 quaquaversum
1045 4789 1119 4837 esset
1149 4798 1275 4838 annexus
1295 4782 1408 4839 Telluri.
1449 4784 1522 4841 stoa
1548 4783 1628 4857 igitar

292 4862 614 4957 wipertum.
633 4864 680 4937 qui
699 4871 744 4920 est
763 4863 963 4934 trajiciendusi
984 4866 1043 4921 .Δι
1061 4864 1176 4919 Terram
1193 4868 1225 4917 et
1251 4862 1313 4933 ipse
1331 4862 1467 4935 sequitu,
1484 4862 1626 4923 nit-is
