3368 5534
164 294 229 367 440
244 240 247 250 ¹
646 287 686 347 De
702 294 809 347 Motibus
827 292 922 347 Stellae
937 287 1027 347 Muta

165 481 247 541 sacta
277 475 368 538 luerit
397 494 457 535 una
483 471 558 534 hora
588 479 672 548 ante,
703 473 839 535 nimirum
867 492 975 536 aurora
1002 479 1159 551 surgente,
1196 468 1270 536 bora
1291 470 1385 555 igitur
1408 478 1511 547 sexta,

164 588 238 650 quae
276 574 324 627 est
345 564 490 625 Hnennae
520 560 594 623 hora
621 571 743 642 quarta,
777 582 796 623 a
826 581 884 641 qua
912 562 951 623 ad
978 560 1133 624 meridiem
1161 571 1232 624 sunt
1254 563 1349 626 horae
1371 558 1404 627 8.
1451 560 1511 625 Per

163 659 218 719 hoe
241 653 430 717 intervallum
453 649 595 730 temporis
620 670 657 710 ex
680 652 881 713 fundamentis
905 650 1105 731 superioribus
1129 651 1279 715 invenitur
1301 650 1422 714 medius
1441 668 1511 714 me-

57 816 61 825 ,
164 758 213 810 tus
228 744 319 808 Solis'
334 760 493 821 superasse
514 758 564 800 oor
579 740 690 802 Leonis
714 739 746 804 5·
773 736 834 802 250
853 736 906 802 320
927 738 992 803 5000
1011 759 1076 801 cum
1093 741 1244 803 anomalia
1258 735 1342 805 2340
1360 736 1417 805 540
1432 736 1511 815 3400,

164 833 373 917 aequationem
396 829 511 890 habens
535 847 572 889 ex
594 829 768 890 Ptolemaeo
792 826 831 890 20
853 826 885 891 00
908 826 992 903 3000,
1016 848 1053 891 ex
1076 829 1197 892 Braheo
1224 827 1260 895 1⁰
1282 828 1337 893 420
1360 826 1429 894 5400
1452 828 1511 891 ad·

159 925 323 1006 jectitiam:
355 917 501 980 distantia
523 915 605 979 Solis
638 938 657 977 a
680 919 774 980 Terra
802 914 1011 993 1111198790,
1039 917 1088 979 hic
1121 914 1241 984 98976.
1286 918 1410 981 Medius
1438 936 1511 981 vero

162 1022 261 1076 motus
283 1007 392 1071 Martis
416 1015 486 1067 tunc
510 1006 665 1086 superavit
687 1026 738 1068 cor
752 1007 865 1068 Leonis
888 1004 921 1069 2·
949 1003 987 1070 6⁰
1010 1005 1041 1067 70
1067 1003 1140 1070 1200.
1187 1006 1264 1072 Cum
1286 1017 1388 1070 antem
1412 1007 1511 1088 aphe-

162 1104 234 1164 lium
258 1097 295 1164 3⁰
317 1093 371 1160 480
394 1092 460 1157 2000
485 1095 525 1156 sit
548 1103 617 1157 ante
642 1114 706 1170 eor,
740 1096 797 1156 erit
824 1095 974 1157 anomalia
996 1096 1106 1158 Martis
1130 1091 1191 1161 690
1213 1093 1268 1161 470
1291 1093 1377 1172 3200,
1417 1116 1511 1160 eoae·

164 1203 254 1272 quala
277 1182 337 1251 600
361 1184 412 1248 150
436 1181 517 1258 2700,
549 1185 694 1246 distantia
723 1181 858 1247 158320.

249 1277 326 1339 Η111
359 1273 478 1355 gemina
505 1272 554 1335 via
584 1274 792 1353 perveniemus
815 1275 854 1334 ad
878 1273 964 1334 linem
988 1273 1105 1357 ealculi.
1152 1274 1252 1339 Primo
1276 1294 1331 1355 per
1354 1273 1510 1337 eocentri·

168 1371 290 1430 citatem
313 1375 345 1426 et
367 1362 574 1443 aequationem
597 1363 822 1424 Ptolemaicam.
870 1363 952 1424 Tunc
976 1363 1133 1442 longitudo
1149 1364 1231 1427 Solis
1252 1386 1272 1425 a
1290 1365 1378 1427 eorde
1395 1362 1509 1425 Leonis

165 1468 213 1519 est
235 1455 266 1519 5·
294 1451 353 1517 270
377 1450 431 1515 330
455 1449 529 1526 2000,
553 1452 693 1514 differens
709 1474 727 1514 a
742 1450 927 1530 longitudine
942 1452 1051 1513 Martis
1066 1454 1234 1517 eeeentrica
1259 1453 1288 1515 1¹
1316 1450 1378 1516 260
1398 1449 1452 1517 350
1468 1451 1511 1515 700

135 1534 218 1627 ‘per
245 1542 277 1608 4·
305 1541 343 1605 00
365 1540 419 1605 580
446 1538 524 1616 1300,
555 1561 614 1622 qua
646 1539 791 1602 distantia
819 1540 931 1603 arcuali
959 1548 990 1601 et
1018 1541 1171 1604 distantiis
1195 1544 1306 1605 Terrae
1338 1550 1371 1604 et
1399 1541 1510 1603 Martie

163 1659 181 1697 a
209 1634 279 1697 Sole
308 1631 476 1692 ostenditur
508 1650 656 1710 apparens
687 1630 837 1709 elongatio
867 1652 886 1691 a
910 1628 981 1691 Sole
1009 1626 1069 1691 820
1092 1627 1146 1694 430
1169 1628 1249 1704 4600,
1278 1631 1371 1713 igitur
1396 1641 1428 1692 et
1450 1648 1508 1711 ap-

163 1744 270 1806 parens
303 1718 454 1798 elongatio
487 1719 652 1783 Martias
683 1718 772 1781 corde
806 1717 916 1780 Leonis
953 1714 984 1780 3·
1016 1714 1055 1781 40
1084 1717 1137 1784 490
1166 1717 1240 1785 3400.
1295 1723 1341 1783 At
1377 1717 1509 1781 secundo

162 1834 215 1896 per
244 1810 432 1873 Braheanam
465 1807 717 1869 eecentricitatem
751 1815 782 1869 et
811 1807 1023 1888 aequationes,
1061 1808 1087 1869 si
1115 1808 1222 1871 eadem
1252 1817 1283 1870 et
1312 1816 1385 1871 tuno
1417 1809 1509 1870 fnisse

163 1909 330 1983 ponantur,
381 1895 463 1959 Solis
508 1897 591 1958 locus
637 1915 786 1977 apparens
830 1916 884 1976 per
931 1894 981 1957 170
1027 1892 1091 1960 3600
1142 1899 1202 1960 erit
1245 1899 1401 1973 anterior,
1457 1916 1509 1959 sen

164 1990 195 2054 5·
223 1985 282 2052 270
307 1983 358 2050 150
380 1982 459 2058 4400,
493 2004 583 2064 quare
607 1994 637 2046 et
659 1987 786 2064 angulus
810 1987 1049 2048 commutationis
1073 1995 1122 2049 est
1144 1982 1177 2050 4Ι
1204 1986 1243 2052 0⁰
1265 1984 1320 2052 400
1343 1983 1427 2060 3700,
1456 2004 1510 2067 per

165 2099 251 2162 quem
278 2087 310 2139 et
336 2074 511 2136 distantiam
540 2073 620 2136 Solis
648 2095 667 2135 a
694 2076 789 2136 Terra
818 2082 965 2149 nostram,
1004 2076 1090 2156 qnasi
1118 2085 1149 2138 et
1178 2085 1248 2139 tune
1276 2077 1383 2139 eadem
1409 2074 1509 2150 luerit,

165 2168 331 2232 ostenditur
354 2183 501 2246 apparens
525 2164 675 2242 elongatio
698 2163 807 2225 Martis
830 2184 849 2225 a
872 2165 961 2225 eorde
984 2165 1095 2228 Leonis
1119 2162 1150 2229 3·
1178 2163 1216 2227 40
1238 2165 1291 2231 510
1315 2164 1392 2230 2800.
1438 2163 1510 2227 Dir-

165 2258 292 2320 serentia
317 2256 396 2317 inter
420 2262 573 2333 utrumque
596 2252 741 2314 caleulum
763 2254 928 2333 perexigua
956 2264 986 2316 et
1008 2253 1118 2317 nullius
1142 2256 1295 2318 momenti.
1341 2256 1394 2318 Au
1417 2255 1509 2333 igitur

165 2350 265 2409 Mars
294 2344 493 2405 videbatur
521 2342 623 2422 quasi
652 2342 855 2421 appositus
885 2362 948 2404 seu
981 2346 1190 2424 adaptatos
1216 2345 1359 2406 boreali
1390 2340 1508 2406 tronti

165 2433 353 2515 Scorpii?
383 2439 415 2493 ut
438 2442 527 2492 sonat
549 2431 766 2493 observationis
791 2431 982 2512 descriptum.
1029 2432 1207 2495 Videamus.
1254 2434 1430 2495 Ptolemaeo
1459 2440 1507 2495 est

166 2546 216 2588 cor
231 2523 342 2585 Leonis
362 2521 391 2581 in
416 2517 453 2580 20
477 2518 529 2582 300
552 2528 585 2592 tl,
610 2520 739 2582 borealis
763 2521 846 2582 clara
868 2522 972 2582 frontis
989 2520 1107 2601 Seorpii
1125 2519 1338 2600 1160200111,
1362 2524 1507 2601 elongata

164 2635 218 2697 per
250 2610 281 2677 3·
310 2608 348 2674 30
379 2606 432 2671 500
461 2609 520 2683 000;
556 2609 675 2669 Braheo
704 2630 753 2670 cor
776 2607 885 2670 Leonis
913 2611 940 2670 in
965 2607 1025 2674 24⁰
1058 2610 1109 2673 170
1141 2616 1179 2685 tl,
1209 2612 1292 2673 frons
1323 2610 1444 2691 Scorpii
1476 2610 1506 2671 in

166 2702 226 2766 270
256 2697 308 2764 360
336 2711 389 2776 tq,
421 2689 570 2776 elonffltio
599 2694 630 2759 3⁵
663 2695 699 2759 30
727 2695 781 2760 200
809 2697 861 2761 000.
916 2699 1078 2780 Elougatio
1114 2718 1186 2762 vero
1223 2700 1333 2763 Martis
1364 2701 1430 2781 jam
1459 2704 1507 2760 eet

166 2797 337 2873 computata
360 2787 391 2850 3Β
418 2784 531 2849 40510
555 2784 629 2850 2800.
675 2789 852 2849 Differentia
872 2796 920 2849 est
942 2790 1166 2870 sesquigradus.

253 2880 442 2941 Ptolemaeus
464 2876 531 2936 lruie
555 2876 757 2938 observationi
777 2878 915 2950 conlisus,
940 2879 1020 2959 qnod
1043 2900 1080 2940 err
1094 2878 1140 2954 iis,
1166 2878 1272 2959 quibus
1288 2878 1375 2940 inniti
1390 2884 1505 2959 posset,

168 2968 377 3050 antiquissima
399 2974 489 3038 esset,
515 2965 671 3027 constituit
694 2967 794 3046 procul
820 2966 907 3026 dubio
930 2970 1152 3048 proportionem
1167 2968 1249 3029 illam
1268 2966 1393 3041 orbium,
1420 2984 1506 3045 qnam

168 3062 264 3122 adhue
288 3057 451 3120 invenimus
475 3055 505 3114 in
528 3055 593 3133 ejus
617 3056 755 3128 aumerle,
780 3063 811 3115 et
835 3065 977 3134 quantam
1000 3058 1148 3138 requirere
1173 3058 1332 3119 videbatur
1354 3057 1432 3118 haee
1451 3054 1507 3115 ob·

168 3149 310 3212 servatio.
365 3146 442 3206 llam
472 3143 501 3203 in
529 3153 609 3204 motu
638 3145 733 3205 medio
763 3145 800 3204 ad
831 3145 886 3204 1111·
914 3154 1032 3225 tempus
1064 3157 1238 3225 computato
1267 3166 1325 3207 non
1350 3146 1432 3207 ultra
1453 3140 1508 3205 200

169 3261 187 3300 a
213 3258 261 3300 me
293 3234 429 3296 dissidet.
482 3231 644 3293 ltesiduum
674 3233 762 3309 iqitnr
790 3241 838 3293 est
867 3253 903 3293 ex
930 3233 1122 3315 proportione
1152 3237 1277 3297 orbium.
1324 3235 1407 3297 Nam
1429 3230 1508 3314 quod

171 3329 301 3399 simulat,
325 3343 357 3384 se
380 3323 456 3382 bane
478 3321 698 3402 proportionem
723 3322 904 3401 investigare
931 3341 987 3404 per
1003 3325 1242 3386 observationem
1264 3323 1364 3385 triduo
1388 3323 1508 3384 distan-

172 3426 232 3478 tem
255 3416 293 3476 ab
316 3411 513 3493 oppositione,
528 3410 618 3497 feeit,
644 3421 676 3473 ut
698 3412 850 3473 videretur
873 3412 993 3474 diversa
1015 3412 1142 3475 diversis
1166 3414 1302 3475 evincere
1325 3410 1505 3473 observatis.

172 3506 251 3575 (luia
273 3503 362 3584 igitur
384 3502 458 3562 haee
488 3500 609 3579 antiqua
635 3502 817 3561 reservanda
840 3501 897 3561 suit
918 3501 1100 3583 inquirendis
1123 3501 1252 3564 motibus
1280 3501 1403 3563 mediis:
1429 3500 1509 3561 illan

173 3596 260 3673 igitur
283 3590 471 3671 inquirendae
494 3589 677 3668 proportioni
701 3590 813 3650 orbium
837 3590 998 3663 substituit,
1018 3593 1080 3671 jam
1104 3592 1218 3672 pridem
1238 3610 1292 3670 per
1306 3591 1385 3652 hane
1402 3590 1508 3652 inven-

172 3696 231 3744 tae.
277 3683 354 3744 Nam
378 3679 505 3741 absurde
521 3680 632 3741 tentari
652 3679 872 3759 proportionem
896 3680 1008 3742 orbium
1032 3700 1085 3759 per
1108 3680 1348 3743 observationem
1371 3676 1508 3741 1111111-

174 3774 269 3833 cinam
299 3766 491 3849 oppositioni,
526 3786 614 3846 quam
644 3769 700 3830 fuit
729 3770 795 3843 illa,
832 3788 890 3849 qua
911 3771 1103 3832 Ptolemaeus
1126 3788 1159 3831 se
1183 3770 1260 3831 hanc
1282 3769 1508 3849 proportionem

175 3863 396 3922 demonstrasse
421 3856 551 3930 simulat,
575 3858 605 3918 id
625 3858 688 3938 jam
713 3867 760 3920 est
782 3857 903 3921 dietum.

263 3950 309 4011 Ne
334 3947 399 4027 quis
423 3945 512 4023 igitur
534 3947 664 4020 miretur,
689 3966 743 4007 nos
767 3947 884 4009 differre
908 3948 1104 4029 sesquigradu
1119 3946 1158 4008 ab
1178 3944 1398 4020 observatione,
1423 3960 1511 4026 quan

58 4040 62 4047 '
176 4060 213 4100 ex
237 4037 413 4117 antiquitate
437 4035 626 4097 Ptolomaeus
650 4036 821 4096 arcessivit:
846 4036 913 4117 quin
937 4037 1037 4115 potius
1054 4037 1193 4117 inspiciat
1208 4035 1274 4114 ejus
1288 4036 1511 4115 proportionem

177 4128 300 4199 orbium,
311 4127 397 4186 valde
408 4123 556 4184 diversam
566 4126 603 4185 ab
614 4145 659 4197 ea,
677 4144 764 4204 quam
775 4126 932 4185 hodiernae
943 4126 1317 4204 probantobservationes,
1340 4136 1372 4185 et
1382 4142 1511 4204 perpen-

178 4218 239 4291 dat,
257 4224 290 4276 ut
299 4216 348 4276 ille
359 4216 433 4275 lraue
444 4212 679 4274 observationem
691 4222 830 4285 tueretur,
842 4213 885 4274 ita
894 4213 1016 4275 vitiasse
1027 4236 1146 4278 suorum
1156 4215 1270 4276 orbium
1280 4214 1510 4294 proportionem.

265 4303 352 4374 Quod
377 4304 471 4383 ipsam
494 4303 731 4364 observationem
754 4303 873 4376 attinet,
896 4303 980 4383 cujus
1003 4304 1077 4367 haee
1106 4306 1196 4367 verba
1225 4313 1310 4366 suut:
1334 4299 1511 4379 111κὸ111

177 4395 284 4472 Ἀρεως
305 4391 396 4454 loona
414 4397 649 4469 aponesdetneem
663 4414 703 4468 τῳ
715 4396 820 4470 dooere)
837 4414 960 4470 perman>
974 4414 1028 4454 eoo
1042 4416 1192 4473 oropatno,
1214 4392 1363 4465 existimo,
1380 4410 1511 4455 emm

179 4503 245 4544 esse
269 4481 457 4543 commissum
480 4501 500 4540 a
521 4481 701 4555 Ptolemaeo,
725 4481 773 4563 qui
797 4481 922 4559 primam
937 4482 1053 4562 Scorpii
1071 4481 1230 4555 intellexit,
1254 4499 1320 4543 eum
1336 4481 1511 4545 observater

181 4572 313 4652 quintam
341 4570 484 4630 innueret.
535 4570 569 4630 ld
598 4589 634 4629 ex
663 4571 734 4649 ipsis
762 4569 864 4631 verbis
892 4570 1045 4653 probatur.
1096 4573 1174 4635 Nam
1202 4573 1285 4635 frons
1315 4569 1436 4652 Sem-pii
1457 4586 1511 4633 aex

180 4662 285 4722 stellas
318 4659 414 4719 claras
450 4658 551 4719 babet.
597 4658 643 4718 Ex
678 4659 724 4719 his
760 4657 892 4737 insigues
914 4667 993 4735 tres,
1025 4661 1132 4723 tertiae
1166 4660 1214 4724 vel
1236 4659 1337 4742 potius
1360 4660 1509 4723 monades

181 4750 405 4828 magnitudinis:
430 4749 558 4825 reliquae
582 4756 643 4807 tres
666 4758 798 4825 quartae,
823 4751 870 4811 vel
889 4750 1000 4828 potius,
1024 4770 1070 4811 me
1090 4752 1293 4823 aestimatore,
1319 4751 1429 4811 tertiae
1442 4754 1509 4812 enat

181 4838 409 4917 magnitudinis,
441 4855 562 4917 quarum
594 4855 650 4897 uua
680 4837 767 4898 altior
790 4847 837 4899 est
858 4840 954 4903 tribus
978 4840 1067 4905 claris
1083 4851 1114 4904 et
1129 4840 1402 4922 septentrionalior.
1440 4839 1507 4903 Jan
