3368 5534
559 283 564 291 ·
650 256 653 261 ’
767 277 929 331 nmmum.
1310 302 1316 313 ·
1488 270 1528 341 ¹9
1643 302 1651 325 .

358 462 403 519 14.
439 459 544 522 Quibus
565 458 687 529 remigiis
707 459 761 513 vim
781 459 854 513 bauo
881 463 1009 522 exseret,
1040 458 1086 511 ubi
1107 457 1264 528 exemplum
1285 458 1318 510 de
1339 455 1456 511 flumine.
1481 455 1528 509 ¹Et

430 541 562 610 quomodo
583 540 649 593 remi
671 539 820 593 directione
842 545 929 591 nauta
949 547 1045 608 posset
1065 538 1185 592 scribere
1207 535 1399 590 ecceutricum.

355 621 400 676 15.
434 619 511 673 Talis
541 618 608 673 remi
638 618 752 673 directio
783 626 905 687 tempore
936 615 1076 689 inaequali
1103 625 1133 672 et
1160 618 1244 671 librat
1263 622 1294 671 et
1320 614 1459 678 dimidiat,
1490 632 1527 669 ex

432 699 602 768 antecipsto.
649 699 720 754 Nam
744 716 854 770 possem
881 697 987 763 dicere,
1015 699 1139 752 accidere
1159 698 1213 751 boc
1233 695 1430 767 inaequaliter,
1459 712 1527 768 ergo

432 788 464 833 ut
484 780 511 832 iu
532 796 615 836 remo.

354 861 401 915 16.
436 860 503 913 Cum
524 859 610 930 igitur
631 859 656 912 vi
679 865 818 914 extranea
836 864 935 912 utatur
955 860 990 911 sd
1007 874 1106 928 corpus
1128 858 1379 918 transvectaudum.
1400 856 1429 910 in
1449 873 1527 911 suum

430 956 530 1009 corpus
552 939 590 993 nil
612 946 714 1010 potest,
736 940 788 993 nisi
810 937 1023 1002 conversionem,
1046 939 1175 1008 exemplo
1195 937 1272 992 remi.

357 1020 402 1077 17.
437 1021 504 1074 Cum
524 1021 577 1073 looi
599 1019 785 1090 cognitionem
807 1037 861 1073 noo
882 1019 1001 1082 babeat,
1027 1020 1192 1073 restituatur
1217 1025 1311 1072 tameo
1331 1033 1392 1071 oum
1412 1033 1527 1071 ooucen·

434 1101 512 1163 trico,
535 1101 668 1154 tributum
688 1099 775 1172 igitur
796 1098 849 1169 ipsi
876 1099 1002 1169 primitus
1030 1099 1177 1170 aequabile
1206 1097 1347 1170 quippiam
1367 1095 1477 1159 virtutis
1497 1102 1529 1151 et

433 1182 591 1243 dimensum,
614 1179 692 1249 oqjus
713 1179 889 1233 contentione
910 1179 1015 1234 nititur.

358 1261 404 1316 18.
437 1263 483 1315 Ex
501 1262 544 1317 ll.
559 1259 655 1332 aliqua
674 1267 859 1323 assumuntur,
877 1266 909 1327 et
922 1263 1134 1323 demonstratur,
1157 1256 1296 1331 quidinde
1317 1255 1394 1327 sequi
1416 1274 1527 1311 necesse

433 1341 478 1404 sit,
500 1348 533 1394 ιιι
552 1340 675 1394 varietas
697 1347 843 1411 appareat,
865 1339 945 1395 simul
965 1347 998 1394 ut
1018 1341 1199 1396 fundamenta
1214 1336 1358 1406 Jaciantur
1378 1345 1528 1409 sequuturo

411 1421 525 1475 -iuutili
546 1420 644 1476 labori.
685 1421 756 1475 Nam
779 1419 881 1489 posito,
905 1421 996 1474 radios
1022 1422 1145 1482 eosdem,
1167 1419 1238 1473 idem
1258 1422 1381 1471 centrum
1402 1416 1528 1488 epicycli

436 1502 554 1570 planeta
573 1503 637 1572 lege
659 1501 811 1574 epioyolica
831 1501 986 1554 movebitur
1005 1501 1033 1555 in
1054 1501 1176 1572 longum.

358 1579 405 1634 19.
438 1581 531 1635 Etiam
545 1581 572 1635 in
586 1582 675 1635 latum
689 1588 785 1652 posset
799 1580 840 1634 ita
853 1582 965 1644 moveri,
987 1583 1035 1634 sed
1052 1579 1185 1650 judicium
1200 1578 1324 1632 differtur
1338 1580 1373 1631 ad
1387 1576 1527 1632 inferiora.

512 1662 556 1715 De
576 1661 736 1732 quantitate
756 1661 987 1715 Eccentrioitatis.
1023 1662 1093 1715 Nam
1119 1676 1218 1729 oorpus
1240 1664 1266 1726 (ς
1287 1673 1402 1727 parrum
1423 1664 1479 1719 est,
1503 1657 1530 1729 ὁ

435 1757 575 1813 magnum.
619 1742 744 1795 Vicissim
765 1741 957 1811 eoceotricitae
979 1746 1005 1808 6
1026 1757 1138 1812 magno,
1160 1740 1185 1813 ὁ
1205 1754 1299 1809 perra
1329 1740 1423 1792 Causa
1443 1736 1531 1808 igitur

434 1821 461 1874 io
476 1821 597 1891 corporis
612 1821 738 1885 levitate,
759 1823 808 1876 sed
823 1827 915 1876 tarnen
933 1821 1167 1882 considerandum.
1190 1835 1226 1873 an
1241 1819 1325 1874 etiam
1339 1817 1529 1874 restitutiones

434 1901 517 1967 tales,
538 1919 637 1972 nempe
658 1908 684 1970 (ς
706 1901 835 1965 velocior,
858 1918 939 1973 qnam
959 1919 1010 1972 pro
1031 1901 1124 1971 spatio
1145 1908 1175 1956 et
1195 1898 1366 1954 fortitudine.

264 2151 335 2203 llaec
352 2160 490 2219 seqoomm
508 2170 551 2219 per
568 2155 628 2207 tolia
645 2157 716 2222 plura
732 2171 807 2223 qoam
826 2154 879 2206 900
898 2157 1031 2208 conamina
1048 2152 1218 2209 diversimode.
1237 2114 1385 2202 emendandi
1406 2150 1431 2212 d
1451 2157 1532 2201 motor

186 2237 222 2284 per
237 2223 372 2283 uteorum,
400 2225 427 2275 in
452 2226 539 2290 qulbus
567 2229 677 2278 mammo
693 2244 723 2279 ex
749 2235 820 2293 porte
838 2229 963 2292 Keplerno
988 2233 1072 2278 tentat
1101 2225 1158 2274 loos
1176 2222 1202 2284 ό
1222 2239 1238 2273 ι
1256 2223 1373 2287 Tychooe
1401 2223 1533 2273 observata

185 2294 326 2358 amooyeblo
341 2297 369 2344 io
388 2296 507 2348 meorum
525 2299 646 2364 redigere.
754 2312 760 2322 ·

261 2365 337 2415 retu
354 2364 498 2418 ert—8³2
516 2367 546 2431 (a
562 2370 672 2435 Keplero
693 2372 799 2437 slqnotis
825 2371 934 2422 numeris
952 2365 1107 2429 ort-tte)
1131 2365 1196 2417 buo
1219 2365 1437 2430 deprehendimur.
1465 2365 1533 2416 cim

183 2448 267 2487 unm
288 2435 365 2488 ¹005.
385 2442 535 2505 comeriptu.

389 2560 489 2634 Quae
512 2565 548 2626 in
570 2566 719 2629 theoria
740 2566 877 2629 Martis
899 2572 1048 2628 restent
1075 2562 1317 2646 exploranda.

261 2685 331 2748 Duo
358 2692 445 2760 sunt,
468 2706 544 2767 quae
567 2690 716 2752 theoriam
738 2692 849 2755 Martis
873 2694 1002 2756 reddunt
1024 2688 1211 2763 intricatam,
1242 2686 1373 2767 sphaera
1395 2682 1478 2747 Solis
1502 2689 1534 2746 et

182 2771 305 2853 sphaera
335 2774 404 2855 ipsa
426 2775 548 2847 Martis.
595 2778 735 2860 Sphaera
758 2782 840 2846 Solis
873 2781 1083 2863 uunquidem
1114 2780 1145 2842 in
1178 2798 1214 2849 eo
1246 2773 1420 2857 praecipue,
1453 2772 1533 2853 qnod

145 2861 320 2945 plestanus
355 2864 491 2943 exemplo
524 2875 750 2932 antecessorum
777 2871 938 2953 dispositio
978 2869 1094 2933 orbium
1127 2866 1237 2931 Martis
1277 2864 1375 2927 relata
1408 2861 1464 2924 fuit
1493 2860 1533 2923 ad

180 2952 305 3015 medium
319 2953 420 3015 locum
435 2952 528 3016 Solis.
574 2957 653 3019 Nam
675 2959 733 3022 hoc
752 2961 816 3041 jam
839 2968 1036 3041 praeventum
1059 2966 1118 3032 est,
1141 2964 1173 3019 et
1191 2975 1251 3018 oon
1270 2952 1413 3015 debemus
1436 2947 1534 3013 videri

162 3040 348 3123 'neglexisse
373 3043 630 3107 ecceutricitatem
652 3047 749 3122 Solis,
782 3051 807 3113 si
830 3051 985 3130 planetam
1007 3044 1053 3111 ad'
1070 3049 1168 3110 locum
1192 3043 1321 3106 medium
1344 3039 1427 3104 Solis
1450 3039 1532 3101 reie-

178 3128 273 3193 rimos.
320 3132 390 3194 Hoc
413 3131 493 3193 enim
520 3133 619 3214 ipsum
650 3136 777 3201 includit
803 3139 992 3221 inaequalem
1014 3136 1125 3200 Martis
1155 3133 1269 3197 aSole
1301 3128 1479 3192 distantiam
1502 3126 1533 3192 iu

177 3227 237 3283 tcto
254 3221 374 3283 ambitu
388 3220 504 3283 orbitae
520 3222 647 3286 Solaria.
684 3227 732 3289 Ac
750 3228 808 3291 etsi
828 3228 941 3311 aliquid
964 3228 1091 3289 insertur
1109 3218 1298 3287 diversitatis
1320 3219 1378 3281 hoc
1400 3216 1532 3299 aquiiae,

176 3330 246 3392 quae
279 3310 312 3373 in
342 3310 522 3391 aequatione
550 3315 682 3377 eccentri
708 3315 749 3379 ad
777 3317 819 3395 5¹,
850 3319 879 3380 in
909 3315 1060 3399 parallaxi
1088 3333 1160 3377 vero
1189 3311 1230 3389 ad
1256 3305 1311 3372 42‘
1339 3313 1371 3368 et
1401 3303 1531 3385 amplius

177 3400 324 3477 excurrit,
347 3398 379 3460 id
402 3407 504 3462 tamen
527 3401 640 3464 accidit
665 3413 789 3487 propter
817 3408 915 3488 ipsum
936 3414 964 3478 'd
987 3401 1171 3478 orbamur>
1194 3400 1273 3462 hauc
1295 3414 1419 3459 oausam
1442 3393 1533 3459 aliter

177 3489 393 3564 ordinandum,
416 3496 451 3552 ut
472 3498 582 3571 postea
604 3491 747 3556 dicemus.
794 3496 856 3559 Sed
879 3498 937 3559 hoc
959 3494 1077 3557 nomine
1100 3490 1184 3553 venit
1206 3487 1309 3569 aliqua
1332 3503 1370 3549 ex
1392 3482 1464 3545 orbe
1489 3478 1530 3561 Θ

175 3576 457 3654 mddiversitae,
489 3581 568 3661 quod
601 3584 761 3646 eccentrici
794 3583 834 3664 Θ
867 3605 928 3648 non
959 3592 1008 3647 est
1038 3589 1125 3653 muta
1157 3575 1385 3647 ecoentrieitas.
1418 3579 1532 3653 quani&

175 3667 332 3751 sequentis
355 3666 475 3731 Solaris
503 3677 552 3731 est
574 3672 794 3737 eccentricitas.
840 3675 877 3737 ld
900 3693 955 3754 ego
986 3669 1170 3752 deprehendi
1189 3667 1248 3729 hoc
1279 3663 1377 3726 modo.
1423 3660 1529 3735 Quae-

175 3757 227 3821 siri
249 3756 371 3839 aliquot
393 3756 538 3821 artimlos
560 3766 738 3842 temporum,
762 3763 793 3825 in
815 3764 924 3846 quibus
946 3771 971 3833 d
993 3758 1131 3843 praecise
1155 3763 1254 3819 esset·
1268 3753 1299 3815 in
1329 3753 1397 3815 loco
1421 3768 1530 3812 eccen-

175 3846 253 3921 mci,
287 3854 322 3909 ιιι
349 3844 395 3908 ita
416 3845 491 3908 mihi
519 3868 579 3910 nou
603 3868 677 3930 opus
702 3860 785 3915 esset
807 3853 975 3935 cognitione
999 3844 1208 3931 dispositionis
1231 3842 1346 3907 orbium
1370 3848 1406 3913 0¹.
1453 3837 1532 3903 Cum

175 3954 241 4017 ergo
264 3953 324 4018 per
346 3943 413 3999 trcs
433 3935 604 4015 hujusmodi
628 3940 855 4005 observationes
883 3943 973 4006 trium
1001 3935 1203 4021 paralloxium
1226 3933 1309 4001 orbis
1338 3928 1428 3992 auuui
1457 3935 1529 3990 tan-

174 4044 259 4107 quam
282 4043 340 4106 per
361 4023 424 4087 tria
446 4033 557 4106 puncta
578 4030 797 4108 processissem
820 4033 859 4095 ad
883 4029 1107 4112 inquisitionem
1129 4023 1250 4097 circuli,
1279 4017 1394 4103 prodiit
1419 4035 1528 4080 eccen-

173 4113 235 4179 trlci
259 4112 384 4179 Solaria
414 4114 624 4181 ccccutricitas
652 4119 773 4184 circiter
803 4120 930 4192 dimidia,
956 4114 1192 4182 eccentricitatis
1215 4134 1234 4174 a
1256 4112 1299 4175 Μ.
1323 4110 1362 4173 Ι).
1387 4105 1527 4188 Tychone

173 4214 338 4268 “sumne-
383 4204 429 4267 Ut
450 4203 495 4266 ita
516 4204 565 4266 vel
592 4227 726 4290 aequans
752 4210 966 4275 Ptolemaicus·
981 4208 1029 4271 vel
1057 4203 1196 4269 circellus
1220 4199 1445 4289 Copcrnicaous
1467 4212 1527 4255 non

172 4293 267 4357 minos
293 4293 326 4369 ia
349 4292 424 4357 Sole
448 4293 491 4355 sit
512 4298 700 4376 statuendus,
723 4320 812 4382 qoam
830 4301 861 4364 in
884 4298 994 4361 ceteris
1016 4294 1157 4378 planetis.
1194 4290 1314 4357 Prodiit
1335 4286 1426 4349 etiam
1449 4302 1525 4362 apo-

170 4400 278 4463 gaeum
303 4380 364 4460 Θ,
393 4382 476 4445 linea
498 4405 517 4445 a
538 4388 632 4449 Terra
661 4406 715 4466 per
737 4390 896 4453 eccentrici
926 4395 1063 4450 centrum
1084 4383 1230 4463 traiecta,
1259 4377 1377 4443 circiter
1400 4367 1461 4434 30⁰
1482 4377 1525 4446 Π,

172 4472 246 4555 quod
268 4490 379 4554 parum
401 4469 531 4535 abesto
553 4470 592 4538 6⁰
614 4490 656 4543 ea.

255 4564 376 4626 Verum
399 4570 502 4625 tamen
524 4583 591 4627 cum
613 4576 677 4627 rem
701 4567 779 4629 hanc
801 4585 859 4627 non
884 4585 937 4646 per
959 4583 1050 4626 unam
1073 4569 1190 4625 tantum
1204 4560 1313 4639 trigam
1328 4548 1523 4634 parallaxeon

173 4671 347 4728 musarum,
370 4651 412 4714 ad
434 4651 513 4714 idern
535 4655 694 4718 eccentrici
718 4664 744 4726 ό
765 4662 907 4736 punctum
930 4653 1107 4728 relatarum,
1132 4652 1186 4714 sed
1208 4667 1262 4729 per
1284 4645 1410 4706 alteram
1433 4645 1522 4738 atque

173 4742 290 4807 tertiam
308 4741 512 4823 explorarem,
530 4743 643 4825 prodiit
665 4745 766 4826 aliqua
787 4744 961 4815 diversitas,
984 4751 1015 4803 et
1038 4740 1196 4804 videbatur
1218 4737 1291 4798 haec
1314 4732 1522 4791 eccentncrtas

176 4832 325 4917 ιιίῳιιιιω
348 4832 459 4909 minor,
483 4851 650 4937 apogaemn
671 4854 744 4899 vero
761 4832 826 4915 jam
850 4833 880 4897 in
903 4827 1028 4906 28011,
1048 4831 1113 4911 jam
1135 4831 1165 4893 iu
1188 4823 1227 4890 8⁰
1249 4837 1281 4888 ee
1305 4814 1444 4889 cadebat
1467 4831 1520 4875 ⁸0¹¹

1272 4920 1312 4975 ²0
