3368 5534
163 316 229 394 ⁴52
581 320 612 379 In
630 322 812 380 commentaris
829 327 860 378 da
878 326 983 380 motibm
1000 320 1088 379 umis

163 504 404 570 promerentibus
422 501 557 554 confertum
574 505 613 561 sit.
633 513 662 554 ut
679 505 818 555 difficillime
830 505 907 569 possit
924 503 1054 555 enucleari.
1082 501 1197 553 Cetemm
1214 514 1352 557 monsmss.
1369 516 1385 551 e
1401 512 1510 569 ιμ-

163 576 229 627 abne
248 588 374 640 apparere,
392 589 443 624 rom
461 577 560 625 minime
577 577 656 626 lesem
674 576 713 624 hio
732 579 843 640 attigisse
856 577 1001 631 Fabricium.
1022 589 1124 638 eamque
1137 575 1166 623 ob
1185 586 1286 623 causam
1303 587 1350 622 nos
1367 573 1445 623 rerba
1455 576 1510 636 siu

163 660 220 698 enm
237 646 363 696 schemate
380 642 440 706 (tt)
458 648 609 710 proposuisse
627 663 651 708 p.
670 645 714 703 85.
731 655 849 710 quantum
868 647 920 697 riori
937 648 1024 711 potuit

236 715 280 776 it)
300 733 323 780 p.
346 714 402 765 ¹27.
434 716 508 766 Pilius
526 717 566 766 bic
578 718 682 767 Fabricii
701 717 811 768 Joannes
830 726 882 767 turn
901 726 1008 781 tempore
1020 718 1096 767 literis
1114 729 1213 780 operam
1232 715 1309 767 dabat
1325 714 1508 781 witteham.

164 788 231 841 unde
250 788 311 837 adlit
329 787 461 850 Keplerum
479 803 523 851 per
549 787 633 838 literas
651 786 687 849 (d.
707 789 730 837 d.
754 788 793 837 11.
813 789 884 839 Mart
908 785 1002 849 1608),
1029 788 1176 853 praedicans
1201 789 1254 849 ejns
1281 789 1384 836 inventa
1403 794 1432 836 et
1447 798 1510 850 qsa-

164 860 293 911 amenus
311 860 387 922 patris
405 858 483 907 serbis
502 873 654 923 repugnans:
683 859 756 917 „Vidi
776 861 840 923 apud
858 867 986 925 parentem
1004 873 1087 909 reram
1104 864 1173 908 tuam
1191 867 1272 908 motus
1291 857 1378 908 liartls
1397 856 1510 908 donau·

164 931 271 987 tionem
299 929 398 978 sedris
416 929 505 993 aliquid
525 939 669 993 extorqueo,
698 932 808 994 quamvis
827 931 973 995 descriptam
991 930 1132 980 habuerim.
1161 933 1230 992 euius
1253 935 1340 978 umen
1364 942 1416 978 non
1440 928 1511 992 prid

162 1002 217 1053 herl
233 1003 362 1065 particeps.
393 1000 447 1051 lioc
465 1008 549 1052 tamen
566 1001 614 1051 sldi
628 1008 653 1050 et
670 1003 774 1064 ipsemet
786 1008 898 1066 aspertus
911 1017 973 1056 snm,
991 1002 1054 1066 qnod
1073 1000 1133 1050 nihil
1151 1015 1214 1064 pene
1228 1002 1319 1050 avens
1331 999 1509 1050 observationi·

163 1072 210 1124 bna
231 1073 359 1126 exorbitet.
378 1074 447 1134 cnjus
465 1073 500 1122 rei
518 1072 651 1136 perieulum
663 1073 711 1123 ieci
729 1075 755 1123 in
767 1073 973 1123 observationibus
986 1069 1001 1121 3
1016 1072 1206 1123 accuratioribus
1219 1079 1245 1120 et
1257 1086 1287 1122 es
1299 1071 1400 1121 officina
1411 1068 1509 1131 mete

166 1145 204 1194 nis
223 1142 347 1201 decurritis,
367 1158 423 1194 cum
440 1144 465 1192 in
483 1143 565 1206 patria
581 1157 697 1194 morarer.
729 1142 830 1211 Scripsit
847 1158 935 1209 parens
953 1144 986 1194 ad
1004 1159 1051 1200 me,
1070 1143 1134 1207 quod
1152 1143 1207 1192 'lisa
1224 1142 1384 1192 Praestuda
1401 1141 1510 1193 riu-

165 1215 196 1267 ds
213 1222 281 1264 mom
299 1213 387 1265 Martia
403 1215 467 1264 osali
485 1214 581 1266 editura
598 1218 631 1265 sit
647 1215 738 1265 breri.“

236 1285 292 1353 lam
320 1301 390 1343 sero.
415 1291 445 1334 ιιι
462 1300 518 1336 rere
544 1292 631 1336 natum
648 1287 693 1336 tali
711 1291 781 1350 patre
808 1300 944 1351 agnoscas.
972 1286 1120 1352 asmologica
1145 1290 1242 1335 tautum
1270 1290 1388 1348 speetm
1414 1284 1508 1351 mh:

168 1356 282 1418 „lisseio
301 1371 332 1407 ao
351 1363 431 1407 motus
447 1358 511 1407 ratio
529 1371 581 1408 nna
601 1372 657 1410 cum
676 1358 764 1408 salonii
782 1373 894 1422 processu
918 1357 1031 1411 addatur.
1050 1358 1113 1421 quod
1132 1356 1243 1420 equidem
1259 1363 1371 1419 optarem
1387 1356 1509 1405 mamm

92 1483 96 1490 ¹
166 1434 232 1494 pare,
253 1435 281 1477 ιιι
293 1435 319 1478 et
336 1429 361 1477 in
382 1428 533 1494 astrologicis
545 1429 645 1481 water
663 1429 742 1479 facilis
759 1431 800 1480 sia
812 1430 845 1479 ad
862 1429 1062 1479 internosceudos
1081 1443 1172 1479 errores
1185 1427 1345 1477 directionum
1358 1433 1385 1477 et
1404 1424 1508 1476 siim-

165 1514 261 1557 rerum,
288 1514 351 1564 qnae
370 1501 453 1550 omnis
469 1501 557 1550 mutila
575 1509 601 1551 et
618 1514 710 1551 manea
726 1509 785 1551 sunt
803 1501 856 1550 sine
881 1514 939 1551 vera
956 1501 1110 1563 planetsnrm
1128 1500 1290 1549 restitutione.
1327 1496 1385 1548 idon
1411 1512 1509 1561 possen

167 1578 251 1622 sutem
268 1586 349 1620 meum
366 1572 492 1621 inventum
510 1573 613 1622 reticere
632 1572 662 1622 de
680 1585 740 1623 ress
756 1579 930 1636 tempestatum
947 1571 1126 1636 praedictione.
1155 1573 1224 1634 cnjus
1241 1583 1326 1618 reram
1344 1569 1466 1618 maionem
1483 1575 1510 1617 et

88 1694 94 1705 .
165 1642 264 1692 modum
280 1642 459 1705 adpetentem
478 1644 607 1693 censorini.
627 1645 667 1707 qui
684 1643 748 1695 illios
766 1644 894 1694 vamtatem
907 1643 1057 1707 experientia
1070 1642 1240 1706 comprobarit
1272 1639 1322 1689 liis
1339 1639 1429 1689 modus
1446 1639 1508 1690 adae

165 1712 297 1764 misitfflts
316 1722 365 1773 eet,
384 1719 414 1762 ut
430 1714 451 1762 si
469 1713 509 1764 sel
525 1721 660 1778 quaternae
678 1714 766 1765 fierent
783 1730 831 1765 uno
844 1715 883 1764 die
901 1714 1049 1763 mendosos
1061 1714 1133 1767 aens.
1150 1725 1276 1775 nunquam
1293 1717 1379 1760 umen
1397 1712 1425 1760 iu
1436 1722 1508 1775 prse-

165 1783 269 1835 dloendo
287 1784 340 1848 quis
359 1785 464 1835 aberret.
493 1783 629 1836 Ventorum
647 1786 738 1836 notitia
754 1792 782 1836 at
798 1787 921 1837 consemio
935 1799 1018 1834 eorum
1035 1790 1155 1848 perpetua
1171 1781 1332 1835 infallibiliter
1343 1781 1509 1847 cognoscin

166 1852 229 1907 adso
246 1860 275 1905 ut
292 1869 341 1904 non
358 1856 419 1905 satis
436 1854 491 1906 Dec
509 1857 645 1922 gratiarnm
663 1871 739 1923 agere
756 1865 889 1922 queamus‘·
909 1855 954 1906 dtc.

256 1925 295 1975 Ad
307 1940 370 1990 quae
383 1925 503 1990 Keplerns
518 1934 589 1991 „post
606 1928 630 1977 d.
651 1926 692 1978 tt.
711 1927 773 1979 Nos.
793 1925 877 1978 stoa
890 1927 1015 1991 respondit
1032 1927 1116 1986 literis,
1135 1937 1196 1989 quas
1213 1926 1324 1989 integras
1335 1922 1376 1972 hit
1389 1921 1508 1987 adimpi-

165 2012 227 2056 mus,
247 2011 302 2047 eum
321 2012 351 2047 es
368 2005 437 2062 parte
454 1998 552 2063 quidem
570 1999 657 2051 eadem
675 2000 790 2058 scierant
808 2015 872 2066 quae
889 1998 1011 2063 Keplerns
1028 1999 1054 2049 iu
1071 1997 1231 2062 superioribus
1250 1997 1308 2060 egit

244 2069 272 2126 S.
286 2070 318 2127 P.
331 2071 366 2126 D.
397 2071 472 2135 Ques
486 2074 522 2125 ad
536 2089 578 2127 roe
591 2073 689 2127 dedisti
703 2073 798 2127 literas
815 2074 860 2128 ll.
876 2074 958 2127 liert.
990 2071 1097 2126 Fabrici
1111 2068 1273 2131 doctissime.
1292 2084 1345 2123 eae
1361 2066 1391 2121 iss
1412 2066 1508 2122 serto·

165 2149 317 2206 lentissima
337 2158 462 2221 tempora
481 2152 640 2208 inciderunt.
674 2153 796 2208 Furebat
809 2153 880 2207 euim
899 2153 1008 2223 publice
1028 2152 1113 2213 Mera,
1134 2150 1290 2204 dominere
1304 2164 1383 2205 mese
1398 2148 1506 2217 Venerat

166 2230 321 2302 privignem
341 2230 413 2287 enim
433 2232 575 2287 elocabam
596 2239 625 2287 et
645 2232 800 2303 nuptiarum
821 2241 961 2303 apparatu
982 2232 1072 2286 omnia
1100 2230 1321 2301 perstrepebant
1364 2228 1430 2287 Noli
1454 2227 1507 2281 ita·

167 2328 220 2382 qne
239 2309 339 2374 utheri
361 2313 431 2383 quod
452 2311 560 2367 illerum
581 2330 639 2367 sum
660 2313 770 2368 oblitus.
804 2313 967 2380 Abjererem
987 2312 1051 2365 illas
1072 2329 1155 2381 super
1175 2310 1335 2364 fasciculum
1355 2310 1506 2369 litenmfl.

167 2404 235 2462 quas
256 2406 274 2444 a
293 2397 341 2444 tuo
355 2398 471 2461 parente
492 2393 582 2446 habeo
597 2393 783 2448 creberrimas.
816 2394 871 2447 Vix
892 2395 1001 2447 tandem
1016 2394 1050 2446 ad
1070 2409 1113 2446 me
1133 2407 1247 2461 meaque
1262 2389 1355 2444 stadis
1370 2403 1506 2451 resersus,

166 2486 227 2524 sons
247 2470 332 2524 etiarn
352 2478 432 2540 pater
453 2479 515 2526 tuus
536 2473 752 2542 pertinacissime
772 2473 878 2527 instans
905 2479 1045 2542 rumperet
1063 2474 1173 2526 tandem
1193 2470 1350 2525 diuturnum
1370 2467 1508 2524 silentiu

165 2566 263 2612 meum,
284 2556 350 2604 tuae
364 2551 436 2606 inter
455 2552 561 2622 patrias
581 2554 646 2607 mibi
661 2560 836 2608 occurrerunt
855 2553 938 2623 plane
959 2570 1057 2608 norae.
1093 2552 1158 2606 Cum
1179 2559 1294 2621 parente
1309 2557 1358 2605 tuo
1371 2550 1507 2605 hactenns

167 2629 215 2703 egi
245 2636 276 2684 ut
296 2647 356 2684 cum
383 2632 492 2703 aequali
518 2639 548 2686 et
577 2640 683 2687 tanturn
713 2652 766 2687 non
793 2652 851 2687 curn
880 2633 1019 2702 discipulo.
1062 2631 1113 2695 Qui
1142 2640 1287 2704 postquem
1317 2648 1389 2685 nunc
1419 2626 1508 2699 prodii

171 2709 290 2781 stipatus
319 2711 375 2765 illio
405 2712 526 2767 acerrimi
558 2714 659 2784 ingenii
687 2732 737 2767 nec
765 2731 854 2784 perse
874 2714 956 2768 etiam
977 2712 1139 2768 inventionis
1159 2704 1300 2783 cujusdam
1323 2708 1507 2766 nobilissimae

166 2789 266 2862 gloria,
288 2791 437 2846 merebitur
456 2792 484 2846 in
504 2800 642 2863 posterum
663 2795 793 2863 majorem
807 2811 825 2848 e
839 2812 880 2847 mo
901 2794 1113 2848 venerationem.
1148 2794 1185 2845 Et
1205 2809 1332 2863 cuperem
1352 2789 1507 2845 eradicatos

167 2888 205 2927 ex
226 2870 293 2925 meis
314 2874 349 2925 ed
370 2872 457 2942 ipsum
478 2873 564 2927 literis
579 2875 698 2945 pueriles
720 2875 797 2929 nimis
815 2874 908 2942 jocos:
926 2875 987 2942 jam
1001 2874 1071 2927 enim
1086 2889 1223 2927 censorem
1244 2873 1329 2927 filium
1342 2884 1507 2943 expavesco.

247 2952 447 3006 Commentario
466 2969 528 3008 mea
541 2956 574 3008 de
588 2956 686 3017 Marte,
708 2955 853 3025 dequibus
874 2955 991 3024 quoeris,
1009 2953 1068 3023 jam
1089 2953 1165 3006 ultra
1178 2969 1278 3008 ennom
1298 2953 1418 3007 haerent
1436 2946 1507 3020 apd

167 3031 373 3105 typographum
384 3033 586 3106 Heidelbergao
600 3052 660 3089 oum
684 3035 775 3089 iorruis
791 3034 890 3106 ligneis
904 3043 935 3089 et
947 3034 1079 3104 pecunia:
1094 3033 1163 3087 mira
1176 3050 1244 3088 sane
1258 3034 1371 3088 fortuna
1383 3032 1508 3086 tamma

165 3128 310 3182 rarumque
339 3116 472 3169 mearum!
493 3142 533 3154 -
552 3115 638 3168 Recte
665 3132 773 3178 censes,
804 3116 917 3169 eandem
945 3132 995 3184 per
1022 3128 1114 3167 omnes
1144 3113 1274 3183 planetas
1303 3129 1365 3167 esse
1395 3110 1508 3167 form

166 3191 368 3265 hypothesium,
389 3193 560 3249 variantibus
581 3195 790 3266 quantitatibus.
828 3196 924 3266 ltaque
945 3194 1037 3248 videre
1058 3194 1137 3264 cupio
1158 3200 1222 3248 tuas
1236 3196 1269 3248 de
1283 3190 1414 3247 Mercurii
1435 3186 1507 3261 cogi·

167 3270 287 3327 ιιιίοιιιιι
309 3274 448 3344 multoque
468 3273 557 3346 magis
580 3276 613 3328 de
626 3276 714 3338 Luna,
736 3293 806 3346 quae
828 3277 889 3329 sole
902 3275 965 3346 quid
985 3275 1124 3344 peculiare
1145 3274 1249 3329 babere
1269 3274 1405 3330 hactenns
1424 3268 1508 3327 mdi-

166 3359 221 3415 ιιι,
242 3351 294 3406 nisi
314 3359 345 3406 tu
364 3351 512 3423 simplicem
537 3350 583 3423 (ut
601 3356 700 3419 refers)
714 3358 891 3425 persuadeas.
921 3355 1002 3428 Rogo
1015 3363 1047 3409 ut
1066 3353 1099 3408 iis
1119 3372 1162 3409 me
1183 3352 1333 3426 impertias.
1367 3350 1508 3409 Nemins!

167 3431 238 3487 eninr
260 3431 396 3486 hominum
420 3438 642 3490 contemnendum
670 3437 737 3489 duco
758 3452 858 3506 nuper,
881 3442 1024 3505 postquam
1044 3435 1071 3488 in
1092 3434 1180 3489 literis
1200 3435 1288 3505 patris
1302 3432 1344 3487 tui
1357 3430 1508 3487 diutissin

166 3511 303 3585 neglectis
333 3512 470 3584 etiamque
491 3515 632 3569 contemtia
661 3516 697 3569 ob
726 3517 894 3570 schematum
915 3515 1025 3570 oculare
1052 3514 1159 3578 sitium,
1189 3533 1227 3570 ex
1247 3515 1389 3584 insperato
1418 3508 1508 3567 inseai

166 3592 334 3663 hypothesin
363 3610 417 3647 non
438 3594 517 3664 parri
537 3595 675 3650 momenti:
707 3612 777 3666 quae
799 3612 854 3650 una
874 3612 966 3649 omnes
991 3611 1066 3649 meas
1087 3595 1290 3664 speculationes
1318 3592 1455 3647 trsmters
1481 3589 1508 3645 is

167 3670 251 3727 aliam
271 3673 393 3737 formam,
414 3680 541 3729 manente
562 3675 667 3747 quidem
688 3677 761 3730 orali
782 3676 879 3730 itinere
901 3675 1039 3730 tarditatis
1060 3674 1222 3745 inaequalis.

246 3754 290 3807 De
310 3760 505 3823 tempestatum
525 3756 710 3825 praedictione
731 3763 863 3826 exspecto
884 3756 1022 3810 inventum
1043 3762 1134 3818 ιιιιιιιι,
1156 3756 1227 3826 quod
1246 3753 1328 3809 valde
1356 3766 1456 3807 verear
1474 3766 1508 3805 ns

168 3833 231 3905 plus
246 3832 352 3887 hebeat
367 3831 499 3902 juvenilis
520 3835 632 3890 ferroris
652 3852 733 3907 quam
753 3836 892 3891 veritatis:
913 3836 993 3908 idque
1015 3840 1093 3890 tento
1107 3835 1205 3908 magis,
1227 3840 1329 3905 quanto
1350 3838 1382 3887 tu
1402 3830 1507 3903 specis·

167 3911 238 3968 liora
257 3930 294 3966 ex
314 3930 347 3965 eo
369 3919 397 3966 te
417 3915 575 3984 praedicere
595 3933 676 3986 posse
696 3932 801 3988 speras.
836 3916 913 3980 Quod
934 3916 1004 3970 enirn
1025 3914 1091 3970 mihi
1111 3915 1267 3985 superbos
1286 3910 1401 3984 negotio
1421 3910 1507 3965 mssa

168 4008 277 4062 semper
296 3991 363 4054 tuit.
394 3992 497 4063 idjam
517 3997 602 4050 multo
622 3998 739 4052 maxime
767 3997 885 4060 videtur,
917 4004 1062 4069 postquam
1087 3994 1157 4049 idem
1186 4003 1251 4049 aute
1274 3992 1351 4048 1800
1372 4006 1461 4046 unos
1480 3995 1510 4043 et

169 4071 291 4134 Gemino,
313 4072 340 4125 in
360 4072 438 4141 csqjos
458 4075 601 4131 lectionem
622 4095 709 4147 nuper
728 4078 816 4141 incidi,
838 4078 925 4132 ιὶιιιιιι
947 4077 1032 4131 titisse
1052 4075 1140 4130 rideo.
1183 4077 1280 4146 ltaque
1300 4080 1352 4127 aut
1367 4070 1435 4126 mihi
1454 4070 1509 4125 mis

167 4150 285 4206 inventis
305 4160 427 4221 praesta,
448 4163 481 4209 ut
500 4155 582 4210 aliter
600 4157 733 4218 rideatur.
756 4166 806 4210 aut
827 4173 845 4210 a
864 4174 906 4211 me
927 4164 1177 4227 exspectatarum
1198 4153 1353 4215 wmilinrn.
1375 4168 1431 4223 quo
1450 4151 1508 4207 iss·

168 4230 212 4286 tili
231 4231 326 4285 labore
348 4229 427 4303 (quia
446 4231 626 4305 impossibile)
648 4235 780 4290 libereris.
820 4236 895 4289 Nihil
925 4236 995 4291 enim
1026 4244 1055 4289 te
1075 4236 1174 4290 oeleho
1195 4250 1303 4296 eorum,
1333 4248 1407 4304 quae
1435 4230 1508 4287 viss-

167 4312 271 4367 emtus
289 4314 400 4384 cognito
421 4313 531 4369 invento
552 4322 607 4371 tuo.

247 4391 319 4447 Vale
339 4400 369 4447 et
389 4395 481 4467 siqua
499 4396 671 4466 rescripseris
693 4411 766 4458 cura,
789 4400 821 4447 ut
841 4396 875 4449 ad
897 4395 998 4450 curiam
1020 4395 1248 4450 ecclesiiastictm
1260 4394 1398 4451 Dresdam
1418 4400 1509 4447 ism·

168 4470 319 4527 mittantur.

255 4550 301 4601 llis
328 4552 428 4617 Kaplerl
458 4554 665 4605 adhortationibus
695 4562 775 4604 motus
800 4552 927 4605 Johsnues
956 4553 1075 4617 abiecisse
1102 4553 1197 4604 ridetur
1225 4552 1408 4611 „inventionem
1439 4562 1509 4602 sm

170 4621 354 4675 emissorem*
374 4621 455 4686 (nulla
472 4633 540 4677 certe
558 4633 639 4676 esstat
656 4626 764 4690 ejusdem
781 4626 906 4689 responsio
924 4625 957 4674 ad
973 4624 1058 4675 literas
1077 4627 1237 4689 praemissas.
1264 4638 1345 4690 neqm
1362 4622 1434 4675 oeta
1450 4636 1508 4674 css·

170 4696 237 4750 stat.
262 4710 319 4744 num
342 4695 429 4760 publici
445 4699 505 4761 iuris
523 4696 614 4761 aliquid
631 4696 662 4746 ds
679 4696 717 4746 liis
734 4694 846 4758 iecerit),
875 4704 900 4747 et
918 4710 1026 4747 reserans
1054 4697 1088 4747 ad
1106 4704 1201 4761 patrem
1227 4694 1397 4746 momentote
1423 4694 1507 4745 srah-

169 4764 220 4815 lsss
246 4765 464 4826 aenatoribus,
491 4776 562 4835 patre
580 4768 606 4817 in
623 4767 660 4816 his
682 4768 744 4818 duce
761 4768 978 4832 praestantissimo.
1009 4766 1117 4820 Detecto
1135 4776 1188 4819 turn
1205 4767 1321 4831 temporis
1338 4766 1399 4818 tnbo
1418 4768 1509 4832 qh,

168 4832 389 4889 mentmsoimes
406 4840 495 4904 primus
514 4837 902 4904 compertissimum-snm
921 4836 985 4889 itti
1000 4862 1035 4875 -
1052 4854 1116 4904 quas
1134 4840 1246 4891 detectas
1257 4836 1397 4909 Volup.
1411 4836 1507 4895 mn

167 4904 427 4982 plmlbusetslimns.
464 4904 1334 4978 aemmsdmttsmnaexurnmosemmmstta
