3368 5534
162 310 206 389 56
578 308 683 437 Ἢ
699 318 802 388 Keplesi
824 311 1094 388 memsam

165 520 259 581 opus,
292 497 371 579 quod
395 496 483 559 edere
506 505 605 573 vetor,
638 500 717 579 apud
749 499 932 562 academiam
956 500 1114 580 deponere.
1157 504 1254 572 (eemp.
1277 505 1332 557 vet
1350 507 1386 566 11,
1411 524 1437 573 p.
1456 505 1511 571 ts.)

162 589 321 652 Relertnm
343 595 392 649 est
414 586 602 650 creberrimis
626 599 658 649 et
681 589 852 651 lectissimis
877 590 1027 672 Tycbonis
1049 588 1320 652 observationibus.
1358 587 1394 655 si
1418 590 1511 651 levis·

162 678 240 742 sium
262 696 334 758 spes
355 684 440 738 esset
462 677 500 737 de
523 676 726 756 Tengneglio,
758 678 835 759 quod
859 678 971 757 aliquid
994 678 1036 740 sit
1057 679 1254 757 prolecturus,
1279 678 1321 739 nil
1344 696 1421 758 opus
1444 697 1512 741 esse

161 775 300 850 putarem
324 783 389 827 meo
422 765 548 827 consilio
571 765 750 847 Tycbonicis
785 766 964 829 observatis.
1011 768 1057 829 At
1079 768 1167 828 crede
1190 765 1281 841 mihi,
1316 785 1376 828 non
1399 767 1458 829 abs
1481 786 1513 830 re

162 866 273 931 metuo,
296 872 406 934 nequo
430 862 520 933 pacto
544 854 682 917 desertae
705 865 843 935 pereant.
880 853 1001 927 Quaeso
1025 855 1096 937 qnid
1119 855 1174 917 tibi
1197 855 1298 928 animi,
1321 856 1349 919 si
1362 856 1515 938 'lychonis

161 945 229 1008 loco
252 962 337 1007 esses
361 951 393 1029 et
415 942 476 1004 ista
508 961 661 1018 cerneres,
684 964 734 1017 ‚an
758 945 850 1007 etiam
881 956 1077 1007 'succenseres
1097 944 1188 1021 mibi,
1221 945 1277 1006 hoc
1300 964 1411 1007 auenro
1435 946 1515 1028 qnod

164 1032 273 1114 agito?
309 1030 356 1094 De
380 1030 542 1112 eclipsibus
572 1032 680 1113 scripsi
708 1041 778 1095 ante
808 1053 927 1096 menses
959 1034 1087 1109 multos,
1119 1041 1152 1094 nt
1174 1041 1207 1095 et
1229 1034 1266 1094 de
1289 1035 1382 1096 stella
1404 1031 1514 1117 (lygni.

162 1122 224 1186 Sed
247 1121 317 1185 nolo
331 1129 362 1183 te
377 1139 477 1201 agere,
500 1129 590 1201 tange
605 1141 695 1184 unum
710 1123 814 1185 borum
827 1131 954 1205 quatuor
967 1123 1078 1197 verbis,
1102 1122 1209 1203 quibus
1223 1121 1350 1185 totidem
1369 1142 1515 1186 annorum

164 1212 283 1292 culpam
306 1210 418 1272 silentii
441 1211 533 1273 elues.
580 1211 660 1273 Vale
683 1228 788 1292 meque
811 1228 890 1273 ama.
935 1210 1053 1292 Pragae
1082 1210 1132 1275 14.
1156 1212 1230 1274 Dec.
1257 1206 1352 1275 1604.

723 1301 839 1364 Excell.
869 1301 950 1363 Tuae
1164 1332 1173 1339 ·
1278 1322 1280 1327 ¹

906 1389 1037 1453 Gratias.
1061 1385 1234 1469 Discipnlns

1122 1479 1156 1543 J.
1180 1477 1354 1562 Kteppla.
1379 1484 1460 1549 (set)

255 1617 328 1681 Quae
345 1614 545 1667 Maestlinus
564 1616 597 1666 ad
615 1622 664 1667 tres
675 1618 830 1681 praemissas
848 1618 934 1668 literas
951 1620 1105 1686 responderit
1122 1616 1159 1682 (d.
1178 1617 1221 1668 28.
1234 1619 1292 1671 an·
1308 1616 1391 1682 1005)
1408 1622 1518 1672 maxims

165 1707 196 1744 ex
214 1697 285 1756 perte
303 1688 455 1740 exhibuimus
472 1686 529 1735 Vol.
549 1686 582 1736 11.
602 1703 625 1751 p.
646 1686 688 1746 15,
707 1687 768 1746 582,
785 1686 846 1739 751.
865 1699 992 1742 reserests
1010 1692 1167 1743 conclusione
1191 1691 1288 1741 illarum
1305 1691 1436 1743 literarum
1454 1693 1517 1743 hunc

166 1763 298 1816 inlocum.
330 1758 453 1816 Gratulor,
471 1758 558 1822 inquit,
577 1759 736 1811 vehementer
753 1767 780 1810 et
790 1760 896 1827 gaudeo,
915 1762 1004 1813 Martis
1022 1769 1115 1813 metum
1133 1762 1259 1828 hueusque
1277 1777 1294 1813 a
1310 1770 1337 1814 te
1355 1765 1518 1815 eomlctu

165 1843 240 1901 teque
257 1835 337 1898 ipsum
355 1843 430 1894 prope
458 1829 603 1881 debellasse.
644 1831 738 1881 Verum
756 1847 820 1896 quae
838 1834 937 1895 scabis,
966 1838 1046 1886 lsteer
1062 1848 1102 1884 me
1120 1849 1171 1884 non
1189 1836 1288 1884 omuino
1312 1838 1412 1901 assequi
1438 1851 1518 1901 posse,

168 1907 251 1971 esplte
269 1905 335 1954 enlm
353 1915 437 1953 canem
455 1899 576 1951 ridentur.
613 1902 685 1953 Unde
702 1903 799 1969 colligo.
818 1910 843 1953 te
862 1912 943 1955 antes.
957 1920 1051 1971 quoque
1070 1905 1101 1955 de
1120 1906 1207 1956 eodem
1226 1905 1262 1957 sd
1276 1920 1321 1963 me,
1335 1909 1475 1972 scripsisse,
1495 1915 1519 1958 et

166 1990 323 2029 numerorum
340 1972 451 2029 tllomm.
479 1973 638 2037 qnorumhlc
655 1977 805 2032 memlnlsth
832 1977 950 2041 originem
977 1977 1087 2041 adeoque
1112 1976 1277 2027 lnndsments
1303 1977 1364 2026 mllrl
1382 1978 1516 2031 indicasse.

167 2048 262 2098 Verum
279 2045 395 2113 quonism
412 2042 472 2093 lllnd
489 2045 606 2108 scriptum
623 2045 682 2095 mihi
700 2061 750 2097 non
768 2045 890 2099 redditum
902 2054 948 2106 est,
967 2047 1022 2097 ideo
1040 2047 1181 2112 haecque
1199 2049 1235 2098 eis
1254 2055 1425 2100 annectuntur
1445 2064 1519 2116 segre

168 2119 282 2185 percipio.
319 2116 349 2167 ln
376 2116 464 2166 ceteris
491 2121 560 2167 mum
588 2116 716 2167 consilium
741 2118 824 2182 probo.
861 2118 911 2169 Sed
937 2119 1006 2168 hisce
1032 2119 1089 2169 sale
1116 2121 1215 2184 optime.
1253 2117 1322 2170 Deus
1341 2126 1368 2170 te
1395 2135 1454 2171 enm
1471 2124 1519 2171 tufi

169 2191 304 2243 elmenter
321 2193 458 2243 contenet,
477 2192 506 2235 nt
523 2188 588 2253 quod
605 2189 659 2254 agis
676 2189 781 2240 feliciter
797 2203 918 2256 peregere
935 2191 1021 2255 possis

255 2263 348 2310 Actum
365 2256 495 2322 'lubiugse
513 2256 559 2311 &a

255 2330 349 2392 Quibus
372 2327 499 2392 respondit
524 2329 646 2394 Ksplerus
673 2331 799 2381 enultans
826 2332 917 2398 gaudio
944 2332 1009 2397 qnod
1033 2332 1157 2384 silentium
1180 2330 1307 2383 Maestlinl
1335 2332 1521 2399 quinquennale

165 2400 379 2471 provocationibus
397 2400 447 2448 suis
465 2399 570 2450 assiduis
587 2400 689 2451 tandem
706 2405 808 2466 ruperit,
827 2404 893 2453 brevi
905 2412 961 2468 post
978 2410 1096 2467 acceptas
1113 2403 1240 2454 Maestlinl
1257 2403 1342 2454 literas
1360 2402 1400 2465 (5.
1413 2404 1518 2473 umeri).

167 2475 298 2528 hoedum
313 2471 388 2534 hnjns
405 2471 569 2533 responsionis
587 2473 752 2536 proposuimus
771 2473 827 2524 Vol.
847 2474 917 2527 11.1.
937 2489 959 2524 c.
996 2475 1091 2536 Quibus
1116 2476 1255 2539 praemissis
1277 2478 1359 2541 pergit
1377 2476 1520 2541 Ksplesss:

255 2546 302 2606 De
326 2541 458 2609 Martis
489 2553 588 2605 motu
617 2544 747 2607 scribam
776 2547 897 2608 clarius.
943 2548 1067 2608 Invenio
1097 2546 1127 2607 in
1160 2547 1278 2609 theoria
1305 2549 1420 2609 Terrae
1452 2568 1521 2611 esse

168 2640 347 2717 sequentem
370 2629 488 2709 atejus
512 2633 766 2696 eceentricitatem
781 2629 887 2698 3600:
911 2635 1070 2699 eceentrici
1086 2649 1164 2697 'vero
1194 2633 1277 2699 1800
1300 2637 1392 2715 plane
1416 2637 1519 2700 bisec-

167 2726 249 2788 tione
280 2728 484 2800 repugnante,
516 2730 551 2783 ut
581 2722 612 2784 in
643 2722 743 2785 Marte
773 2731 805 2785 et
838 2724 917 2805 apud
948 2724 1156 2786 Ptolemaeum
1188 2725 1218 2785 in
1251 2725 1390 2787 omnibns
1423 2727 1520 2789 tribus

168 2809 378 2894 superioribus.
426 2809 460 2870 ln
486 2807 511 2881 Ω
535 2818 568 2872 et
589 2812 612 2887 Q
634 2811 690 2874 hoc
713 2813 808 2891 ipsum
842 2813 977 2894 arguitur
998 2830 1053 2893 per
1082 2813 1233 2875 circellum
1266 2814 1363 2876 centri
1392 2815 1521 2899 epicycli

167 2903 328 2967 librantem
348 2898 397 2959 vel
421 2897 689 2980 circumagentem,
718 2911 749 2963 et
772 2921 864 2968 causa
895 2903 1020 2982 pulchra
1050 2911 1195 2985 apparet,
1220 2922 1272 2965 cur
1294 2903 1323 2964 in
1349 2907 1521 2967 contrarias

168 2991 318 3054 Venerius
341 2996 393 3049 eat
414 2986 603 3052 Mercuriali:
628 2990 657 3051 in
682 2990 801 3053 Venere
825 2999 873 3052 est
896 2991 1040 3053 dimensio
1063 2991 1266 3055 exactissima.
1304 2993 1385 3055 Nam
1409 3014 1521 3056 eccen-

168 3081 288 3145 trioitaa
312 3074 353 3154 Θ
376 3072 453 3146 417,
476 3077 589 3140 circelli
613 3078 638 3152 Q
663 3080 769 3142 semid.
793 3078 868 3143 208.
915 3080 1099 3162 Hypothesis
1122 3080 1232 3142 Martis
1260 3081 1423 3144 verissima
1445 3085 1521 3147 baec

171 3179 235 3234 est:
260 3165 470 3230 eceentricitas
494 3163 581 3231 9300
604 3169 731 3244 circiter,
757 3168 914 3249 aequantia
936 3187 1007 3229 vero
1033 3166 1150 3242 18600,
1174 3170 1324 3249 aphelium
1348 3172 1376 3232 in
1402 3169 1468 3236 29·
1487 3178 1522 3248 Q,

170 3259 267 3323 nodus
296 3257 327 3318 in
362 3249 466 3333 161,ο
496 3265 540 3334 tlt.
594 3258 793 3337 Deprehendo
825 3257 1009 3331 certissime,
1045 3257 1175 3320 ordinari
1208 3260 1410 3323 eceentricnm
1438 3263 1523 3324 circs

171 3366 274 3411 verum
297 3362 403 3425 corpus
429 3340 485 3420 Θ,
519 3365 575 3407 non
605 3347 685 3408 circa
716 3356 857 3428 punctum
887 3346 976 3408 medii
1000 3347 1057 3408 loci
1081 3345 1163 3408 Solis
1187 3345 1437 3427 Gopemicannm.
1487 3352 1522 3413 ld

173 3456 210 3500 ex
242 3433 503 3497 observationibus
533 3435 669 3516 plurimis
705 3436 798 3516 probo
831 3433 906 3515 Cap.
941 3433 993 3498 51.
1050 3436 1208 3515 Proportio
1240 3437 1357 3500 orbium
1390 3437 1523 3504 152500

173 3526 310 3597 circiter,
343 3522 392 3584 ubl
421 3523 504 3602 prius
536 3524 684 3587 habebam
718 3520 864 3598 152650,
895 3542 960 3584 cum
989 3542 1008 3582 a
1038 3524 1228 3603 paucioribus
1260 3525 1523 3593 observationibus

174 3622 296 3679 eurem.
342 3611 556 3675 Distantiae
579 3634 600 3675 a
621 3613 707 3677 Sole
731 3633 797 3676 non
825 3621 864 3675 nt
886 3612 920 3672 in
952 3611 1088 3674 circulo
1122 3615 1302 3693 perlecto,
1335 3617 1402 3679 sed
1426 3627 1467 3681 nt
1488 3621 1523 3682 in

173 3703 291 3778 ovali,
325 3701 425 3780 cnjus
448 3701 537 3764 haec
567 3704 713 3765 tandem
740 3713 824 3783 post
856 3700 1028 3763 infinitos
1058 3702 1204 3765 labores
1238 3704 1445 3785 descriptio
1470 3709 1524 3771 in·

257 3863 263 3876 ,
410 3800 520 3853 venta
542 3801 613 3867 est,
638 3801 671 3855 ut
693 3799 876 3853 commutato
895 3789 1062 3852 eceentrico
1081 3791 1110 3851 in
1127 3792 1458 3876 concentr-epicyclum
1482 3799 1524 3859 sit

236 3862 289 3928 ¹²¹⁸·
310 3859 351 3910 ¹¹·
410 3882 441 3942 A
464 3880 537 3950 Sol,
568 3883 624 3943 AB
648 3882 768 3954 radius,
802 3881 857 3942 BD
881 3875 987 3953 9300,
1020 3879 1077 3942 ΑΕ
1106 3882 1238 3959 pariter,
1271 3881 1352 3943 etE
1382 3896 1522 3950 centrum

276 3972 295 4016 l
411 3970 605 4050 aequalitatis
626 3971 730 4050 puncti
743 3971 769 4031 B
784 3971 866 4032 circa
878 3970 917 4043 A,
941 3975 973 4029 et
987 3968 1015 4028 D
1029 3969 1110 4030 circa
1123 3970 1159 4043 B,
1184 3968 1272 4050 idque
1292 3971 1355 4034 lere
1380 3970 1522 4046 (accom-

410 4060 499 4120 modo
531 4059 610 4120 enim
642 4079 689 4122 me
719 4060 767 4121 hic
791 4060 831 4120 ad
859 4057 998 4137 antiquas
1026 4057 1208 4139 hypotheses
1240 4079 1307 4123 eum
1337 4060 1523 4128 detrimento

181 4173 198 4227 g
296 4206 366 4216 *-
411 4148 625 4223 certitudinis),
641 4158 683 4223 ut,
704 4148 833 4230 inquam,
849 4147 896 4209 his
910 4148 953 4207 sic
967 4146 1122 4207 instructis
1137 4167 1287 4210 sumamus
1300 4168 1357 4229 pro
1372 4152 1523 4243 disQutis

412 4235 470 4299 CA
490 4237 668 4299 distantiam
690 4237 756 4300 BA.
794 4235 916 4308 Quanto
939 4235 1031 4313 igitur
1054 4236 1170 4297 brevior
1193 4246 1241 4300 est
1258 4240 1317 4300 BA
1339 4258 1430 4320 qnam
1454 4242 1524 4316 CA,

308 4364 315 4371 .
411 4333 498 4388 tanto
521 4326 620 4405 spatio
644 4327 743 4389 orbita
771 4327 911 4407 planetae
942 4324 1042 4385 deficit
1063 4323 1144 4386 circs
1172 4324 1375 4406 longitudines
1404 4333 1525 4394 medias

413 4437 433 4478 a
455 4416 600 4477 circulari.
637 4416 742 4496 Itaque
766 4417 821 4477 hoc
841 4415 961 4476 tandem
986 4412 1093 4474 falsum
1117 4413 1268 4478 inventum
1283 4427 1340 4492 est,
1365 4419 1523 4498 planetam

412 4505 443 4567 in
466 4504 600 4586 epicyclo
623 4504 794 4584 circumagi,
820 4503 897 4585 quod
912 4512 974 4563 tam
989 4502 1037 4562 diu
1058 4502 1296 4580 pertinacissime
1319 4509 1439 4585 tuebar,
1465 4511 1522 4573 sed

412 4611 532 4676 semper
555 4595 792 4672 repugnantibus
814 4591 994 4653 observatis.
1041 4590 1107 4652 Non
1137 4592 1228 4671 igitur
1256 4596 1470 4680 circumagitur
1493 4601 1525 4662 in

292 4688 307 4732 Ι
413 4682 566 4767 epicyclo,
596 4683 650 4743 sed
674 4683 799 4744 libratur
822 4681 851 4742 in
876 4681 941 4760 ejus
971 4679 1135 4742 diametro:
1166 4685 1326 4762 quodnisi
1356 4698 1548 4764 statuamus

417 4772 468 4834 15‘
492 4781 524 4834 et
547 4770 673 4849 amplius
696 4769 909 4850 discrepabunt
931 4769 1102 4847 parallanes
1126 4771 1207 4834 orbis
1237 4776 1327 4837 annui
1349 4777 1390 4839 ab
1413 4780 1525 4843 obser·

413 4861 506 4925 ustis.
551 4858 614 4922 Sed
636 4878 730 4941 neque
752 4858 780 4920 Ε
803 4868 852 4922 est
873 4857 1008 4940 prsec'ee
1040 4865 1182 4937 punctam
1209 4864 1424 4945 sequssitstis,
1446 4887 1524 4951 pee-
