3368 5534
292 241 355 312 176
770 245 810 298 ns
828 245 937 301 uorsus
956 245 1050 300 sene
1068 246 1156 302 uem

289 433 322 490 st
350 424 443 489 aliter
466 424 584 508 quidem
608 422 817 504 explicandum
840 443 878 486 ex
901 424 1069 488 Purbachio
1094 426 1257 489 secundum
1280 423 1461 490 Aristotelis
1482 424 1640 509 principia,

289 516 378 580 aliter
405 515 497 578 etiam
520 533 558 577 ex
581 514 732 597 Tychaae.

379 605 574 668 Ptolemaeus
601 604 696 665 nudos
724 602 809 664 nobis
840 603 931 665 hosce
962 603 1089 667 circulos
1117 603 1292 684 descripsit,
1335 603 1442 686 quales
1472 604 1640 686 geometris

292 693 465 757 observatis
495 693 648 774 applicata
680 692 803 755 iudicat.
853 692 1040 755 Purbachius
1073 693 1191 754 modum
1216 692 1386 767 constituit,
1412 712 1469 775 quo
1494 693 1638 757 decurre·

289 792 404 858 rentur,
427 791 549 846 secutus
571 780 782 856 Aristotelem,
805 781 855 861 qai
878 781 934 843 hac
959 782 1036 844 idem
1060 781 1089 843 in
1113 781 1232 844 Eudoxi
1255 790 1288 844 et
1303 780 1422 862 Calippi
1435 782 1638 863 geometricas

288 871 528 954 suppositiones,
565 871 670 953 quibus
703 871 917 932 astronomiam
948 872 1154 942 tradiderant,
1189 872 1364 935 attentavit.
1386 868 1429 946 ²⁷)
1461 871 1539 937 Cum
1563 873 1640 936 enim

288 972 429 1024 auctores
461 961 507 1044 illi
544 960 631 1023 arbes
660 956 702 1023 25
720 959 914 1021 adhiberent
945 962 982 1022 ad
1011 960 1275 1022 demonstrandam
1309 979 1426 1024 amnem
1450 962 1640 1041 planetamm

288 1051 546 1134 inaequalitatem,
571 1049 824 1124 Aristoteles,
849 1049 955 1110 solidis
979 1049 1100 1112 orbibus
1115 1051 1229 1112 caelum
1245 1050 1386 1112 refertum
1400 1050 1539 1124 credens,
1564 1050 1640 1113 alios

288 1137 331 1204 24
363 1130 552 1202 revolveutes
582 1137 699 1200 censuit
721 1138 973 1218 interponendos3
1003 1146 1038 1202 ut
1061 1139 1177 1200 scilicet
1199 1138 1322 1201 inferior
1344 1137 1469 1219 quisque
1493 1138 1579 1201 orbis
1603 1159 1637 1201 eo

290 1237 397 1311 raptu,
422 1247 509 1309 quem
533 1236 656 1308 propter
678 1228 907 1307 contiguitatem
930 1228 1150 1308 superficierum
1175 1235 1242 1290 erat
1264 1249 1283 1291 a
1305 1227 1459 1309 superiore
1482 1245 1638 1307 passurus,

288 1314 478 1381 liberaretur.
524 1315 638 1396 Igitur,
670 1336 735 1378 cum
760 1317 790 1378 in
815 1316 985 1378 universum
1008 1316 1096 1381 arbes
1119 1312 1163 1380 49
1186 1317 1267 1390 (sive
1290 1316 1451 1378 secundnm
1476 1313 1639 1400 Calippum

288 1403 330 1470 53
356 1414 408 1468 aut
431 1403 490 1482 55)
514 1406 743 1480 accumulasset,
769 1405 895 1485 singulis
918 1405 1054 1486 singulas
1076 1415 1209 1468 mutares
1233 1406 1367 1480 addidit;
1399 1424 1523 1485 qnorum
1549 1406 1638 1487 quili-

287 1495 341 1558 bet
376 1494 443 1558 orbi
473 1513 528 1557 sua
567 1502 598 1557 et
621 1495 758 1557 amnibus
782 1494 987 1564 inferioribus,
1021 1514 1096 1576 quas
1119 1495 1171 1558 ille
1193 1503 1277 1558 esset
1299 1495 1487 1575 complexus,
1526 1506 1639 1558 motam

289 1583 565 1665 aequabilissimum
588 1583 619 1646 in
643 1585 714 1647 arbe
738 1582 890 1665 superiore
915 1584 1017 1646 arbem
1040 1604 1125 1646 sunm
1149 1585 1282 1666 proxime
1297 1584 1470 1657 ambeunte‚
1495 1592 1639 1666 tanquam

287 1673 318 1736 iu
343 1674 408 1736 laco
433 1673 572 1752 quodam,
594 1682 776 1753 praestaret,
797 1679 829 1734 et
850 1692 870 1734 a
893 1691 949 1752 quo
968 1682 1000 1735 et
1016 1675 1135 1755 plagae,
1159 1674 1188 1736 iu
1212 1693 1301 1754 quam
1324 1685 1423 1736 matus
1447 1672 1522 1736 ferri
1546 1675 1638 1738 debe-

287 1762 351 1838 bat,
374 1770 407 1825 et
430 1762 614 1837 celeritatis,
644 1781 704 1842 qua
727 1769 809 1824 esset
834 1761 914 1823 arbis
938 1764 976 1825 ad
1000 1783 1085 1826 suum
1107 1762 1283 1843 principium
1305 1762 1530 1839 restituendus,
1568 1783 1639 1826 con·

288 1859 374 1914 stans
397 1851 476 1913 ratio
499 1852 686 1931 procederet.
731 1853 779 1914 Ac
803 1870 868 1913 cum
891 1852 1057 1930 placuisset
1079 1852 1121 1914 illi
1141 1852 1328 1933 philosopho,
1352 1860 1467 1915 matum
1482 1861 1638 1916 aeteruum

288 1960 371 2015 esse,
403 1949 535 2002 rnaocres
559 1959 675 2022 quaque
699 1949 841 2002 aeternos
865 1941 992 2004 statuit:
1027 1941 1075 2022 qui
1099 1961 1167 2004 cum
1191 1942 1304 2004 infinito
1328 1950 1465 2022 tempore
1487 1952 1639 2016 moreaul,

288 2029 446 2092 infinitatis
476 2048 548 2091 vero
572 2029 684 2092 nullum
708 2030 900 2092 materiatum
923 2049 1021 2110 capax
1044 2049 1113 2093 esse
1136 2031 1244 2103 sciret,
1271 2029 1493 2093 immateriales
1525 2049 1637 2112 quaque

288 2127 320 2180 et
349 2119 498 2199 principia
530 2126 692 2199 separata,
726 2139 818 2200 quare
846 2119 1010 2182 immobilia
1037 2139 1104 2182 esse
1133 2121 1237 2183 uoluit.
1292 2119 1338 2182 Ac
1369 2138 1437 2182 cum
1470 2138 1510 2182 ex
1543 2130 1639 2184 motus

287 2206 468 2270 aeternitate
492 2208 632 2270 muudum
656 2209 857 2271 exstruxisset
880 2215 1044 2284 aeternum,
1069 2219 1208 2289 essetque
1232 2209 1308 2272 baec
1332 2206 1452 2271 duratio
1476 2210 1636 2283 esseutiae,

290 2296 384 2359 tatius
406 2297 507 2358 muudi
527 2297 647 2359 bonitas
671 2306 702 2359 et
723 2298 877 2377 perfectio,
903 2299 1044 2378 apposita
1067 2298 1209 2374 interitui,
1233 2298 1282 2378 qui
1305 2298 1403 2360 malus
1427 2307 1534 2373 esset;
1557 2299 1637 2378 prin·

290 2385 377 2466 cipiis
405 2384 466 2447 illis
488 2386 702 2464 perfectionem
733 2406 879 2449 summam
908 2387 1028 2462 tribuit,
1062 2386 1185 2469 ejusque
1215 2387 1451 2450 intellectionem
1475 2396 1507 2450 et
1532 2407 1570 2450 ex
1593 2389 1636 2450 iu·

289 2475 417 2538 tellecta
440 2473 518 2535 bauo
542 2476 728 2537 voluntatem
752 2476 781 2538 id
805 2476 1018 2556 prosequendi,
1048 2496 1085 2538 ne
1114 2477 1223 2539 bonum
1245 2494 1303 2538 nou
1326 2476 1403 2538 bene
1428 2476 1561 2549 faceret:
1584 2497 1637 2558 qua

289 2571 382 2643 pacta
406 2571 523 2625 mentes
546 2573 714 2644 separatas,
738 2566 864 2647 denique
882 2566 955 2627 deas
971 2566 1056 2627 nobis
1079 2565 1255 2641 introduxit,
1279 2575 1378 2628 matus
1401 2567 1555 2628 caelorum
1570 2586 1636 2648 per·

288 2651 376 2715 cuais
407 2651 611 2718 administros.
657 2654 850 2716 Addiderunt
878 2664 910 2716 et
933 2652 1065 2717 animam
1088 2654 1256 2731 matricem,
1287 2654 1408 2717 orbibus
1431 2655 1547 2719 arctius
1571 2657 1636 2719 alli·

289 2750 394 2824 gatam
418 2761 528 2823 easque
552 2742 777 2818 informantem,
802 2752 836 2806 ut
860 2764 943 2806 mens
967 2752 1084 2807 tanturn
1109 2745 1261 2807 adstaret:
1285 2745 1334 2807 vel
1358 2743 1437 2826 quod
1459 2762 1588 2808 movens
1609 2753 1638 2806 et

289 2830 401 2894 mobile
430 2831 588 2893 convenire
618 2832 647 2894 in
678 2833 776 2915 aliquo
805 2853 929 2896 necesse
958 2835 1124 2905 videretur,
1165 2834 1214 2895 vel
1246 2834 1493 2914 quod⁸patentia
1522 2836 1636 2897 ratione

291 2919 383 3001 spatii
411 2918 581 2999 trajiciendi
605 2941 662 2983 aon
686 2921 803 2984 infinita
825 2931 923 2997 esset,
947 2924 1109 3004 uticeque
1133 2929 1232 2985 motus
1255 2923 1332 2984 ullus
1356 2921 1488 2984 infinitus
1503 2933 1564 2992 est,
1587 2924 1637 2986 aed

290 3009 423 3073 dimenm
456 3018 591 3091 tempore
622 3030 675 3091 per
699 3010 864 3074 dimensum
888 3012 1028 3092 spatium.
1074 3013 1161 3075 Hauc
1185 3012 1286 3092 itaque
1309 3011 1479 3091 potentiam
1502 3013 1636 3075 movendi

290 3097 563 3178 transscripsemnt
586 3100 713 3176 animae,
738 3120 831 3181 eaque
854 3103 972 3163 nomine
996 3101 1145 3182 tantisper
1164 3102 1354 3164 materiatam
1373 3119 1441 3163 esse
1456 3100 1542 3180 passi
1561 3112 1637 3177 sunt,

289 3198 323 3251 ιιι
344 3188 374 3249 in
400 3187 549 3249 coelorum
574 3189 695 3251 orbibus
719 3189 897 3253 inhaereret.

380 3278 481 3358 Atque
509 3278 583 3339 haec
607 3277 716 3340 mentis
740 3287 773 3339 et
795 3280 911 3341 animae
935 3279 1086 3359 copulatio
1110 3298 1182 3342 sane
1206 3297 1349 3360 perquam
1373 3286 1579 3341 consentanea
1593 3287 1638 3341 est

288 3365 520 3447 particularibus
545 3375 781 3430 astronomomm
805 3369 1130 3432 animadversionibus:
1164 3369 1301 3450 quamvis
1322 3367 1569 3449 philosophorum
1588 3388 1636 3431 at·

289 3455 474 3536 gumentatic
508 3456 607 3536 patius
640 3457 849 3538 metaphysica
881 3459 931 3520 sit.
982 3459 1062 3520 Nam
1091 3467 1124 3520 ut
1152 3459 1181 3520 in
1209 3457 1326 3520 homine
1350 3457 1483 3520 aliaest
1506 3457 1634 3520 facultas

289 3563 426 3618 movens,
452 3543 513 3605 alia
535 3555 673 3607 movente
698 3547 843 3608 facultate
867 3557 965 3620 utens,
988 3548 1137 3622 voluutas,
1162 3547 1324 3608 secundum
1347 3545 1458 3608 indicia
1486 3564 1634 3620 sensuum,

290 3634 340 3716 qni
376 3642 409 3695 et
438 3633 644 3696 instrumentis
675 3655 694 3696 a
727 3636 871 3698 facultate
901 3645 1038 3700 movente
1070 3637 1209 3699 differunt
1232 3645 1264 3698 et
1287 3635 1418 3699 fabricae
1440 3634 1636 3715 praestantia,

289 3740 365 3805 quae
396 3720 426 3784 in
460 3741 600 3786 sensnum
628 3723 750 3803 organis
774 3732 823 3787 est
845 3725 1048 3789 admirabilior
1071 3746 1160 3808 quarn
1190 3726 1221 3788 iu
1245 3725 1401 3788 facultatis
1424 3724 1560 3788 matricis
1584 3743 1637 3786 re-

289 3810 411 3875 laiculis:
437 3810 490 3887 ita,
515 3812 541 3874 si
564 3812 725 3892 hasipscs
749 3814 837 3877 arbes
860 3815 1073 3878 Aristotelicas
1092 3816 1130 3878 ad
1146 3814 1409 3896 contemplandum
1426 3832 1637 3894 proponamus,

291 3902 348 3964 dno
372 3899 459 3963 nobis
483 3911 657 3964 occurrent:
689 3903 745 3965 vis
776 3903 913 3967 matrix
937 3903 1001 3966 arbi
1025 3905 1151 3966 rotunda
1175 3904 1342 3980 sufficiens,
1366 3922 1403 3965 ex
1426 3901 1512 3983 cujus
1536 3903 1636 3984 vigore

290 3999 322 4054 et
343 3990 495 4053 constanti
519 3990 692 4054 fortitudine
720 4001 837 4072 tempus
870 3994 1081 4056 resolutoriam
1112 3993 1220 4067 oritur,
1254 4001 1286 4055 et
1314 3993 1456 4074 plaga,
1490 3989 1520 4054 ia
1551 4010 1637 4073 quam

249 4120 253 4125 -
290 4078 437 4143 eundum:
461 4098 584 4161 quarum
606 4081 659 4143 illa
671 4080 791 4144 animali
809 4084 945 4145 facultati
960 4083 1071 4145 rectius
1086 4082 1321 4158 transscribitur,
1337 4082 1411 4144 baec
1425 4098 1497 4142 vero
1512 4091 1636 4145 natum

289 4167 470 4247 intelligenti
508 4178 561 4231 ant
596 4171 730 4234 memori.
786 4173 865 4235 Nam
896 4173 953 4234 etsi
988 4171 1105 4253 quidem
1138 4191 1191 4252 per
1214 4172 1291 4234 hanc
1315 4171 1500 4233 soliditatem
1523 4170 1637 4235 orbium

290 4256 425 4321 omnibus
448 4258 566 4321 omnino
590 4260 720 4322 motibus
743 4281 796 4324 seu
820 4262 1006 4342 apparentiis
1029 4261 1210 4324 caelestibus
1232 4260 1277 4324 ita
1299 4268 1490 4341 prospectum
1514 4268 1582 4334 eat,
1605 4268 1637 4321 ut

288 4345 495 4430 providentiae
527 4350 698 4428 praesidum
722 4350 913 4414 maturiorum
938 4350 1121 4431 relinquatur
1150 4351 1238 4417 nihil.
1271 4349 1367 4413 amuis
1399 4367 1470 4411 vero
1504 4349 1637 4412 varietas

290 4446 421 4500 motuum
454 4456 491 4500 ex
523 4437 720 4519 dispositione
755 4448 785 4500 et
813 4441 985 4520 pluralitate
1014 4439 1127 4501 arbium
1150 4439 1370 4520 proficiscatur,
1401 4437 1636 4522 necquicquam

290 4524 371 4589 aliud
394 4526 572 4607 requiratur,
600 4548 688 4609 quam
713 4537 746 4589 ut
768 4528 885 4591 animae
909 4528 1048 4592 matrices
1073 4529 1224 4609 accipiant
1237 4538 1269 4591 et
1283 4528 1433 4591 retineant
1448 4546 1537 4591 sunm
1552 4527 1637 4611 viga·

289 4633 370 4690 rem,
403 4623 435 4680 et
464 4616 600 4697 aprima
633 4617 794 4679 creationis
826 4619 911 4681 initia
941 4620 970 4681 in
994 4619 1114 4699 plagam
1138 4619 1291 4700 quaelibet
1313 4637 1399 4680 suam
1421 4617 1586 4682 incitentur
1606 4628 1638 4680 et

290 4705 376 4785 qnasi
409 4724 425 4767 e
456 4706 627 4768 carceribus
657 4706 685 4767 in
716 4706 817 4785 spatia
846 4707 1050 4770 dimittantur:
1080 4715 1181 4769 tamea
1214 4706 1463 4770 considerandum
1487 4717 1552 4783 est,
1580 4706 1635 4770 bac

290 4791 385 4875 ipsum
408 4795 517 4859 mentis
540 4794 620 4892 illius
643 4813 798 4874 supremae
822 4815 896 4877 apua
919 4816 998 4869 esse.
1020 4796 1173 4879 planetam
1189 4796 1350 4879 quemlibet
1363 4797 1394 4860 iu
1409 4797 1634 4881 plagamsnam.

937 4890 1018 4983 else

986 4974 1009 5007 7
