3374 5528
557 249 625 372 ‘Pars
642 314 736 389 Primo,
772 317 854 386 Caput
871 314 904 372 V.
1346 321 1408 396 ¹87

54 502 175 556 tautum
199 492 368 576 quantitate
397 497 632 563 eccentricitatis
661 505 787 560 mutata.
836 498 912 561 Cum
936 506 1037 562 autem
1066 507 1179 562 certum
1203 502 1261 578 sit,
1295 523 1354 565 uno
1378 511 1409 564 et

55 585 161 645 eodem
194 595 327 666 ternpore
360 587 515 664 planetam
538 588 567 648 in
593 588 677 648 coelo
702 607 790 649 unum
815 596 847 649 et
870 590 949 650 idem
974 589 1030 650 iter
1060 590 1223 665 conficere,
1256 611 1312 653 non
1337 611 1408 654 vero

54 674 138 735 aliud
169 675 343 736 observanti
367 694 403 736 ex
428 681 462 750 d,
492 677 573 737 aliud
602 697 639 738 ex
661 697 698 737 a:
731 687 844 738 certum
873 679 964 757 igitur
986 686 1018 738 et
1041 678 1097 739 hoc
1131 687 1195 754 est,
1230 699 1287 741 non
1318 700 1408 759 posse

54 764 210 842 planetam
235 764 421 826 observatori
445 765 562 846 utrique
588 768 635 838 (et
658 765 707 846 qui
727 765 755 825 in
771 791 791 828 α
810 777 841 828 et
865 768 914 847 qui
934 768 962 828 iu
979 769 1009 841 d)
1033 767 1128 828 videri
1152 769 1286 848 aequalis
1310 780 1408 831 motus

54 853 162 914 eodem
195 864 338 935 tempore.
386 853 436 916 Sit
469 855 546 916 enirn
577 855 674 936 portio
701 855 764 915 veri
798 855 914 917 itineris
947 856 1106 935 planetarii
1134 879 1184 934 ιη,
1216 867 1305 938 atque
1335 859 1408 919 illud

53 943 196 1004 conficiat
219 944 344 1023 planeta
367 951 449 1006 certo
472 952 627 1023 tempore,
651 951 726 1023 puta
754 944 859 1006 diebus
883 942 941 1008 20:
973 965 1039 1007 cum
1067 945 1158 1024 igitur
1180 971 1200 1007 a
1224 948 1265 1008 sit
1287 949 1408 1028 propius

54 1052 87 1106 ιη
110 1050 200 1108 quam
224 1038 254 1102 d,
289 1032 385 1111 major
417 1032 509 1111 igitur
541 1033 700 1112 apparebit
724 1054 756 1109 ιη
778 1034 807 1093 in
832 1058 867 1108 a,
902 1054 992 1113 quam
1022 1036 1051 1096 in
1074 1039 1101 1108 d,
1125 1053 1179 1113 per
1201 1036 1409 1116 demonstrata

54 1122 167 1198 optica,
193 1141 263 1200 ergo
288 1121 393 1182 iisdem
417 1119 460 1185 20
483 1122 589 1183 diebus
612 1122 735 1200 planeta
758 1123 824 1200 plus
848 1123 998 1184 videbitur
1020 1135 1177 1203 promotus
1201 1125 1227 1184 ei
1252 1124 1300 1204 qui
1324 1125 1354 1185 in
1378 1148 1408 1196 α,

55 1210 195 1287 quernei
221 1210 322 1290 quiin
348 1216 374 1271 d.
422 1213 470 1273 Ac
499 1229 563 1272 cum
597 1211 723 1291 quilibet
753 1211 877 1292 planeta
904 1220 1050 1291 perpetuo
1083 1222 1196 1274 certum
1225 1223 1256 1273 et
1283 1212 1409 1274 eundem

54 1307 177 1359 tueatur
201 1318 352 1361 numerum
376 1299 500 1373 dierum,
526 1300 632 1381 quibus
656 1299 824 1361 restituitur
848 1301 886 1360 ad
902 1301 980 1361 idem
995 1302 1119 1362 fixarum
1133 1312 1283 1379 punctum,
1309 1302 1406 1362 tardi·

54 1394 150 1448 tatem
175 1390 327 1451 contraria
350 1389 508 1451 celeritate
532 1388 720 1471 compensari
748 1398 878 1467 oportet.
926 1388 1002 1450 Cum
1031 1409 1101 1467 ergo
1134 1389 1257 1468 planeta
1280 1391 1309 1451 in
1334 1410 1407 1469 por·
1489 1423 1494 1433 ·

55 1475 137 1537 tione
162 1499 194 1553 ιη
217 1478 355 1539 videatur
378 1479 494 1541 tardior
517 1478 544 1539 ei
568 1478 671 1559 quiin
695 1483 726 1546 d,
759 1477 788 1538 in
813 1477 874 1539 alia
896 1479 988 1558 igitur
1015 1479 1153 1556 portione
1185 1481 1282 1541 eidem
1306 1479 1355 1559 qui
1379 1480 1408 1541 iu

55 1565 249 1627 ovidebitur
272 1567 412 1644 velocior,
438 1587 527 1650 quarn
551 1567 579 1629 ei
602 1567 653 1648 qui
676 1566 705 1628 in
729 1590 759 1628 α.
806 1567 893 1630 Unde
922 1569 964 1640 fit,
989 1575 1022 1629 ut
1050 1567 1108 1628 alio
1135 1568 1200 1628 loco
1219 1568 1409 1631 tardissimus

53 1665 204 1733 appareat
227 1657 254 1717 ei
278 1656 328 1737 qui
352 1657 380 1717 in
406 1663 431 1732 d,
458 1658 516 1719 alio
541 1657 568 1720 ei
592 1657 641 1737 qui
665 1657 694 1718 iu
719 1679 750 1717 α.
797 1657 867 1735 Ipse
892 1665 991 1719 tamen
1020 1658 1144 1736 planeta
1171 1658 1326 1718 verissime
1351 1677 1407 1719 uon

52 1754 157 1822 potest
180 1745 237 1806 nisi
260 1766 319 1808 uno
343 1746 371 1806 in
397 1747 462 1807 loco
486 1766 558 1808 suae
583 1746 699 1807 orbitae
724 1745 912 1807 tardissimus
938 1765 1015 1808 ease.

142 1833 201 1894 His
235 1834 279 1895 ita
311 1835 501 1914 praeparatis
524 1835 696 1918 quaeritur,
730 1854 767 1895 an
791 1854 880 1896 unum
904 1844 936 1897 et
959 1836 1036 1896 idem
1061 1853 1161 1895 verum
1186 1835 1215 1895 in
1240 1836 1324 1897 coelo
1348 1836 1407 1898 iter

51 1922 195 2000 planetae
230 1924 324 2005 (quod
351 1925 616 2004 praesupponitur)
651 1932 793 2005 utrasque
825 1924 1030 2004 apparitiones
1053 1933 1281 2006 repraesentare
1305 1925 1404 2004 possit

51 2020 83 2070 et
111 2010 139 2073 ei
165 2013 266 2092 quiin
290 2013 408 2074 detei
433 2014 482 2094 qui
506 2014 534 2075 in
559 2038 597 2089 α,
631 2013 747 2092 utrique
785 2032 856 2074 suas
887 2022 919 2076 et
942 2014 1037 2088 tales,
1076 2014 1179 2094 quales
1203 2013 1407 2077 Ptolemaioae

51 2102 161 2162 calculi
191 2103 304 2165 formae
328 2102 466 2183 utrinque
491 2103 659 2164 concedunt
682 2111 714 2164 et
736 2101 908 2164 admittunt.

142 2189 259 2260 Quodsi
291 2193 417 2273 planeta
444 2192 476 2254 in
499 2192 635 2253 omuibus
664 2191 780 2253 orbitae
804 2193 940 2270 partibus
964 2186 1109 2272 aequalis
1125 2189 1292 2254 celeritatis
1316 2201 1408 2264 esset,

52 2281 287 2360 responderetur
318 2302 372 2362 per
404 2289 495 2360 caput
518 2281 655 2354 tertium,
687 2276 766 2360 quod
796 2281 848 2343 sio.
896 2280 958 2343 Sed
982 2282 1052 2362 quia
1074 2281 1198 2360 planeta
1220 2281 1249 2341 in
1274 2300 1331 2342 uuo
1355 2300 1408 2344 ec-

51 2370 178 2431 centrici
204 2368 491 2433 loco‘tardissimus
516 2377 564 2431 est
587 2389 660 2431 vera
683 2379 714 2430 et
737 2370 811 2430 reali
835 2389 933 2441 mora,
961 2371 990 2431 in
1015 2370 1154 2450 opposito
1186 2369 1405 2445 velocissimus,

53 2459 119 2519 ideo
144 2460 400 2538 respondendum,
434 2460 512 2540 quod
536 2479 595 2521 non
623 2459 723 2540 plane.
771 2457 874 2520 Causa
900 2460 976 2520 haec
1000 2468 1063 2534 est,
1097 2460 1174 2540 quod
1202 2459 1278 2519 duae
1307 2468 1408 2523 retar-

53 2548 195 2609 dationes
218 2550 453 2628 permiaceutur;
477 2549 576 2611 altera
591 2548 681 2610 realis
702 2555 732 2608 st
746 2547 873 2629 physica
892 2548 919 2609 in
935 2567 993 2609 uuo
1017 2548 1176 2610 eccentrici
1201 2548 1285 2621 looo;
1310 2550 1408 2610 altera

53 2637 158 2718 optica
181 2647 214 2698 et
237 2658 395 2718 apparens,
420 2638 450 2699 in
474 2639 541 2699 loco
564 2657 622 2717 nou
643 2637 708 2716 jam
732 2656 799 2711 uno,
824 2638 878 2697 sed
901 2636 968 2712 illo,
994 2638 1044 2717 qui
1067 2657 1086 2698 a
1109 2637 1242 2717 quolibet
1265 2646 1406 2718 suscepto

53 2727 136 2788 visus
161 2728 222 2788 situ
246 2727 463 2790 remotissimus
487 2736 544 2790 est.
583 2725 712 2799 Quando
736 2744 807 2804 ergo
831 2726 914 2786 visus
928 2750 948 2787 α
972 2726 1001 2787 in
1025 2727 1134 2787 lineam
1158 2728 1250 2806 perd
1273 2737 1407 2789 centrum

53 2816 216 2877 eccentrici
249 2825 281 2878 et
307 2840 322 2897 y
349 2825 483 2880 centrum
516 2816 674 2897 aequantia
706 2815 827 2879 ductam
860 2815 977 2890 incidit,
1011 2816 1040 2876 iu
1073 2823 1159 2895 parte
1194 2816 1290 2878 lineae
1320 2826 1405 2879 stans

53 2904 195 2984 opposita
219 2905 272 2979 illi,
297 2898 382 2987 quae⁸
397 2906 518 2984 habety
541 2916 676 2967 centrum
700 2903 869 2985 aequantia,
895 2906 1107 2984 tunchtraque
1130 2906 1261 2967 tarditas
1284 2906 1312 2967 in
1328 2906 1405 2967 idem

51 3003 195 3072 punctum
219 2995 343 3058 fixarum
366 3014 471 3057 versus
494 3020 504 3056 ι
525 2995 653 3073 vergitz
682 2990 810 3062 Quando
836 3012 906 3053 vero
931 2993 1060 3055 discedit
1081 2993 1163 3055 visus
1188 3013 1225 3055 ex
1247 2995 1303 3055 hac
1326 2995 1407 3056 line'a

52 3092 85 3144 ut
109 3083 138 3143 in
163 3089 195 3157 d,
220 3091 291 3146 tunc
320 3086 420 3165 ejecta
446 3091 530 3147 recta
559 3103 596 3145 ex
620 3089 637 3144 δ
663 3101 716 3161 per
739 3083 759 3157 β
787 3090 923 3143 centrum
950 3083 1053 3144 circuli
1084 3083 1218 3144 ostendit
1250 3084 1405 3145 tarditatis

52 3172 171 3250 opticae
196 3174 291 3234 locum
306 3196 333 3252 η,
357 3194 424 3237 cum
447 3192 520 3235 vera
544 3181 575 3233 et
597 3171 721 3252 physica
745 3171 869 3232 iussit.
907 3172 1009 3252 Atque
1029 3172 1133 3233 harum
1157 3171 1405 3251 inaequalitatum

51 3280 104 3320 seu
130 3263 367 3325 retardationum
396 3266 494 3325 altera
523 3263 651 3323 alteram
680 3259 782 3334 diluit,
811 3262 1093 3343 accumulanturque
1124 3260 1153 3323 in
1182 3261 1279 3322 locum
1308 3262 1403 3323 iuter-

51 3350 181 3411 medium
206 3352 285 3413 inter
307 3378 326 3426 r,
349 3375 375 3431 q,
398 3362 432 3414 ut
455 3353 481 3414 si
506 3371 543 3412 ex
566 3356 584 3410 d
605 3369 660 3430 per
685 3371 699 3427 y
722 3349 801 3409 linea
825 3350 984 3429 ejiceretur
1009 3351 1040 3411 iu
1064 3359 1205 3429 punctum
1228 3347 1252 3421 ζ.
1299 3351 1406 3433 Itaque

51 3440 76 3499 si
102 3439 170 3518 quis
194 3441 249 3503 tali
272 3442 387 3503 calculo
412 3440 560 3515 uteretur,
590 3441 619 3500 r'n
645 3456 701 3518 quo
726 3439 768 3513 δβ
791 3448 874 3500 esset
901 3439 1037 3518 apsidum
1066 3438 1225 3501 eccentrici
1250 3440 1344 3517 linea,
1368 3443 1406 3521 βγ

52 3547 124 3589 vero
158 3528 238 3592 linea
266 3531 500 3593 eccentricitatis
533 3527 712 3608 aequantia,
742 3534 812 3588 tunc
840 3526 959 3608 quidem
992 3537 1133 3590 manente
1164 3529 1307 3608 planetae
1335 3549 1405 3593 vero

51 3618 160 3679 itinere
184 3641 217 3696 ιη
239 3629 516 3700 repraesentaretur
540 3618 621 3680 aliud
646 3618 675 3678 in
699 3621 716 3676 d
739 3635 827 3695 quam
850 3616 879 3676 in
903 3637 940 3678 a:
964 3637 1033 3678 nam
1057 3618 1085 3679 ei
1108 3616 1157 3699 qui
1181 3619 1210 3679 in
1235 3624 1259 3688 δ,
1283 3621 1407 3698 planeta

51 3706 245 3771 tardissimus
269 3719 352 3771 esset
374 3706 451 3784 ἰιιζ,
477 3708 505 3769 ei
529 3708 577 3790 qui
602 3708 631 3768 in
649 3731 679 3780 α,
704 3704 895 3766 tardissimus
919 3706 948 3767 in
961 3731 980 3766 r.
1019 3707 1064 3769 At
1088 3726 1146 3768 non
1169 3709 1231 3769 tale
1255 3710 1406 3790 quippiam

52 3796 80 3856 in
107 3802 124 3856 ὅ
148 3807 436 3876 repraesentaretur,
462 3798 539 3878 quod
564 3815 618 3876 per
641 3793 820 3894 hypothesin
844 3794 935 3877 priori
958 3796 1140 3858 conformem
1164 3800 1405 3877 suprapostula-

51 3887 149 3947 vimus
173 3889 393 3966 repraesentari
418 3888 537 3949 debere
584 3885 735 3947 Differunt
766 3883 844 3944 enim
876 3884 1084 3965 hypothesium
1114 3887 1226 3948 formae
1251 3906 1303 3959 eo,
1328 3889 1405 3968 quod

50 3975 113 4035 illic
136 3975 158 4051 β
184 3977 312 4038 medium
336 3977 427 4039 estin
447 3999 486 4055 ay
509 3974 603 4056 (quod
627 3983 658 4035 et
679 3971 806 4052 physica
828 3966 905 4034 ratio
928 3975 1081 4053 postulat,
1106 3975 1133 4036 si
1152 3975 1180 4035 in
1203 3998 1223 4036 α
1246 3977 1287 4037 sit
1309 3979 1404 4040 virtus

50 4068 192 4138 movens)
225 4066 273 4127 hic
301 4085 372 4128 vero
395 4068 415 4143 β
442 4075 578 4126 centrum
608 4060 767 4124 eccentrioi
795 4079 853 4122 nou
884 4069 967 4123 esset
994 4063 1122 4127 medium
1149 4064 1229 4127 inter
1256 4071 1288 4142 d,
1313 4085 1404 4146 yneo

51 4153 131 4214 linea
156 4154 390 4218 eccentricitatis
414 4154 571 4235 aequantia
596 4154 645 4226 (ut
659 4150 735 4222 illic)
759 4169 813 4229 per
836 4151 964 4212 visunt
987 4153 1146 4216 transiret.
1171 4173 1247 4233 quae
1272 4156 1298 4216 si
1313 4156 1405 4218 etiam

50 4243 199 4305 transiret
219 4250 318 4325 perd,
343 4249 440 4327 utOy,
465 4263 525 4306 uon
548 4251 650 4323 tamen
674 4247 793 4301 secaret
816 4240 1014 4303 eccentrioum
1037 4243 1138 4305 induo
1164 4245 1311 4324 aequalia,
1335 4245 1405 4326 quia

50 4352 110 4394 non
136 4333 165 4394 in
190 4342 294 4395 centro
318 4335 346 4409 β,
371 4352 426 4397 nso
448 4340 605 4417 pateretur
627 4326 815 4410 planetam
806 4347 836 4389 m
857 4329 930 4391 locis
954 4332 1102 4413 oppositis
1128 4332 1195 4394 hinc
1219 4335 1313 4396 videri
1337 4342 1403 4394 tar·

50 4422 217 4497 dissimum,
242 4423 310 4485 inde
334 4420 564 4487 velocissimum

141 4509 218 4575 Cum
242 4530 313 4593 ergo
336 4516 473 4586 constat,
494 4514 645 4573 manente
675 4504 764 4587 plane
803 4507 912 4569 eodem
939 4506 1047 4571 itinere
1078 4510 1183 4590 planet
1185 4530 1221 4571 ae
1253 4510 1282 4569 in
1307 4490 1454 4586 coelo,'⁵*

49 4623 108 4665 nou
132 4621 224 4684 posse
248 4602 343 4682 plane
361 4600 487 4665 eandem
508 4616 685 4681 permanere
706 4596 833 4656 formam
849 4595 1064 4681 hypotheseos,
1089 4599 1241 4680 quaeritur
1255 4599 1402 4678 amplius:

48 4694 77 4754 si
101 4691 280 4755 instituatur
303 4691 407 4753 eadem
431 4690 526 4752 forma
548 4685 779 4769 hypotheseos
771 4704 800 4745 m
825 4689 857 4759 d,
874 4694 1019 4768 quantum
1034 4697 1164 4749 mutetur
1182 4688 1238 4749 iter
1259 4688 1401 4766 planetae

49 4803 69 4843 a
101 4780 194 4862 priori
227 4788 258 4842 et
290 4788 432 4883 quantum
464 4779 539 4841 haec
572 4794 651 4837 nova
682 4772 834 4836 institutio
857 4772 1060 4858 hypotheseos
1086 4796 1122 4836 ex
1145 4782 1162 4835 δ
1185 4776 1339 4838 variatura
1361 4779 1403 4841 sit

48 4870 168 4952 priores
197 4868 390 4951 apparentiae
415 4867 445 4931 iu
469 4889 500 4930 α.
547 4865 664 4961 Primo,
696 4861 723 4926 si
746 4860 912 4928 collocetur
935 4873 1070 4928 centrum
1093 4865 1253 4948 aequantia
1276 4884 1313 4928 ex
1335 4888 1351 4947 γ
1372 4866 1403 4931 in

1001 5058 1038 5117 ψ.
