3368 5534
279 300 342 369 m
691 299 793 355 Literae
810 300 912 367 Kepleri
931 297 1084 368 aliorumque
1100 307 1202 355 mutuae

277 486 388 560 aequet
419 497 577 541 excessum
609 479 767 541 secantis?
812 477 878 557 Ego
911 477 1116 558 quaestionem
1147 499 1206 541 non
1235 478 1391 556 transtuli,
1424 480 1480 543 sed
1510 499 1632 544 cansam

276 567 407 632 iudicavi
430 577 462 630 et
485 568 601 647 ellipsis
625 578 656 629 et
679 587 847 630 mensurae.
894 568 978 630 Mars
1002 568 1095 630 habet
1127 571 1185 630 vim
1218 570 1435 648 magneticam,
1469 589 1548 652 qnae
1580 589 1633 650 pro

275 658 392 722 ratione
411 657 614 720 inclinationis
629 658 695 718 axis
719 655 880 735 magnetici
905 657 945 717 ad
959 655 1060 719 Solem
1077 658 1194 719 accedit
1217 668 1248 720 et
1271 658 1310 720 ab
1333 678 1368 721 eo
1384 659 1517 732 receditt
1541 660 1629 722 lorti-

277 747 349 809 tudo
374 765 514 808 accessus
542 747 658 808 ratione
681 746 808 827 physica
836 754 1025 807 mensuratur
1047 768 1067 808 a
1090 747 1156 808 sion
1188 747 1290 829 anguli
1320 747 1540 811 inclinationis.
1584 747 1632 811 Ex

280 837 336 900 hac
370 834 554 898 fortitudinis
590 834 757 896 variatione
789 834 919 895 resultat
951 834 1030 896 ultro
1063 836 1211 915 regularis
1249 836 1369 898 libratio
1400 837 1512 898 hiantis
1544 836 1631 920 quasi

276 926 305 988 in
327 923 475 986 diametro
500 923 624 1007 epicycli
650 923 802 996 (libratio,
827 923 961 1003 inquam,
991 923 1030 986 ad
1053 943 1181 1004 unguem
1207 925 1295 998 talis,
1319 926 1417 1005 qualis
1440 935 1490 988 est
1514 925 1541 986 si
1564 925 1631 1005 epi·

276 1015 379 1096 cyclus
408 1012 438 1075 in
467 1012 656 1074 concentrico
685 1020 840 1087 statuatur
868 1011 1034 1092 inaequalis
1063 1022 1176 1088 motus,
1208 1014 1291 1076 Mars
1315 1033 1387 1076 vero
1417 1032 1475 1076 non
1511 1013 1542 1077 in
1566 1015 1631 1094 ejus

277 1101 535 1176 circumferentia,
567 1102 621 1162 sed
653 1101 682 1163 in
708 1101 772 1179 ejus
796 1100 942 1161 diametro
966 1120 1034 1172 esse
1068 1097 1226 1182 ponatur).
1272 1098 1320 1163 Er
1350 1102 1511 1166 libratione
1543 1122 1632 1184 porro

277 1193 406 1256 resultat
429 1192 509 1254 ultro
532 1190 582 1251 via
606 1189 741 1270 elliptica
765 1198 796 1250 et
819 1189 974 1269 quantitas
998 1199 1135 1253 resectae
1159 1192 1289 1254 lnnnlae.
1337 1189 1370 1254 Si
1395 1191 1528 1255 enimin
1552 1211 1629 1254 ano·

277 1281 369 1343 malla
392 1280 523 1342 eccentri
538 1275 599 1343 90⁰
613 1279 781 1341 absolvitur
805 1277 929 1339 dimidia
953 1279 1084 1349 libratio,
1109 1299 1175 1342 cum
1196 1279 1325 1342 nondum
1349 1291 1420 1342 tunc
1443 1280 1485 1343 sit
1509 1279 1633 1343 dimidie

277 1370 343 1433 axis
367 1369 404 1430 ad
430 1368 532 1431 Solem
556 1367 712 1430 inclinatio
737 1368 786 1440 (ut
808 1366 944 1428 nimirum
968 1387 1060 1448 sopra
1084 1368 1205 1446 libratio
1229 1369 1270 1431 sit
1294 1370 1409 1431 tardior
1433 1386 1521 1451 quem
1545 1371 1633 1439 inira,

279 1460 358 1521 sicut
386 1468 436 1520 est
465 1467 498 1519 et
529 1457 597 1537 ipsa
620 1457 772 1519 anomalia
795 1457 957 1530 eccentri),
991 1475 1062 1536 ergo
1095 1458 1124 1520 in
1158 1458 1211 1519 illa
1234 1458 1384 1521 anomalia
1413 1459 1547 1522 eccentri
1574 1453 1634 1522 90·

278 1548 403 1628 planeta
423 1546 519 1609 distat
534 1545 629 1620 radio,
655 1545 725 1625 quia
740 1544 873 1606 absolvit
887 1545 1141 1608 semidiametrnm
1166 1547 1348 1622 librationis;
1373 1555 1406 1609 at
1419 1548 1445 1610 si
1461 1548 1489 1610 iu
1504 1548 1632 1610 circom-

278 1636 409 1698 lerentia
431 1634 595 1697 mansisset
619 1634 762 1716 epicycli,
787 1632 951 1695 distitisset
974 1642 1096 1696 secante
1120 1637 1308 1716 aequationis
1332 1637 1462 1717 opticae.
1509 1638 1631 1717 Appro·

273 1725 402 1806 pinquat
423 1724 531 1804 igitur,
566 1724 615 1786 ubi
638 1723 782 1798 maxime,
817 1740 944 1783 excessu
968 1724 1101 1786 secantis
1132 1743 1223 1803 supra
1246 1725 1370 1788 radium.
1417 1726 1503 1788 Haec
1533 1726 1632 1787 omnia

278 1813 545 1895 geometriciesime
571 1812 740 1886 cohaerent,
766 1822 800 1873 ut
821 1811 938 1875 videbis
961 1812 1031 1875 olim
1053 1811 1118 1875 Deo
1143 1814 1272 1877 volente.

355 1921 540 1972 'Fabricium
559 1918 607 1969 Ubi
626 1920 747 1970 rationem
764 1931 836 1969 meae
854 1918 995 1983 hypothesis
1013 1920 1126 1985 integrae
1144 1920 1216 1983 plene
1234 1922 1439 1978 consideraveris,
1458 1919 1553 1970 ridebis
1571 1920 1630 1969 laci-

276 1992 388 2053 lltatsrh,
417 1992 605 2042 consonantiam
632 1999 658 2040 st
685 1990 873 2047 certitudinem,
902 1998 927 2040 et
954 1990 1121 2043 admiraberis.
1159 1991 1214 2041 Hoc
1240 2006 1296 2042 rere
1313 1992 1357 2041 tibi
1377 1984 1500 2042 affirmare
1519 2004 1631 2056 poma

276 2077 368 2130 quasso
385 2062 491 2120 saltem,
519 2069 548 2112 nt
573 2063 694 2112 rationem
716 2076 760 2125 per
783 2059 798 2110 ³
825 2061 964 2125 parallaxes
982 2063 1067 2111 ordine
1085 2062 1232 2126 procedendi
1257 2076 1273 2112 a
1298 2065 1373 2127 primo
1392 2063 1424 2113 ad
1442 2063 1557 2112 nltimam
1574 2062 1631 2112 ἡ

277 2135 423 2201 psmcmbm.
443 2142 471 2185 nt
490 2131 522 2196 Θ
543 2134 625 2183 orbern
644 2148 699 2182 cnm
719 2132 744 2193 0¹
765 2133 903 2183 eccentrico
922 2146 966 2196 per
983 2147 1052 2182 meas
1072 2135 1254 2184 observationes
1273 2136 1379 2199 pressius
1398 2133 1511 2184 conferre
1528 2134 1632 2198 ped-3

281 2215 338 2272 post
353 2208 476 2271 integram
494 2219 576 2255 msam
594 2203 741 2269 hypothesin
760 2218 816 2254 cum
835 2204 1044 2254 demonstratione
1057 2213 1083 2255 et
1095 2206 1213 2269 exemplis
1224 2204 1335 2255 habebis.
1372 2204 1441 2266 ¹Scito
1453 2219 1494 2255 me
1513 2205 1632 2255 dictam

278 2278 469 2343 cogitationibus
487 2277 580 2342 ingenii
597 2279 659 2326 rlres
677 2275 752 2339 plane
770 2276 941 2339 prostravissm
961 2277 1044 2338 putari
1057 2278 1123 2326 enim
1143 2280 1196 2326 non·
1209 2276 1418 2329 committendum.
1438 2283 1467 2326 nt
1484 2275 1632 2340 hypotheses

280 2355 356 2399 nnta
374 2348 520 2398 difficultate
538 2348 657 2397 laborent
688 2345 717 2394 ln
730 2361 758 2396 co
771 2347 880 2396 laborari
892 2361 996 2409 semper,
1016 2355 1043 2396 nt
1061 2353 1170 2396 motuum
1189 2361 1279 2398 causas
1296 2362 1369 2398 raras
1383 2349 1541 2412 inquirerem.
1559 2359 1633 2413 qua

277 2427 304 2470 et
322 2421 461 2470 laboremus
479 2426 594 2484 nmrqne,
622 2424 698 2468 ntea
717 2414 732 2465 3
752 2417 905 2479 acronychlis
923 2419 1087 2482 inquiramus.
1115 2418 1180 2483 qnod
1198 2427 1225 2469 tn
1244 2433 1274 2468 ea
1292 2421 1310 2468 4
1327 2420 1397 2469 iacis.
1435 2418 1565 2469 Habemus
1582 2432 1631 2468 raa

275 2493 304 2541 in
320 2492 441 2548 manibus.
460 2490 532 2540 modo
551 2491 644 2554 ingenii
663 2490 698 2537 tui
717 2489 854 2539 subtilitate
872 2491 936 2537 siam
955 2493 1081 2539 ostensam
1099 2490 1218 2541 excedere
1237 2489 1417 2555 aliquantulum
1434 2490 1505 2540 selis.
1537 2488 1629 2552 ossas

278 2564 385 2613 maxime
411 2567 473 2613 tuae'
493 2560 622 2625 hypothesi
649 2559 777 2609 inhaerere
800 2559 917 2615 volneris.
946 2567 1031 2610 tamen
1058 2562 1078 2609 si
1105 2574 1187 2610 meam
1215 2563 1264 2611 tuis
1283 2560 1470 2611 commentariis
1497 2558 1632 2627 adinum

278 2635 391 2690 volueris,
409 2634 435 2682 in
453 2633 561 2698 gratiam
579 2630 766 2694 astrophilorum
784 2645 833 2679 non
852 2631 1010 2682 detrectabo.
1038 2631 1110 2681 mode
1128 2633 1165 2681 ita
1192 2634 1240 2682 tuis
1268 2634 1341 2683 rebus
1358 2633 1436 2681 risum
1455 2633 1545 2688 inerit:
1573 2631 1631 2681 aas

276 2719 324 2771 ego
342 2719 448 2770 quaero,
466 2716 541 2769 qnam
559 2704 618 2751 artis
637 2702 766 2752 raritatem
784 2701 963 2765 multorumque
982 2702 1123 2753 utilitatem.
1161 2703 1233 2754 Haec
1251 2711 1323 2762 sunt,
1348 2717 1412 2769 qnae
1431 2704 1462 2754 de
1480 2718 1539 2754 mea
1555 2702 1630 2768 hypo

279 2776 342 2827 thesi
360 2782 387 2826 et
405 2772 421 2824 3
440 2774 595 2838 acronychiia
614 2772 709 2823 cdeulo
728 2787 794 2822 nnnc
813 2773 889 2822 insius
907 2774 950 2823 tibi
969 2773 1096 2824 declarare
1115 2774 1188 2823 solui.
1226 2775 1306 2842 Pergo
1325 2791 1391 2825 nunc
1409 2775 1441 2825 ad
1460 2776 1521 2825 alia.

365 2864 570 2944 Keplerus:
596 2860 684 2934 Quod
708 2863 815 2941 tojam
840 2863 926 2943 qnasi
946 2864 1045 2925 causis
1068 2864 1198 2926 inventis
1215 2866 1254 2926 ad
1268 2865 1386 2927 somnia
1408 2873 1462 2927 tua
1476 2863 1630 2938 relaberis,

277 2952 314 3016 de
338 2953 448 3027 causis,
473 2972 525 3014 cur
548 2949 568 3014 3
593 2951 774 3034 acronychia
793 2971 850 3013 non
866 2953 1047 3015 concludant
1064 2952 1262 3035 hypothesin,
1287 2955 1381 3016 habes
1405 2955 1632 3035 responsionem

278 3060 380 3123 supra
427 3041 473 3103 Tu
494 3049 656 3122 postquam
680 3041 730 3102 diu
755 3042 901 3119 fatigatus
926 3042 1025 3115 inisti,
1050 3044 1171 3104 tandem
1195 3044 1338 3105 invenisti
1362 3042 1491 3122 sinopem
1514 3044 1630 3114 calculi.

279 3140 434 3194 ettamen
458 3129 583 3202 suades,
613 3139 647 3192 nt
671 3130 746 3191 hauc
770 3130 850 3192 viam
873 3149 949 3204 eam,
974 3150 1034 3211 qna
1056 3150 1131 3212 opus
1155 3151 1212 3193 non
1237 3132 1344 3195 habeo.
1390 3132 1456 3211 Ego
1481 3135 1560 3195 enim
1584 3132 1631 3192 via

280 3220 434 3283 laboriosa
457 3218 585 3299 quidem,
609 3228 743 3280 attamen
767 3219 927 3299 perspicua
951 3229 981 3280 et
1004 3219 1121 3282 insidiis
1145 3230 1277 3294 carente,
1303 3221 1341 3283 ad
1366 3212 1463 3284 locum
1487 3224 1577 3285 veni:
1601 3229 1630 3284 te

277 3328 349 3373 tero
373 3310 461 3390 plnra
484 3308 591 3370 docere
615 3326 671 3369 non
697 3327 828 3388 possum,
853 3327 942 3389 quam
967 3309 1030 3389 ipse
1054 3319 1152 3372 teneo.

369 3415 526 3487 Quomodo
551 3433 648 3477 meam
674 3412 803 3476 lunulam
827 3415 1035 3483 transtuleris,
1061 3415 1180 3491 dixisti,
1205 3415 1234 3476 in
1259 3415 1371 3478 circelli
1395 3435 1437 3477 sc.
1463 3414 1628 3478 transversi

279 3505 475 3574 diametrum,
511 3524 569 3586 qua
599 3512 733 3565 centmm
764 3503 923 3566 eccentrici
955 3504 1078 3566 libretur
1110 3524 1147 3565 ex
1179 3515 1213 3582 tq
1236 3523 1341 3566 versus
1365 3507 1393 3580 ὅ
1416 3514 1447 3566 et
1479 3505 1630 3579 vicissim:

280 3614 357 3676 quae
375 3604 476 3658 tamen
492 3593 549 3657 hac
564 3593 747 3656 correctione
771 3594 895 3673 indiget,
919 3602 951 3654 nt
968 3601 993 3662 ό
1009 3594 1038 3655 in
1064 3604 1098 3671 1η
1122 3604 1261 3656 versante
1277 3603 1410 3656 centrum
1433 3594 1463 3656 iu
1483 3595 1510 3669 ὅ
1527 3613 1631 3656 seces·

280 3684 354 3748 serit
378 3692 409 3746 et
432 3691 547 3747 contra.
585 3680 701 3754 Quodsi
725 3682 816 3745 etiam
839 3682 1037 3758 indicaveris,
1062 3684 1207 3763 quomodo
1231 3683 1333 3745 salves
1361 3702 1464 3744 aream
1487 3682 1631 3762 trianguli

280 3772 457 3854 neqtlatorii,
483 3781 514 3834 et
529 3772 646 3834 modum
670 3780 752 3834 tunm
776 3772 1027 3851 aequipollentem
1042 3771 1144 3842 videro
1168 3773 1287 3835 areolae
1310 3791 1405 3847 meae,
1430 3781 1501 3836 tuuc
1524 3773 1632 3835 faciam

280 3863 359 3947 qaod
382 3854 464 3944 'petis
483 3872 515 3924 et
539 3871 621 3924 tuam
636 3860 814 3942 hypothesin
830 3861 904 3921 meis
921 3858 1153 3923 Commentariis
1177 3862 1347 3942 adjungam.
1385 3861 1464 3924 Nam
1479 3859 1632 3943 negotium

281 3962 365 4016 tuum
387 3951 520 4033 pertinet
543 3951 652 4013 saltem
676 3949 714 4011 ad
738 3949 856 4030 opticae
880 3946 1067 4030 aequationis
1091 3959 1225 4030 partem3
1250 3951 1286 4012 de
1304 3950 1430 4034 physica
1452 3959 1541 4031 parte
1563 3951 1632 4024 (seu

281 4041 318 4105 de
342 4040 539 4122 aequatione,
571 4058 659 4121 qnam
688 4047 830 4101 causatur
859 4048 1001 4119 punctum
1034 4039 1239 4121 aequaturiom
1264 4039 1448 4113 Ptolemaei,
1483 4039 1633 4103 secundos

279 4129 431 4212 epicyclns
455 4129 605 4211 Tyohonis
629 4138 661 4190 et
685 4127 858 4208 Copernici)
881 4128 955 4190 nihil
980 4128 1076 4190 adhuc
1100 4129 1156 4191 abs
1179 4137 1210 4191 te
1225 4138 1273 4192 est
1296 4130 1434 4202 allatum,
1455 4148 1510 4192 uec
1533 4126 1631 4193 afferri

280 4227 400 4302 potest,
432 4219 510 4299 quod
534 4217 736 4300 aequipolleat
766 4218 883 4281 areolae
908 4237 1002 4279 meae.
1050 4218 1082 4280 Si
1107 4218 1258 4297 negligere
1283 4221 1372 4281 velim
1402 4214 1450 4294 δ’,
1479 4220 1544 4301 jam
1575 4236 1632 4299 ego

281 4310 346 4391 ipse
379 4308 520 4371 haberem
551 4317 693 4389 punctum
716 4308 874 4390 aequastis
896 4307 1123 4369 Ptolemoicum.
1171 4305 1223 4369 Sic
1252 4308 1282 4369 in
1308 4308 1492 4387 longitudine
1521 4307 1632 4383 media,

281 4406 422 4461 manente
447 4398 671 4460 eccentricitate
695 4396 767 4470 hac,
800 4405 874 4476 puto
898 4396 1016 4457 circiter
1039 4393 1069 4458 3‘
1094 4396 1184 4458 minui
1217 4397 1377 4460 maximam
1410 4398 1632 4478 aequationem.

281 4486 332 4555 nbt
356 4484 376 4551 2
400 4486 542 4570 epicyclis
567 4484 929 4566 Copemico-'lychonicis
953 4484 1078 4558 utimur,
1112 4503 1187 4565 quae
1212 4483 1243 4547 3‘
1268 4495 1338 4548 ante
1362 4486 1409 4548 vel
1441 4497 1511 4565 post
1534 4504 1631 4571 oppo-

183 4612 186 4619 ·
282 4574 422 4640 aitiouem
445 4596 511 4639 com
530 4573 600 4637 Sole
623 4582 750 4654 possunt
768 4592 939 4636 excrescere
964 4573 1002 4634 ad
1029 4572 1079 4637 10⁴
1102 4574 1150 4635 vel
1179 4573 1247 4648 ll‘;
1270 4575 1316 4637 sin
1341 4584 1442 4637 autern
1458 4578 1633 4638 deteramus

284 4664 358 4728 haec
382 4661 424 4740 3‘,
449 4675 519 4728 tnnc
543 4663 680 4744 augenda
703 4663 761 4724 erit
783 4663 1002 4739 eccentricitas,
1028 4664 1072 4724 ita
1095 4663 1278 4735 vitisbuntur
1302 4664 1467 4735 distantiae
1491 4664 1634 4747 aphelias

284 4761 315 4816 et
338 4754 517 4833 periheliae‚
551 4763 584 4815 ut
606 4751 728 4814 tolerari
752 4771 808 4813 non
833 4752 949 4833 possint
972 4771 990 4812 a
1012 4752 1276 4832 prosthaphaeresi
1301 4754 1381 4816 orbis
1405 4755 1503 4817 annui.
1542 4754 1632 4818 Adde

284 4844 363 4925 quod
385 4842 416 4907 in
438 4841 673 4924 longitudinibus
703 4840 809 4906 mediis
831 4841 979 4923 contingit
1006 4859 1062 4924 per
1088 4840 1235 4924 duplicem
1258 4843 1422 4930 epicyclnm
1444 4862 1590 4911 excursus
1612 4862 1633 4907 a
