3368 5534
168 317 210 390 14
601 323 632 375 In
651 324 835 376 eemmentuta
851 323 883 376 ds
899 330 969 375 motu
986 322 1075 375 Martia

164 516 208 567 par
225 514 318 552 maere
345 501 426 552 adfuit
452 501 559 564 illudque
577 509 697 566 exparte
718 502 817 567 quidem
842 503 983 566 descripsit,
1004 500 1150 558 odonam,
1178 500 1281 566 posthae
1305 501 1516 566 professorem

163 573 348 624 matheseos
365 574 391 623 in
410 573 543 623 academa
559 573 689 631 Altorfina,
708 574 820 639 quitum
837 590 938 625 munere
955 574 1002 625 hoc
1020 574 1178 638 fungebatur,
1197 587 1263 623 anno
1277 570 1353 623 tots.
1371 573 1434 622 haec
1447 574 1517 624 dedit

163 644 288 709 Kaplero:
308 645 368 695 anni
385 651 445 694 aunt
464 642 507 701 18,
525 660 555 695 ea
573 661 620 709 quo
639 652 748 710 tempore
766 661 812 713 ego
826 647 923 712 Pngae
942 645 1035 712 degens
1052 645 1116 696 Nob.
1130 645 1199 696 ruse
1218 660 1318 709 operam
1335 658 1416 695 meam
1434 645 1515 694 locari

163 717 189 767 in
207 716 363 781 perficiendis
382 717 606 780 supputationibus,
625 724 725 772 motum,
744 717 769 766 ni
788 714 868 775 fallor,
888 716 974 767 Martis
993 716 1206 768 concernentibus.
1238 715 1350 781 Siquam
1367 724 1464 780 partem
1484 716 1515 765 ad

159 788 376 839 elimontem
394 788 473 851 operis
491 788 555 837 iilius
578 788 683 842 contuli,
709 788 773 852 quod
790 795 848 852 post
864 790 958 839 abitum
976 804 1058 838 meum
1083 788 1158 852 paulo
1178 793 1234 853 post
1256 788 1369 852 publicae
1387 786 1435 837 luci
1455 802 1514 837 eon·

166 873 265 911 ussum
284 859 381 915 audiri,
401 859 521 923 estquod
539 859 598 909 mihi
621 860 746 925 gaudeam
770 862 859 925 iusque
881 875 1008 924 aupmesse
1026 867 1123 924 putem,
1149 861 1181 909 ab
1200 866 1285 910 antero
1302 859 1367 909 illius
1391 859 1517 922 exemplar

164 931 267 996 petendi
285 929 349 980 dono
366 930 428 980 mihi
445 930 562 981 oblatum.
589 930 689 982 Librum
707 931 805 995 quidem
823 930 892 982 illum
919 932 1027 982 antchac
1055 946 1137 982 emere
1156 934 1252 983 animas
1269 932 1324 992 fult,
1341 945 1424 980 rerum
1441 944 1515 994 prae·

165 1003 273 1053 sendum
296 1008 433 1067 temporum
458 1002 549 1066 injuria
571 1008 653 1059 vetat,
677 1018 724 1067 qno
747 1004 827 1053 minus
850 1003 972 1053 tolerabili
995 1002 1075 1068 aliquo
1098 1004 1176 1066 pretio
1194 1012 1286 1052 emtum
1308 1002 1399 1052 habere
1417 1015 1516 1066 queam.

164 1072 220 1123 Allo
238 1079 347 1139 tempore
379 1073 477 1123 dabitur
506 1072 568 1124 forte
592 1074 656 1124 illius
679 1075 827 1139 procurandi
851 1076 955 1125 occasio.
976 1097 1010 1108 -
1046 1074 1169 1138 Replems
1185 1077 1238 1139 ipse
1256 1077 1282 1123 in
1303 1073 1430 1137 „Epitoms
1448 1073 1515 1121 Astr.

166 1151 243 1217 ⁰01³·“
262 1152 326 1203 baec
344 1152 419 1204 dicit:
442 1145 625 1207 Undecimus
649 1153 698 1207 est
720 1165 825 1221 annus,
849 1166 886 1208 ex
909 1165 967 1227 quo
989 1146 1212 1210 commentaria
1234 1165 1302 1208 mea
1324 1146 1361 1207 de
1384 1144 1516 1207 motibus

166 1233 275 1296 stellae
299 1233 409 1295 Martis
433 1234 522 1296 edidi.
569 1234 629 1306 Qui
654 1234 747 1308 liber,
781 1255 846 1297 cnm
871 1236 900 1296 in
923 1254 1020 1315 pauca
1048 1234 1267 1316 multiplicatus
1299 1242 1383 1295 esset
1411 1250 1517 1295 exem-

154 1321 273 1404 plaria,
296 1321 519 1404 doctrinamque
543 1324 697 1387 decausis
720 1325 895 1387 coelestium
917 1325 997 1387 inter
1010 1324 1129 1406 spineta
1151 1343 1338 1387 numeromm
1362 1330 1393 1384 et
1407 1323 1516 1404 reliqui

165 1417 329 1492 apparatus
361 1413 554 1474 astronomici
591 1414 676 1474 velut
712 1414 936 1488 abscondisset,
969 1434 1035 1476 cum
1069 1421 1100 1474 et
1133 1415 1231 1494 pretio
1264 1413 1331 1475 libri
1364 1412 1516 1475 tenuiores

165 1500 414 1575 absterrerentur,
430 1501 529 1563 visum
550 1510 599 1563 est
614 1501 730 1574 amicis,
752 1512 834 1565 recte
847 1523 894 1565 me
910 1510 993 1565 etex
1012 1504 1108 1565 officio
1132 1503 1289 1577 faotnmm,
1313 1502 1339 1564 si
1353 1501 1513 1582 Epitomeu

165 1588 383 1651 conscriberem
407 1591 461 1651 dre.

252 1673 349 1728 naras
368 1677 473 1743 denique
493 1679 525 1729 ab
537 1677 663 1728 llansohio
682 1680 802 1731 collectae
820 1687 945 1731 testamur
961 1682 1027 1731 hanc
1039 1680 1141 1744 Kspleri
1157 1681 1317 1735 sententiare,
1336 1693 1392 1729 curo
1404 1680 1429 1729 in
1443 1678 1515 1732 nulla

166 1763 252 1801 nrum
271 1750 368 1813 propius
387 1749 420 1799 ad
437 1764 489 1799 rem
509 1749 651 1800 accedunt.

251 1819 475 1884 blanuscriptomnr
497 1820 734 1884 Petropolitaaorum
757 1823 868 1874 volumen
886 1822 952 1873 xlv.
972 1824 1040 1874 foliis
1062 1824 1116 1887 plus
1139 1837 1213 1888 quarn
1239 1818 1307 1870 1000
1332 1822 1414 1871 studia
1437 1823 1513 1872 refert

136 1928 143 1951 ,
163 1889 265 1954 Kepleri
284 1891 317 1941 ad
335 1889 424 1942 Martis
442 1900 523 1942 motus
541 1893 704 1957 indagandos.
729 1893 796 1958 Opus
815 1898 893 1960 ipsum
912 1897 1010 1960 saepius
1029 1896 1184 1944 occasionem
1208 1894 1289 1950 dabit,
1309 1908 1338 1942 ex
1356 1893 1403 1943 hac
1421 1892 1511 1943 collec-

163 1963 230 2012 tione
258 1963 381 2026 quaedam
408 1963 562 2028 excerpendi.
600 1965 657 2014 lam
675 1967 815 2028 praerniuia
841 1968 954 2017 addimus
972 1981 1018 2023 ea,
1045 1967 1132 2030 quibus
1158 1965 1281 2015 mordicus
1306 1964 1367 2013 illud
1391 1964 1512 2014 volumen.

163 2032 248 2084 Prima
264 2035 343 2084 facies
367 2034 441 2084 affert
464 2035 583 2098 epistolae
601 2036 703 2100 Kepleri
728 2037 905 2102 fragmentum,
930 2038 962 2089 ad
987 2038 1126 2102 theologiae
1152 2037 1274 2101 quondan
1297 2036 1471 2099 professorem,
1493 2038 1515 2084 si

164 2119 196 2156 aa
213 2105 290 2156 literis
308 2103 557 2166 B(srerendiaaims)
581 2105 720 2169 litamine)
738 2106 847 2170 Plater)
870 2110 934 2160 haec
952 2109 1097 2160 concludere
1124 2109 1190 2158 licet
1227 2107 1363 2172 Quantis
1380 2107 1440 2157 folia
1456 2122 1516 2157 con·

163 2182 276 2243 spectum
296 2191 380 2226 eorum
399 2178 528 2240 praebent,
548 2192 612 2243 quas
630 2187 714 2231 ruente
731 2180 855 2244 Keplsrua
873 2182 988 2247 agitabat
1006 2181 1186 2244 conscriptores
1204 2194 1264 2243 opus
1282 2193 1360 2228 mum.

253 2246 364 2312 Epistola
381 2247 446 2298 haec
465 2255 520 2298 est:

742 2322 774 2385 S.
821 2325 855 2386 P.
901 2325 939 2386 D.

254 2406 389 2471 Obsecro
413 2407 556 2488 majorem
580 2408 610 2471 in
637 2411 770 2486 modum,
795 2420 828 2474 ut
850 2413 888 2475 R.
913 2414 950 2474 D.
975 2413 1010 2474 P.
1036 2430 1087 2482 ea,
1118 2429 1193 2491 quae
1216 2409 1264 2471 hie
1289 2408 1390 2472 insunt
1410 2409 1514 2491 philo·

164 2495 291 2577 sophica
312 2515 379 2558 cum
401 2498 628 2579 metaphysicis,
652 2508 686 2561 ut
699 2499 753 2563 illa
770 2502 914 2563 docentur
930 2501 1042 2562 usitate
1059 2500 1088 2562 in
1105 2499 1217 2561 scholis
1232 2498 1352 2572 restris,
1378 2499 1516 2561 conferat

164 2594 198 2648 et
218 2604 265 2647 me
288 2595 410 2647 moneat
432 2585 526 2648 sicubi
550 2587 690 2668 impingo.

252 2675 355 2736 Mente
386 2693 490 2736 cerere
522 2685 651 2756 possunt
683 2678 845 2740 coelestia:
876 2677 913 2737 de
943 2685 1042 2738 mente
1072 2675 1164 2756 igitur
1194 2675 1315 2756 disputo
1342 2684 1459 2738 tontum
1481 2679 1513 2739 iu

165 2782 231 2827 enm
260 2764 365 2839 tinem,
398 2763 431 2825 si·
454 2763 586 2826 fortasse
619 2765 781 2828 facultates
811 2767 999 2846 magneticae
1023 2773 1054 2826 et
1083 2764 1244 2827 facultates
1276 2764 1421 2827 animales
1454 2785 1513 2828 non

165 2852 302 2918 sufficere
325 2851 415 2916 alicui
439 2853 608 2916 videantur.

105 2946 109 2953 '
252 2942 441 3004 Facultatem
463 2943 663 3023 magneticam
687 2963 766 3024 pono
789 2943 819 3005 in
844 2943 931 3016 Sole,
960 2963 1019 3024 qua
1042 2943 1085 3004 sic
1114 2941 1179 3021 agit
1202 2942 1230 3004 in
1255 2961 1382 3022 corpore
1408 2942 1515 3022 plane·

164 3041 273 3107 tarum,
296 3039 333 3093 ut
354 3032 419 3112 agit
440 3050 565 3110 magnes
589 3032 618 3093 in
644 3034 770 3095 ferrum:
795 3032 853 3094 hoc
871 3041 972 3094 tamen
996 3032 1178 3105 discrimine,
1202 3032 1280 3113 quod
1304 3048 1428 3109 magnes
1452 3031 1514 3092 fer·

165 3141 230 3187 rum
253 3120 350 3201 magia
373 3121 528 3201 magisque
558 3122 686 3183 attrahit
707 3141 762 3202 per
788 3140 944 3201 egressam
971 3121 1092 3184 virtutis
1117 3139 1187 3183 suae
1216 3118 1383 3200 corporalis
1407 3120 1513 3182 imma-

163 3210 306 3275 teriatam
338 3210 485 3291 speciem:
518 3209 571 3274 Sol
601 3211 740 3291 planetas
767 3231 821 3292 per
854 3208 979 3275 eandem
1011 3212 1060 3284 (ut
1088 3210 1131 3272 sic
1164 3209 1277 3282 dicam)
1307 3228 1426 3270 manum
1456 3229 1513 3273 uon

165 3299 294 3365 attrahit
316 3299 453 3373 alteriue,
477 3301 530 3361 eed
561 3300 691 3362 retinere
719 3320 878 3383 secumque
902 3301 1122 3363 circumducere
1145 3299 1260 3361 nititur.

254 3389 287 3450 ln
311 3388 442 3468 planetis
465 3407 543 3469 pono
568 3389 740 3464 facultates,
764 3391 943 3471 magneticis
965 3389 1137 3451 similiores.
1183 3387 1305 3449 Habent
1327 3385 1404 3446 enim
1427 3386 1514 3448 binos

163 3478 261 3562 polos,
285 3497 410 3559 quorum
425 3479 521 3540 altero
537 3479 686 3559 fugiente
702 3478 785 3554 Sole,
803 3480 899 3543 altero
914 3486 1060 3560 appetunt
1075 3476 1193 3551 Solem;
1208 3476 1278 3539 hinc
1294 3474 1512 3536 eccentricitas.

252 3567 318 3630 lieo
336 3586 395 3628 una
410 3566 580 3646 hujusmodi
598 3569 727 3630 facultas
750 3569 858 3631 suflicit
879 3571 1029 3650 planetae.
1069 3565 1200 3647 Oportet
1211 3572 1245 3629 at
1257 3565 1385 3629 alteram
1401 3564 1512 3626 addere

163 3677 218 3738 pro
243 3655 469 3718 latitudinibus:
494 3657 542 3718 ubi
567 3658 655 3719 valde
685 3659 812 3732 haereo,
843 3679 881 3720 an
906 3668 938 3720 et
959 3656 1106 3739 quomodo
1138 3652 1261 3717 sedibus
1291 3651 1514 3732 distinguantur

164 3745 195 3808 in
217 3765 276 3807 nno
300 3754 332 3806 et
347 3744 452 3806 eodem
474 3747 614 3825 planetae
633 3762 767 3828 corpore.
805 3749 889 3809 Haec
912 3745 1043 3809 facultas
1058 3743 1164 3807 estilli
1183 3743 1370 3822 magneticae
1394 3742 1512 3815 similis,

164 3853 224 3917 qna
245 3852 371 3915 magnes
394 3835 432 3896 ad
455 3835 556 3915 polum
579 3835 728 3917 dirigitur.

254 3922 387 3986 Cuilibet
409 3924 547 3987 facultati
570 3925 757 4006 magneticae
781 3925 911 4004 adjungo
935 3920 1110 3985 facultatem
1127 3921 1296 3994 animalem,
1320 3919 1515 3982 convertendi

166 4030 275 4092 corpus
293 4031 378 4074 suum
392 4012 473 4074 circa
487 4033 574 4076 axem
590 4016 737 4096 corporis,
760 4014 842 4076 nulla
857 4011 1055 4093 repugnantia
1070 4010 1236 4092 supposita,
1267 4007 1513 4089 aequabilissima

165 4100 358 4163 contentione
380 4102 496 4164 virium.
543 4104 627 4165 llaec
650 4105 778 4183 derogat
800 4101 997 4181 magneticae,
1021 4100 1162 4180 illamque
1185 4098 1287 4160 vincit.

256 4188 332 4252 Cum
359 4199 459 4252 autem
491 4202 636 4272 repugnet
663 4193 717 4255 illa
744 4193 823 4253 alias
854 4191 982 4263 fortius,
1012 4189 1090 4249 aliae
1123 4187 1316 4259 imbecillius,
1348 4184 1417 4246 hinc
1440 4185 1512 4248 mihi

165 4278 300 4343 nascitur
323 4279 454 4358 euspicio
477 4282 597 4357 mentis,
620 4302 696 4363 quae
716 4281 821 4354 dictet,
845 4279 916 4361 quid
940 4286 1082 4360 spectans
1104 4276 1244 4339 animalis
1275 4275 1404 4336 facultas
1432 4286 1512 4337 recte

164 4376 296 4450 pugnate
321 4369 391 4447 quia
413 4367 611 4451 inaequaliter
635 4373 661 4433 ei
685 4378 878 4452 repugnatur.

255 4456 399 4530 Mentem,
422 4477 475 4519 seu
498 4461 644 4522 rationem
668 4460 735 4523 dico
755 4479 813 4522 nou
836 4455 1077 4529 ratiocinantem,
1101 4453 1317 4515 discurrentem
1333 4451 1425 4519 (unde
1438 4460 1512 4532 puto

168 4544 241 4609 oriri
263 4546 437 4609 numerandi
461 4547 666 4625 facultatem),
695 4550 748 4611 sed
772 4548 947 4610 instinctam
970 4544 1000 4606 in
1024 4543 1191 4615 creatione,
1216 4542 1312 4623 qualis
1336 4541 1365 4601 in
1388 4540 1513 4620 plantis,

166 4635 198 4699 in
221 4643 305 4697 utero
320 4634 374 4697 ac.
411 4636 510 4718 Saepo
526 4639 592 4719 quis
608 4638 761 4701 commode
777 4636 879 4710 sentit,
905 4644 938 4696 at
957 4632 1140 4696 incommode
1164 4641 1217 4694 aut
1235 4631 1387 4703 inusitate,
1412 4636 1443 4689 et
1465 4631 1510 4693 sic

167 4726 293 4788 obscure
317 4724 456 4807 loquitur.
504 4726 619 4791 Contra
642 4746 734 4808 saepe
756 4727 824 4806 quie
847 4745 942 4787 noras
966 4720 1132 4785 sententiae
1161 4720 1283 4782 usitatis
1306 4730 1337 4780 et
1359 4720 1513 4780 consuetis

165 4814 289 4879 vocibus
312 4814 449 4889 efferens,
471 4836 531 4879 non
551 4817 692 4899 exprimit
720 4825 772 4876 aut
790 4833 848 4875 non
872 4813 1016 4893 imprimit
1039 4809 1200 4873 lectoribus
1225 4808 1315 4869 animi
1340 4807 1386 4868 sni
1409 4826 1509 4869 sensa

253 4903 320 4983 Ego
334 4903 362 5053 qi
375 4925 496 4989 possem
511 4905 562 4970 ria
575 4905 713 4970 incedere
728 4901 837 4977 media,
855 4918 916 4965 non
929 4900 1123 4981 negligerem,
1144 4895 1245 4981 itaque
1259 4896 1345 4979 cupio
1356 4896 1458 4979 jurari
1468 4928 1511 4943 -·

167 4990 212 5057 (eil
230 4995 358 5060 nquitnr.
