3368 5534
732 312 836 389 lictae
834 315 949 377 ιιιιιιιιιι.
1435 315 1514 400 4455

165 497 268 563 iecisti.
305 498 432 563 usurum
460 492 547 576 igitur
575 503 694 574 partium
721 504 789 568 erit,
812 505 969 560 occasiones
989 506 1061 560 hene
1081 507 1259 562 collocandae
1279 509 1361 579 huius'
1382 522 1401 566 a
1419 510 1514 587 ldagn

163 588 228 643 Tua
257 586 322 642 uiui
350 586 517 656 impetratae
545 584 756 639 benevolentiae
777 584 990 655 circumspicere.
1033 591 1149 656 (Spectat
1172 593 1210 644 ιιι
1237 594 1271 645 K.
1298 598 1424 648 consilum
1450 600 1513 651 Her-

162 676 237 725 varti
256 673 288 723 ιιι
302 673 394 725 salario
411 688 456 724 sno
473 669 649 736 impetrando).
689 665 790 719 ultera
816 665 938 735 epistola
963 669 989 722 d.
1013 661 1057 722 16.
1083 666 1206 735 hujus'
1192 684 1253 737 ιιιιιιι
1283 671 1399 740 scripta,
1421 672 1515 745 Praga

149 746 232 803 ,ιιιιιι
251 746 424 802 Brundisium
443 753 488 800 est
506 745 677 800 transmissa.
719 745 779 807 Quo
799 745 887 799 miuus
908 746 1001 800 mirari
1021 747 1104 799 debes
1125 754 1233 817 turpem
1255 752 1428 805 amanuensis
1454 770 1514 806 ms·
1560 754 1563 758 ’

165 826 254 883 ticaui
274 841 391 883 manum
433 826 570 880 ldisissem
590 841 678 879 meam
698 840 819 888 manum,
841 826 894 879 nisi
914 827 1025 881 ιοιιιιιιι
1047 828 1188 880 admodum
1209 836 1285 882 esset
1305 830 1439 900 disposita
1457 850 1515 886 res·

163 906 275 981 poncio.
295 936 334 947 -
352 906 396 961 De
417 913 478 960 arte
498 906 648 993 navigandi
669 898 803 959 sollicitus
824 906 958 960 hactenus
980 924 1034 960 non
1055 906 1106 968 ιιι,
1135 908 1236 977 quippe
1258 910 1408 964 latissimae
1430 914 1514 967 conti-

165 986 259 1043 nentis
281 988 418 1050 alumnum
448 1002 482 1040 ac
502 988 536 1040 ne
557 986 673 1040 Nonium
694 984 800 1055 quidem
831 985 902 1056 legi,
933 987 979 1056 qui
1004 987 1111 1057 quidem
1124 989 1300 1042 Ιἰιιιιιιιι
1291 1006 1320 1044 ιιι
1347 991 1516 1047 bibliotheca

164 1067 317 1139 Tychonis.
355 1066 453 1122 Incidit
480 1073 587 1130 ιιιιιιιι,
618 1066 750 1135 prodiisse
782 1083 835 1119 non
863 1066 903 1119 ita
934 1067 1038 1136 pridem
1058 1068 1092 1122 H.
1115 1067 1202 1120 Grotii
1231 1069 1513 1131 ,Limenheuretica.'

164 1149 211 1203 Dc
230 1147 369 1220 magnetis
388 1163 463 1201 rero
474 1154 578 1202 natura
597 1146 781 1200 Gilbertus
803 1146 957 1200 doctissime
979 1147 1096 1217 scripsit.
1139 1148 1183 1201 De
1203 1149 1420 1219 longitudinibus
1443 1153 1514 1205 loco·

166 1245 228 1284 rum
248 1226 379 1303 beneflcio
392 1227 530 1299 magnetis
544 1227 572 1280 in
586 1225 681 1280 mediis
694 1225 772 1279 undis
788 1226 957 1280 addiscendis
973 1227 1006 1283 G
1026 1226 1245 1282 Nautonnier
1266 1229 1345 1283 Sieur
1359 1233 1392 1283 de
1407 1232 1513 1286 Castel-

165 1309 265 1364 cono
266 1324 301 1361 en
321 1308 489 1379 Languedoc
509 1300 739 1378 splendidissimas
760 1306 890 1377 proponit
909 1307 1121 1376 speculationes.
1163 1313 1201 1361 nt
1231 1325 1265 1362 ne
1295 1309 1372 1364 irrita
1402 1312 1517 1366 consilia

166 1389 225 1444 siut
251 1388 469 1461 gubernaculum
495 1403 577 1441 ιιιιιιι
601 1386 785 1450 versantibus,
817 1387 897 1440 valde
926 1404 1032 1442 vereor.
1075 1388 1176 1443 Vocem
1204 1389 1291 1453 enim,
1312 1408 1328 1441 e
1350 1391 1514 1446 continentis

166 1468 322 1525 meditullio
341 1468 499 1541 longissime
513 1466 672 1538 proiectam,
694 1466 814 1536 palinuri
834 1467 935 1520 medios
956 1467 1027 1522 inter
1047 1468 1144 1521 fluctus
1159 1469 1254 1522 oceani
1277 1487 1331 1523 non
1351 1470 1431 1525 facile
1453 1490 1515 1543 per·

167 1549 284 1621 cipiunt,
304 1555 338 1603 ut
351 1551 386 1603 ad
407 1565 467 1603 eam
487 1565 549 1602 sese
563 1563 724 1617 componere
745 1546 860 1616 possint.
896 1547 956 1600 Vidi
976 1555 1006 1601 et
1020 1548 1185 1602 Germanum
1199 1549 1324 1621 aliquem,
1347 1551 1434 1621 quiin
1449 1553 1514 1606 folio

167 1628 271 1703 regali,
292 1628 396 1683 chartis
417 1644 489 1683 mere
503 1628 620 1683 nauticis
641 1626 752 1680 nautico
766 1643 840 1680 more
861 1634 1004 1689 exornato,
1027 1628 1237 1697 descriptionem
1251 1630 1378 1684 exhibuit
1398 1632 1514 1685 omnium

167 1710 283 1765 litorum
311 1708 394 1763 maris
414 1708 515 1762 Baltici
544 1716 575 1762 et
603 1706 698 1762 oceani
719 1706 882 1772 Germanici,
910 1707 1081 1777 Aquitanici,
1104 1708 1275 1774 Cantabrici,
1307 1727 1391 1781 usquc
1414 1712 1513 1765 Gades.

168 1791 200 1845 lu
222 1806 257 1843 eo
278 1789 369 1843 fluxus
389 1797 419 1853 et
437 1790 559 1843 refluxus
587 1787 670 1842 maris
696 1794 826 1841 accurata
846 1787 1001 1840 continetur
1021 1787 1172 1858 explicatio
1193 1796 1399 1860 ceterorumque
1420 1792 1516 1847 oceani

139 1874 142 1879 '
168 1878 300 1925 motuum.
341 1869 444 1924 Nomen
464 1868 584 1924 auctoris
605 1867 715 1922 excidit.

259 1956 478 2029 Aliquammulta
500 1960 533 2011 de
554 1958 607 2011 hac
626 1975 657 2011 re
677 1957 705 2010 in
726 1958 769 2010 Fr.
792 1956 948 2011 Patricio
969 1956 1156 2011 inveniuntur:
1184 1959 1306 2028 quamvis
1327 1959 1350 2014 is
1372 1925 1515 2030 perperam

168 2038 277 2095 Lunam
299 2033 427 2107 (sibene
447 2033 569 2107 memini)
589 2037 736 2091 excludere
762 2044 878 2092 conatur
907 2055 925 2091 a
954 2037 1171 2091 consideratione
1202 2054 1354 2095 causarum.
1394 2043 1439 2095 Ex
1468 2043 1516 2097 illo

169 2121 310 2175 Germano
324 2125 437 2173 auctore
451 2125 519 2173 uata
544 2117 609 2172 mihi
623 2123 667 2171 ιιι
688 2118 757 2171 haec
771 2100 944 2186 speculatioz'
959 2134 977 2171 a
989 2118 1069 2171 Luna
1083 2118 1170 2171 maria
1183 2118 1222 2171 sic
1236 2120 1404 2182 attrahite
1417 2122 1517 2194 grauia

169 2200 262 2255 omnia
283 2199 398 2270 ipsaque
412 2199 501 2253 maria
514 2197 692 2252 attrabuntur
712 2214 730 2252 a
750 2198 843 2252 Terra.
878 2199 964 2251 Terra
978 2198 1085 2268 quidem
1106 2198 1202 2251 lortius
1219 2201 1344 2262 attrahit,
1367 2211 1517 2271 propterea

170 2279 260 2335 maria
280 2297 335 2335 uon
354 2279 500 2352 ungunt·
492 2297 520 2333 ιιι
541 2284 633 2333 aerem
654 2278 811 2331 deserentia
831 2278 956 2341 Terram,
989 2279 1036 2331 sed
1057 2281 1244 2332 tantummodo
1271 2279 1394 2334 feruntur
1415 2282 1517 2337 'l'errae

169 2359 360 2423 incumbentia
380 2376 399 2414 a
417 2360 553 2415 lateribus
574 2359 697 2413 omnihus
718 2375 812 2412 versus
842 2359 985 2422 torridam,
1017 2365 1048 2411 ut
1068 2358 1106 2412 ihi
1126 2357 1241 2429 ejusque
1262 2376 1298 2413 ιι
1319 2372 1414 2431 parte,
1445 2379 1517 2432 quae

169 2440 268 2495 Lunae
298 2440 396 2495 subest
424 2439 704 2511 perpendiculariter,
735 2457 768 2493 eo
789 2445 923 2492 momento
944 2437 1101 2509 superficies
1123 2439 1218 2492 oceani
1247 2440 1298 2494 ιιι
1327 2441 1416 2498 ιιιιοι.
1458 2444 1517 2496 Hoc

170 2522 246 2576 iacto
272 2521 410 2575 nudantur
430 2522 578 2591 Europaeo
597 2520 694 2585 litora,
725 2520 790 2591 quia
810 2521 844 2573 ad
865 2520 940 2573 latus
961 2518 1060 2588 posita.
1100 2519 1181 2574 Luna
1201 2519 1329 2585 abeunte,
1351 2539 1411 2576 oum
1431 2523 1518 2578 maria

170 2602 206 2657 ob
236 2600 398 2656 tarditatem
417 2609 447 2655 et
466 2600 604 2671 objectum
633 2599 744 2656 litorum
764 2599 906 2655 Amerioae
927 2599 1005 2670 sequi
1026 2616 1080 2653 non
1100 2599 1221 2669 possint,
1252 2617 1400 2670 suspensus
1430 2610 1520 2657 tumor

169 2696 306 2753 aquarum
327 2679 392 2735 sidit
411 2681 462 2734 sub
482 2681 586 2734 torrida
606 2688 813 2752 sequanturque
834 2679 991 2749 superficies
1011 2679 1138 2742 marium,
1170 2686 1303 2753 teguntur
1323 2689 1352 2736 et
1373 2683 1520 2752 implentur

171 2763 272 2817 iterum
292 2758 423 2831 Europae
444 2760 536 2818 litora.
569 2761 721 2830 Implentur
741 2767 834 2815 autem
855 2777 908 2814 non
923 2761 958 2813 ad
979 2759 1170 2829 aequilibrium
1191 2776 1250 2814 cum
1265 2778 1367 2815 oceano
1389 2763 1517 2827 torridae,

171 2842 220 2897 sed
240 2840 327 2895 altius
348 2842 383 2896 ob
403 2840 534 2912 impetum
553 2841 657 2894 ruentis
678 2844 809 2896 undarum
830 2840 908 2894 molis
930 2834 1043 2909 (wegen
1063 2841 1110 2893 des
1131 2835 1314 2911 Schwungs),
1335 2842 1414 2895 utin
1435 2843 1520 2897 situla

172 2938 223 2977 seu
243 2921 327 2976 labro
354 2936 428 2992 aqua
451 2921 536 2976 semel
563 2928 652 2984 mota,
684 2921 731 2974 ubi
761 2922 890 2991 impetum
920 2920 1029 2990 accepit
1048 2919 1198 2973 diutissime
1227 2921 1382 2992 reciprocat
1409 2923 1516 2985 fluctus,

172 3001 310 3074 paulatim
331 3000 464 3067 minores,
494 3004 581 3056 donee
609 3000 725 3072 denique
753 3001 886 3073 quiescat.
926 3001 1023 3071 ltaque
1044 3000 1124 3054 Luna
1152 3000 1307 3064 occidente,
1338 3020 1397 3057 oum
1425 3004 1520 3058 oceani

172 3081 261 3138 moles
281 3076 386 3151 impetu
400 3082 535 3136 subrecta
548 3081 647 3135 nostris
669 3081 809 3136 incumbat
822 3080 958 3144 litoribus,
979 3080 1031 3134 etsi
1049 3080 1110 3150 Jam
1132 3081 1209 3135 nullu
1229 3098 1302 3136 nora
1316 3099 1402 3136 causa
1415 3084 1519 3137 coeles·

172 3162 210 3217 tis
230 3168 347 3216 revocat
367 3177 454 3233 aquas
476 3163 527 3217 suh
547 3162 692 3215 torridam:
720 3161 798 3232 ipsae
824 3169 917 3215 tamen
943 3178 972 3213 se
1002 3160 1069 3229 ipsis
1090 3166 1121 3213 et
1140 3167 1239 3231 suopte
1259 3165 1392 3231 pondere,
1423 3172 1520 3234 utpote

172 3242 250 3297 ultra
265 3240 459 3313 aequilibrium
479 3242 582 3313 impetu
603 3242 752 3296 subvectae
766 3249 910 3296 recurrunt
930 3242 981 3294 sub
996 3240 1126 3294 torridam
1147 3240 1237 3311 ibique
1260 3259 1358 3296 novum
1380 3252 1520 3311 tumorem,

173 3324 248 3394 apud
270 3339 320 3377 nos
349 3339 416 3377 vero
435 3322 545 3377 litorum
566 3321 720 3376 nuditatem
748 3323 864 3376 absente
884 3322 965 3374 Luna
985 3327 1146 3383 causantur,
1178 3321 1334 3393 impetuque
1357 3334 1522 3378 vanescente

171 3418 281 3459 rursum
301 3398 447 3457 recurrunt
467 3418 486 3458 a
505 3401 619 3473 lastigie
640 3402 688 3456 illo
708 3403 877 3473 implentque
897 3406 993 3454 nostra
1013 3400 1110 3463 litora,
1132 3400 1213 3455 Luna
1232 3402 1340 3457 interim
1368 3405 1472 3459 oriente
1493 3413 1523 3458 et

172 3498 274 3538 noram
294 3483 488 3537 attractionem
508 3483 582 3538 horis
604 3477 634 3546 6,
657 3483 753 3553 quihus
781 3483 809 3536 in
829 3482 999 3537 ascendendo
1020 3486 1163 3544 versatur,
1185 3489 1326 3538 causante.
1366 3485 1429 3538 Jam
1457 3503 1522 3540 sero

172 3563 259 3623 litera
271 3568 369 3617 nostra
387 3579 442 3617 nou
455 3563 547 3617 omnia
559 3563 653 3617 iisdem
667 3563 742 3617 boris
763 3563 918 3632 implentur,
940 3563 988 3614 sed
1003 3560 1116 3614 subinde
1131 3560 1217 3614 serius
1239 3561 1297 3627 illa,
1320 3580 1391 3634 quae
1411 3565 1522 3638 lougius

171 3642 248 3699 iutra
268 3642 452 3698 continentem
474 3652 538 3699 sunt
558 3643 655 3698 abdita
674 3650 704 3696 et
724 3660 776 3714 qno
797 3640 943 3714 angustior
956 3647 1000 3694 est
1020 3640 1140 3695 maribus
1162 3641 1252 3694 aditus
1274 3644 1308 3696 ad
1330 3644 1387 3698 illa.
1423 3646 1520 3717 ltaque

170 3722 337 3779 Britanniae
367 3728 397 3777 et
415 3723 582 3798 Norwegiae
603 3724 740 3779 contraria
764 3723 849 3777 litora
868 3723 962 3776 iisdem
983 3721 1130 3791 implentur
1157 3720 1240 3776 horis.
1280 3726 1402 3779 Aecum
1424 3727 1519 3780 alveus

174 3802 248 3859 inter
269 3802 376 3858 Gallias
397 3808 427 3858 et
447 3803 606 3859 Britannias
628 3804 664 3857 sit
684 3812 836 3884 angustus,
867 3818 984 3857 oceanus
1006 3818 1071 3855 vero
1099 3799 1199 3855 circum
1221 3803 1339 3857 Orcades
1360 3804 1519 3869 latissimus,

172 3870 228 3941 ιἰιι
247 3883 361 3956 longior
377 3883 423 3938 hic
443 3884 647 3948 circumductus,
669 3884 749 3939 citius
770 3880 862 3939 tamen
877 3882 921 3936 hic
942 3881 1059 3937 sentitur
1079 3886 1174 3934 aestus
1188 3896 1271 3952 quam
1291 3883 1418 3939 orientali
1438 3894 1521 3957 parte

173 3962 257 4019 alvei.
291 3963 363 4020 Hiuc
383 3964 467 4019 etiam
482 3980 567 4020 causa
585 3970 666 4034 patet
681 3981 825 4019 arenarum
845 3965 917 4018 inter
931 3962 1059 4034 Belgium
1072 3960 1282 4027 etBritauuias,
1304 3963 1428 4036 quioquid
1449 3966 1523 4019 enim

174 4060 321 4101 arenarum
340 4044 486 4101 devehitur
511 4062 562 4099 seu
581 4062 619 4099 ex
640 4045 788 4101 Germania
814 4051 844 4099 et
863 4044 962 4099 Galle
983 4059 1033 4097 seu
1053 4059 1090 4096 ex
1109 4041 1270 4108 Britannia,
1291 4043 1319 4099 id
1338 4045 1377 4099 ιιι
1397 4062 1521 4100 accumu-

173 4122 259 4190 latur,
279 4123 327 4179 ubi
341 4131 436 4180 aestus
457 4125 510 4179 sihi
530 4132 623 4181 mutuo
644 4131 797 4189 occurrunt,
819 4125 893 4178 alter
913 4125 949 4177 ab
970 4123 1109 4177 occidente
1130 4121 1223 4177 altera
1242 4125 1438 4194 septentrione.

264 4222 366 4277 Verum
378 4221 432 4276 hoo
451 4239 505 4276 uon
519 4229 563 4277 est
576 4223 736 4294 catalogum
749 4222 869 4277 scribere
884 4237 985 4285 eorum,
1008 4220 1100 4289 quide
1120 4237 1151 4274 re
1165 4220 1278 4276 nautica
1292 4222 1467 4295 scripserunt.
1483 4253 1521 4265 -

173 4302 281 4367 Quales
300 4301 393 4357 lineae
406 4302 504 4375 quibus
524 4303 614 4358 ventis
634 4304 809 4375 navigentur,
829 4301 910 4357 hodie
925 4301 1033 4355 abunde
1048 4300 1146 4355 docent
1160 4318 1251 4356 omnes
1269 4303 1356 4373 globi,
1377 4304 1521 4374 globorum

173 4384 334 4457 magmenta
346 4387 377 4436 et
390 4382 513 4447 chartae,
534 4383 651 4439 maxime
672 4384 813 4447 Hondii,
835 4382 881 4454 qui
902 4382 941 4435 sic
961 4382 1080 4436 adornat
1098 4396 1163 4434 suas
1178 4383 1299 4447 chartas,
1322 4392 1353 4437 ut
1367 4400 1438 4454 quae
1458 4393 1522 4438 sunt

173 4462 203 4521 ia
220 4462 309 4537 glebo
329 4461 448 4534 spirales
468 4463 568 4527 lineae,
589 4463 648 4533 ipse
669 4463 751 4518 rectis
772 4462 971 4533 perfectissime
991 4459 1081 4532 possit
1099 4460 1262 4530 exprimere.

262 4560 348 4619 ruite
359 4566 404 4614 est
417 4576 489 4615 anuo
505 4560 583 4616 1584
595 4561 774 4630 Antwerpiae
789 4557 1008 4631 cosmographia
1026 4557 1159 4630 Apiani
1180 4574 1240 4612 oum
1260 4559 1412 4615 Gemmas
1433 4561 1521 4632 patris

175 4647 205 4696 et
224 4640 277 4697 ulii
295 4640 489 4696 additionibus.
530 4641 571 4696 Ibi
601 4641 719 4710 plurima
747 4643 781 4695 ad
803 4641 941 4695 nauticam
971 4638 1152 4710 pertinentia:
1183 4644 1214 4690 ut
1243 4638 1364 4694 inventio
1394 4642 1521 4714 quadrati

173 4720 288 4787 ιιιιιιιι,
308 4716 408 4777 cbi'ex
427 4730 510 4775 rento
522 4728 554 4775 et
573 4720 763 4775 altitudinibus
784 4721 840 4790 poli
859 4722 973 4775 duorum
993 4722 1113 4775 locorum
1127 4718 1246 4772 habetur
1259 4718 1413 4776 differentia
1432 4722 1521 4794 longi·

173 4800 285 4866 tudinis,
299 4801 367 4856 item
379 4798 450 4855 idem
463 4819 501 4855 ex
514 4800 705 4856 observatione
719 4801 823 4857 Lunae.
837 4828 876 4838 -
890 4800 977 4854 Plura
995 4818 1050 4856 non
1069 4797 1184 4862 memini,
1206 4795 1276 4851 liber
1296 4799 1361 4854 mibi
1374 4801 1448 4856 hirto
1462 4819 1521 4857 sur-

175 4888 272 4955 reptus
284 4887 339 4941 ιιι.
367 4882 584 4961 Διιοιιιιιιοιιιιιο
598 4888 628 4936 et
639 4898 695 4955 ego
704 4880 765 4947 Dec
778 4880 889 4936 colente
903 4872 1153 4954 ·„l²arailacticaru“⁸
1167 4888 1256 4963 meam
1269 4873 1314 4941 (sc
1327 4888 1436 4951 ιιιιιιιι
1447 4903 1521 4957 qnam
