3368 5534
288 337 350 407 150
650 335 680 386 ln
699 334 883 385 Commentaria
901 333 931 384 do
949 332 1055 382 motibus
1075 331 1162 382 stellae
1181 328 1270 383 Martia

283 537 334 592 per
353 519 406 574 hoo
426 516 545 572 maxime
566 516 598 568 lit
617 513 762 577 versimile,
785 513 850 584 quia
869 513 897 567 in
918 531 950 566 oo
972 514 1032 567 fons
1054 518 1098 566 est
1119 517 1208 567 motus
1229 513 1264 565 ad
1284 510 1421 568 nini-nn
1441 513 1562 586 quinque
1577 515 1636 586 pla·

283 608 418 655 netarum.
459 598 523 653 sive
551 594 623 650 onim
650 594 874 664 Copernicum
904 593 1029 664 sequaris
1055 593 1113 647 sire
1138 592 1321 656 Braheum,
1351 592 1481 666 utrinque
1510 594 1539 649 ia
1559 596 1638 650 Sole

284 688 329 735 est
350 681 410 734 lons
431 684 521 732 motus
543 677 716 745 planetarum
738 674 864 744 quinque,
887 674 913 727 in
936 673 1152 744 Copornico
1173 672 1258 726 etiarn
1279 672 1363 737 sexti,
1384 675 1493 729 scilicet
1505 676 1635 732 Telluris.

283 763 400 815 Fontem
420 765 513 811 autem
534 756 620 810 omnia
642 763 731 808 motus
753 754 925 809 verisimilius
946 760 991 809 est
1010 772 1060 807 suo
1082 753 1141 807 loco
1162 768 1273 807 manere
1294 769 1375 825 quam
1396 754 1510 810 moveri.
1602 750 1608 757 '

362 844 402 894 At
422 837 562 892 siBrahei
584 836 737 905 opinionem
759 850 913 904 sequamur,
936 843 966 890 et
985 835 1108 890 Solem
1128 833 1248 887 dicamus
1269 833 1387 889 moveri:
1408 834 1526 906 primurn
1544 845 1640 891 manet

285 922 339 975 hoc
358 922 591 979 demonstratum,
612 916 705 970 Solem
725 917 834 969 tardum
855 915 980 969 incedere
1002 933 1061 969 oum
1084 932 1102 969 a
1121 915 1208 968 Terra
1228 913 1313 985 longe
1332 914 1404 980 abit,
1433 915 1558 971 velocem
1579 934 1638 971 crim

282 1000 504 1072 appropinquat,
527 997 607 1067 idque
628 1014 682 1049 non
703 997 738 1048 ad
759 994 846 1048 visum
869 1003 990 1060 tantum,
1023 998 1070 1050 sed
1100 994 1184 1048 etiam
1213 993 1242 1047 in
1270 1009 1302 1047 re
1329 994 1405 1064 ipsa:
1435 995 1482 1050 hic
1502 997 1575 1051 enirn
1596 1007 1640 1051 est

282 1083 396 1136 ell'cctus
427 1078 571 1148 aequantia
602 1075 716 1144 circuli,
746 1092 825 1146 quem
852 1093 902 1146 per
929 1074 1190 1130 demonstrationem
1216 1074 1403 1129 neeessariam
1437 1075 1464 1129 in
1500 1077 1639 1133 theoriam

282 1162 355 1216 Solis
375 1161 545 1214 induxeram.

362 1241 452 1310 Super
472 1239 526 1293 hac
546 1238 633 1310 igitur
653 1235 807 1290 certissima
827 1235 999 1290 conclusione
1019 1252 1071 1305 per
1090 1235 1277 1304 conjecturam
1290 1234 1435 1306 physicam
1452 1252 1540 1307 supra
1562 1254 1640 1292 usur·

281 1329 378 1392 patum
398 1320 594 1373 exstruendum
623 1324 699 1370 esset
719 1317 771 1370 hoc
792 1316 936 1386 physicum
963 1316 1181 1386 philosophema,
1209 1315 1302 1370 Solem
1328 1331 1387 1370 una
1413 1332 1473 1371 crim
1501 1323 1563 1372 toto
1591 1318 1640 1373 illo

283 1401 458 1471 maximoque
479 1400 598 1469 quinque
619 1397 832 1451 eccentricorum
853 1414 935 1450 onere
957 1394 1002 1463 (ut
1023 1413 1115 1450 crasse
1137 1391 1249 1467 loquar)
1270 1411 1290 1450 a
1308 1396 1421 1451 Tellure
1441 1396 1559 1460 moveri,
1591 1417 1639 1454 seu

284 1483 386 1537 fontem
407 1486 497 1535 motus
518 1479 590 1532 Solis
611 1485 641 1531 et
661 1478 806 1530 affixerum
828 1476 885 1530 Soli
907 1477 1025 1548 quinque
1046 1477 1258 1531 eccentricornm
1279 1475 1419 1531 messeio
1441 1477 1565 1532 Tellure.

362 1560 447 1631 Atqui
469 1575 585 1629 corpora
605 1565 723 1628 utraque
745 1556 816 1610 Solis
837 1564 867 1610 et
888 1557 1006 1611 Telluris
1028 1556 1209 1627 inspiciantur
1228 1557 1331 1627 fiatque
1348 1557 1481 1626 judicium
1506 1559 1542 1612 de
1562 1568 1638 1613 utro·

284 1660 346 1713 que,
369 1641 422 1695 utri
442 1640 532 1711 magis
553 1645 694 1708 competat
713 1638 774 1691 fons
796 1643 885 1690 motus
907 1638 1026 1708 corporis
1047 1638 1163 1708 reliqui:
1193 1638 1277 1693 Solne
1297 1639 1411 1692 Terram
1435 1646 1564 1702 moveat,
1593 1641 1637 1711 qni

283 1730 390 1777 ceteros
404 1728 497 1774 movet
510 1721 649 1790 planetas,
670 1735 705 1772 an
724 1719 811 1772 Terra
819 1718 919 1781 Solem,
944 1725 1074 1772 motorem
1089 1725 1249 1782 ceterorum,
1265 1724 1309 1772 tot
1321 1717 1427 1772 vicibus
1441 1736 1472 1773 se
1486 1719 1638 1789 majorem?

282 1804 325 1857 Ne
346 1801 433 1873 igitur
455 1816 587 1871 cogamur
608 1800 765 1860 concedere,
787 1799 879 1852 Solem
900 1815 918 1851 a
938 1800 1025 1853 Terra
1045 1799 1159 1863 moveri,
1182 1801 1253 1870 quod
1275 1799 1438 1854 absurdum:
1465 1799 1524 1854 Soli
1546 1799 1637 1855 imme·

281 1882 385 1946 bilitas,
407 1874 512 1934 Telluri
533 1887 621 1933 motus
642 1887 687 1933 est
706 1880 902 1934 concedendus.

364 1961 435 2024 Quid
455 1962 544 2014 dicam
564 1962 598 2014 de
620 1967 743 2030 tempore
765 1960 902 2030 periodico
924 1966 1012 2013 motus
1034 1959 1137 2013 dierum
1159 1956 1225 2023 365,
1249 1960 1320 2031 quod
1341 1976 1401 2014 cum
1422 1959 1459 2014 ait
1480 1960 1639 2031 quantitate

285 2041 472 2098 intermedium
503 2041 576 2094 inter
604 2041 770 2110 periodicum
801 2048 907 2110 tempus
929 2041 1027 2094 Martis
1052 2039 1155 2094 dierum
1176 2041 1234 2096 687
1256 2047 1286 2094 et
1305 2039 1420 2094 Veneris
1441 2039 1548 2095 dicmur
1569 2036 1638 2097 ²25:

284 2141 321 2178 an
342 2139 395 2176 non
417 2122 479 2176 alta
499 2138 567 2174 voce
588 2122 731 2174 exclamat
750 2138 840 2174 rerum
861 2129 975 2183 natura,
997 2120 1154 2184 circuitum,
1177 2121 1204 2175 iu
1225 2139 1277 2192 quo
1298 2128 1495 2176 conen-untur
1515 2121 1564 2175 lati
1584 2123 1640 2176 dies

285 2199 352 2266 ³65,
375 2204 435 2257 loco
456 2201 540 2255 etiam
562 2202 677 2254 medium
698 2217 760 2254 ease
781 2202 853 2255 inter
873 2201 1002 2254 circuitus
1025 2202 1122 2257 llartis
1144 2208 1174 2256 et
1193 2201 1310 2257 Veneris
1331 2201 1404 2255 circa
1424 2201 1533 2266 Solem,
1554 2209 1586 2256 et
1604 2203 1642 2256 rie

284 2284 374 2354 ipsum
395 2299 503 2353 quoque
523 2281 598 2334 circa
611 2281 711 2345 Solem,
733 2282 835 2335 Terrae
857 2281 943 2352 igitur
963 2298 1025 2335 esse
1044 2282 1116 2335 hunc
1130 2282 1271 2337 circuitum
1292 2281 1365 2335 circa
1378 2281 1478 2344 Solem,
1500 2299 1557 2336 non
1569 2282 1641 2337 Solis

283 2365 357 2418 cirea
371 2358 503 2416 Terram?
538 2361 592 2415 Sed
612 2362 683 2416 haec
704 2368 769 2415 sunt
783 2361 871 2432 magis
886 2363 999 2432 propria
1012 2362 1040 2415 hl
1047 2363 1161 2434 ysteri
1169 2364 1178 2416 i
1198 2363 1251 2417 mei
1266 2362 1570 2433 Cosmographioi,
1591 2381 1640 2417 nee

284 2449 366 2498 erant
385 2443 621 2496 commemoranda
640 2442 685 2496 hic
705 2441 763 2495 alia
784 2449 963 2513 argumenta,
993 2460 1074 2514 qnam
1102 2460 1174 2513 quae
1196 2449 1404 2514 pertractantur
1423 2442 1451 2497 in
1471 2443 1525 2497 hoc
1547 2460 1638 2514 opere.

363 2531 454 2602 Igitur
474 2538 570 2585 cetera
590 2530 783 2601 metaphysica
803 2540 977 2602 argumenta,
1000 2549 1070 2603 quae
1092 2550 1141 2601 pro
1165 2532 1237 2587 Solis
1252 2533 1279 2585 in
1297 2533 1396 2587 munde
1415 2532 1486 2596 leco,
1507 2533 1556 2604 qui
1577 2551 1638 2588 cea·

286 2619 359 2667 trum
379 2618 431 2674 est,
453 2627 472 2665 a
491 2611 629 2683 dignitate
650 2611 746 2664 rideris
767 2611 812 2664 rel
833 2613 974 2666 alumine
995 2612 1055 2685 ipso
1077 2614 1220 2677 ducuntur,
1243 2608 1304 2666 vide
1325 2612 1352 2666 in
1372 2613 1445 2667 dicto
1459 2628 1521 2667 meo
1543 2614 1637 2668 libello

286 2701 318 2747 et
339 2693 412 2761 apud
434 2692 626 2761 Cepernicum;
655 2709 706 2745 nec
734 2692 800 2744 nihil
829 2694 902 2761 apud
931 2688 1109 2747 Aristotelem
1131 2695 1178 2747 lib.
1200 2694 1234 2748 Il.
1262 2695 1295 2746 de
1318 2693 1420 2755 Coelo,
1449 2694 1502 2748 sub
1531 2695 1638 2751 nomiae

283 2772 562 2844 Pythagoraeorum,
591 2773 636 2843 qui
666 2772 738 2842 ignis
763 2773 872 2825 nomine
894 2773 985 2827 Solem
1004 2773 1212 2828 intellexerunt.
1254 2772 1347 2845 Tetigi
1371 2772 1466 2844 aliqua
1487 2774 1515 2828 in
1537 2775 1639 2847 Optica

283 2861 365 2923 parte
379 2852 573 2907 Astronomiae
587 2854 654 2923 Cap.
672 2855 691 2906 l.
704 2853 751 2906 fol.
767 2852 793 2906 7.
822 2855 900 2906 Addo
914 2863 944 2908 et
958 2862 1042 2923 caput
1056 2856 1102 2908 Vl.
1119 2853 1268 2926 praecipue
1288 2854 1336 2908 sol.
1351 2847 1418 2908 225.
1437 2858 1555 2920 (11.111.
1567 2860 1640 2915 ml

363 2933 407 2986 De
427 2949 460 2986 oc
482 2950 560 2996 rero,
589 2935 661 3003 quod
681 2934 793 2986 Terram
818 2950 868 3003 par
896 2933 933 2987 sit
959 2941 1043 2987 extra
1069 2935 1185 2989 medium
1213 2934 1303 2988 mundi
1332 2933 1487 2998 circumire,
1516 2935 1639 2990 inveniet

284 3029 344 3083 cap.
365 3012 413 3069 lX.
434 3013 500 3066 lolio
523 3008 579 3067 322
602 3019 647 3080 (ΙΙ,
667 3016 740 3078 ³³2.)
760 3013 834 3066 illius
855 3013 917 3068 libri
939 3021 1132 3085 argumentum
1152 3013 1379 3085 metaphysicum.

363 3093 480 3147 Veniam
500 3101 593 3147 tamen
614 3094 650 3146 ab
671 3094 776 3147 lecture
797 3111 892 3164 spero,
918 3094 941 3147 si
963 3103 1059 3149 contra
1079 3097 1226 3149 nonnullas
1244 3094 1423 3163 objectiones,
1445 3109 1519 3165 quac
1533 3094 1638 3149 animet

285 3182 422 3243 occupant
442 3173 539 3245 hisque
561 3172 731 3244 argumentis
752 3173 804 3227 hoc
825 3182 908 3245 pacto
929 3175 1016 3229 lucem
1038 3176 1166 3246 eripiunt,
1190 3175 1309 3229 remedia
1323 3176 1458 3246 quaedam
1476 3175 1565 3229 etiam
1585 3175 1637 3229 hec

283 3254 343 3306 loco
364 3254 486 3308 indicem.
527 3254 623 3323 Neque
645 3254 715 3307 enim
736 3256 817 3307 valde
839 3255 1016 3309 alienarunt
1037 3259 1072 3310 ab
1094 3257 1141 3320 iis,
1173 3272 1244 3327 quae
1270 3255 1296 3309 in
1319 3271 1402 3325 opere
1423 3256 1535 3325 dupnto
1557 3272 1640 3326 super

283 3333 374 3387 causis
395 3333 517 3404 physicis
539 3342 628 3387 motus
650 3335 834 3403 planetarum,
856 3336 1020 3405 praesertim
1042 3337 1127 3390 tertia
1147 3343 1177 3391 et
1198 3343 1300 3407 quarta
1320 3343 1409 3405 parte.

362 3414 466 3468 Multos
487 3414 601 3484 impedit
621 3425 710 3469 motus
725 3415 859 3485 gravium,
883 3435 936 3486 qno
956 3417 1042 3470 minus
1058 3419 1168 3471 credere
1183 3416 1297 3487 possint,
1320 3417 1431 3470 Terram
1446 3415 1550 3471 moveri
1565 3424 1638 3471 netu

285 3493 397 3547 animali
418 3510 467 3547 seu
488 3496 580 3564 potius
602 3495 766 3565 magnetico.
809 3496 829 3549 li
851 3499 1025 3566 perpendant
1045 3498 1246 3568 propositiones
1267 3504 1430 3568 sequentes:

364 3574 498 3629 Punctum
519 3576 742 3630 mathematicum
763 3576 821 3629 sire
842 3585 964 3630 centrum
985 3579 1074 3632 mundi
1096 3579 1133 3632 sit
1146 3578 1204 3632 sire
1219 3596 1281 3640 non,
1304 3577 1399 3648 nequit
1413 3592 1523 3631 movere
1537 3576 1639 3648 gravia

283 3671 372 3725 neque
393 3655 518 3709 effective
540 3673 628 3726 nequa
649 3655 801 3723 objectiva,
824 3664 856 3710 ut
876 3661 910 3710 ad
933 3674 962 3710 so
984 3660 1125 3714 accedant.
1166 3659 1287 3713 Probent
1317 3657 1441 3728 physici,
1471 3657 1546 3711 hanc
1577 3674 1638 3711 este

283 3735 336 3789 rim
357 3744 474 3805 puncto,
496 3739 567 3808 qnod
588 3754 677 3807 neque
698 3754 796 3807 corpus
818 3745 863 3791 est
883 3755 971 3807 neque
992 3738 1075 3793 alitor
1096 3739 1201 3794 nisiex
1221 3740 1283 3793 sela
1303 3738 1441 3793 relatione
1460 3737 1636 3811 intelligitur.

362 3825 533 3895 impossibile
554 3833 606 3890 est,
628 3833 661 3879 nt
680 3827 767 3880 forma
788 3827 886 3896 lapidis
901 3831 1031 3881 movendo
1047 3846 1144 3898 corpus
1159 3846 1237 3884 suum
1252 3834 1370 3900 quaerat
1385 3834 1515 3898 punctum
1530 3828 1637 3893 mathe-

282 3906 410 3962 maticum
432 3912 482 3958 aut
502 3906 593 3960 mundi
616 3907 747 3969 medium,
778 3907 849 3961 citra
878 3917 1032 3978 respectum
1063 3911 1183 3979 corporis
1212 3911 1238 3964 in
1266 3926 1319 3980 quo
1340 3917 1384 3962 est
1405 3908 1472 3961 illud
1494 3917 1636 3979 punctum.

281 3988 404 4042 Probent
424 3987 541 4055 physici,
563 4004 608 4040 res
629 3988 773 4041 naturales
795 3989 898 4042 habere
920 3989 1104 4060 sympathiam
1126 3993 1160 4044 ad
1182 3992 1207 4044 id
1229 3992 1299 4061 quod
1321 3989 1388 4043 nihil
1410 3995 1461 4043 est

361 4069 414 4122 Sed
435 4083 523 4136 neque
545 4068 597 4120 hoc
617 4074 700 4138 pacto
721 4068 820 4138 gravia
841 4071 957 4123 tendunt
978 4072 1012 4122 ad
1034 4077 1156 4124 centrum
1178 4071 1283 4133 mundi,
1315 4071 1386 4140 quod
1408 4068 1522 4141 digiant
1541 4076 1636 4123 extre·

282 4150 393 4204 mitates
415 4147 505 4201 mundi
528 4148 644 4203 rotundi.
686 4148 756 4202 Nam
777 4149 931 4219 proportio,
955 4167 1009 4220 qna
1030 4151 1133 4205 obeunt
1153 4167 1171 4205 a
1190 4151 1278 4205 medio
1299 4149 1403 4212 mundi,
1426 4148 1574 4203 invisibilis
1594 4156 1639 4202 est

282 4240 311 4284 et
332 4229 399 4282 nihil
421 4226 506 4280 efficit
527 4228 553 4280 in
575 4230 779 4299 comparatione
801 4233 835 4283 nd
857 4230 1014 4284 distantiam
1036 4224 1269 4286 ab‘extremitate
1283 4229 1384 4294 mundi.
1412 4228 1450 4283 Et
1464 4245 1537 4300 quae
1551 4245 1637 4285 cauta

282 4317 356 4364 esset
378 4309 460 4377 hqjus
482 4308 555 4361 odii?
587 4317 692 4379 quanta
713 4310 755 4372 vi,
788 4318 893 4380 quauta
914 4311 1054 4379 sapientia
1074 4318 1217 4381 oporteret
1236 4329 1298 4366 esse
1318 4310 1448 4381 praedita
1467 4310 1584 4384 gravia,
1604 4318 1635 4364 ut

282 4398 340 4446 tam
361 4395 490 4444 accurate
511 4389 609 4460 lugere
626 4398 742 4460 possent
756 4391 792 4444 ab
807 4391 886 4443 hoste
901 4391 1018 4460 undique
1033 4391 1224 4462 circumjecto?
1245 4400 1385 4464 quantave
1400 4390 1527 4445 sollertia
1541 4396 1636 4446 extre·

283 4471 410 4526 mit-atum
430 4469 520 4523 mundi
543 4471 577 4523 ad
598 4472 816 4541 persequendum
837 4472 944 4524 hostem
965 4488 1043 4525 suum
1065 4479 1121 4525 tam
1141 4473 1284 4528 minutim?

361 4564 400 4614 At
421 4576 508 4629 neque
530 4559 667 4631 vertigine
689 4561 787 4629 rapida
808 4561 886 4630 primi
908 4563 1014 4615 mobilis
1036 4563 1214 4617 excutiuntur
1234 4561 1334 4633 gravia
1353 4560 1381 4614 in
1402 4560 1534 4623 medium,
1556 4566 1590 4615 ut
1609 4559 1635 4615 ia

282 4640 361 4694 undis
383 4638 490 4694 rotatis.
519 4640 588 4693 Nam
603 4651 692 4693 motus
714 4642 770 4703 ille,
793 4641 815 4694 si
838 4659 970 4710 ponamus
985 4660 1055 4706 esse,
1078 4661 1131 4697 non
1152 4650 1195 4696 est
1211 4640 1385 4696 continuatus
1401 4658 1487 4711 usquo
1508 4643 1544 4695 ad
1565 4641 1636 4717 haec

284 4721 426 4774 inferiora:
450 4719 519 4774 alias
541 4720 705 4774 sentiremus
727 4721 815 4789 ipsum
836 4731 864 4774 et
886 4739 1045 4792 raperemur
1066 4740 1123 4777 una
1142 4723 1281 4793 etiamque
1296 4723 1435 4775 nobiscum
1450 4722 1512 4791 ipsa
1525 4722 1634 4776 Tellua:

284 4800 576 4871 imo·praeriperemnr
596 4820 661 4867 nos,
683 4802 771 4855 Terra
799 4812 974 4872 sequeret-ur:
1005 4820 1076 4875 quae
1107 4802 1197 4858 omnia
1227 4802 1376 4873 opponenti
1407 4802 1530 4857 absurda
1561 4808 1633 4856 aunt.

283 4884 411 4953 Apparet
431 4881 518 4956 igitur
539 4882 689 4940 doctrinam
710 4883 855 4955 vulgarem
875 4884 910 4940 de
929 4883 1072 4957 gravitate
1093 4901 1155 4940 esse
1175 4898 1328 4941 erroneam.
