3368 5534
167 322 229 396 182
646 325 686 376 De
705 324 813 377 Motibus
833 322 926 376 Stellas
945 322 1036 377 Martis

168 526 272 568 cessus
296 515 327 566 et
351 525 489 567 recessus
514 504 557 565 sic
582 504 764 576 moderetur,
791 513 823 565 nt
846 504 904 564 iter
928 504 1024 582 ipsum
1050 504 1105 565 DE
1129 503 1183 563 fiat
1205 502 1345 562 circulus.
1394 499 1522 580 Oportet

170 597 262 674 igitur
285 596 312 656 ei
337 595 525 656 intellectum
549 601 580 653 et
603 593 826 655 affectationem
850 593 952 655 circuli
968 595 1075 654 ‘inesse
1101 601 1132 653 et
1153 590 1325 669 discrepare
1348 590 1520 670 proportio-

164 705 232 746 nem
257 684 411 745 tarditatis
436 693 467 744 et
491 681 656 744 celeritatis
680 682 818 760 propriae
843 703 862 741 a
885 683 1005 742 virtutis
1030 692 1193 742 extraneae
1227 679 1382 759 gradibus,
1431 680 1476 740 At
1499 679 1521 738 si

165 774 367 836 astronomiae
392 769 665 835 demonstrationes
689 770 949 831 observationibus
974 770 1060 832 nixae
1085 777 1250 840 testentur,
1276 768 1357 829 viam
1381 768 1522 848 planetae

167 883 225 924 nou
250 882 317 923 esse
342 862 460 922 omnino
485 860 667 934 circularem,
693 867 908 938 contraquam
933 859 1007 920 haec
1030 859 1124 920 habet
1138 857 1324 940 hypothesis,
1351 866 1416 918 tum
1433 857 1523 917 etiam

162 950 291 1041 physica
315 952 389 1012 haec
413 947 614 1011 consideratio
639 948 728 1009 aliter
751 949 925 1009 instituetur
950 949 1185 1028 liberabiturque
1203 947 1298 1008 virtus
1317 948 1462 1026 planetae
1479 946 1523 1005 his

162 1049 228 1103 tam
252 1040 388 1121 operosis
417 1037 578 1120 requisitis.

255 1127 316 1191 Sed
341 1137 478 1192 revertor
501 1129 539 1188 ad
565 1124 776 1203 Copernicum.
815 1126 845 1185 ls
870 1124 1088 1188 absurditatem
1108 1126 1172 1205 jam
1197 1143 1288 1203 supra
1310 1144 1349 1187 ex
1373 1144 1431 1186 sua
1455 1144 1523 1183 san·

165 1217 263 1280 tentia
287 1218 468 1298 explicatam
493 1217 611 1294 fugiens
636 1233 689 1292 pro
705 1223 855 1295 aequante
880 1213 1008 1275 alterum
1033 1215 1190 1277 substituit
1212 1213 1379 1294 epicyclum
1399 1214 1430 1274 in
1451 1213 1524 1274 hunc

165 1308 294 1370 modum.
344 1306 455 1369 Oentro
479 1330 499 1367 α
522 1301 686 1368 interuallo
709 1306 764 1380 αβ,
789 1303 873 1386 quod
895 1304 937 1366 sit
960 1305 1090 1384 aequate
1113 1305 1178 1387 ipsi
1200 1304 1256 1366 BD
1285 1309 1350 1377 (lig.
1370 1309 1419 1372 52)
1444 1303 1523 1364 scri·

564 1395 657 1455 batur
680 1394 893 1455 concentm‘cus
912 1395 964 1471 βὸ,
988 1403 1023 1456 ut
1045 1397 1130 1457 risus
1151 1394 1186 1456 in
1208 1418 1229 1454 a
1252 1395 1303 1469 sit,
1326 1401 1356 1456 et
1379 1394 1448 1477 ipsi
1470 1392 1522 1451 BD

563 1480 739 1562 parallelos
762 1485 809 1558 αβ
832 1485 1015 1545 continuata
1042 1485 1195 1563 utrinque,
1219 1490 1444 1566 statuaturque
1460 1485 1524 1557 dat

566 1569 701 1652 arsqutus
724 1570 868 1652 aequatis
895 1574 959 1653 ipsi
982 1571 1075 1635 DCE.
1121 1574 1291 1635 Bisecetur
1317 1593 1391 1635 sero
1416 1572 1470 1634 BC
1495 1574 1524 1633 in

381 1659 392 1686 ⁸
451 1657 489 1684 ⁰⁴²
565 1661 597 1720 I:
639 1669 668 1722 et
698 1663 813 1723 centris
842 1663 879 1737 β,
910 1668 941 1733 d,
976 1661 1151 1724 imercath's
1180 1662 1227 1740 βγ,
1260 1659 1312 1734 dd,
1352 1682 1436 1743 quae
1465 1665 1524 1723 sirit

565 1749 714 1828 aequalia
737 1751 800 1830 ipsi
823 1750 883 1822 AI,
908 1752 1065 1812 scribatur
1082 1754 1211 1832 primus
1242 1771 1298 1812 scu
1325 1753 1431 1836 major
1460 1752 1523 1832 epi·

566 1837 688 1919 melus:
711 1841 812 1917 aitque
827 1835 869 1909 ὂζ
881 1837 1056 1918 parallelos
1071 1842 1134 1921 ipsi
1149 1841 1202 1916 αβ.
1242 1841 1397 1919 Dareique
1413 1842 1526 1902 ceramo

579 1925 875 1999 ,‚’nrallr'·
972 1951 1074 2001 a„
1226 1931 1233 1944 '

564 1922 629 2087 in
643 1934 841 2078 fraxani
859 1925 1525 2099 ἰεῖῑῖιηγάαεζὲρίἕὲἔίῖιεῗιῃίσυῗῶῳνῗιῗίἵιεᾞ

564 2105 598 2165 in
622 2106 841 2185 consequentia
872 2103 992 2187 duplus
1014 2107 1058 2167 ad
1080 2114 1199 2168 motum
1215 2109 1338 2188 prima·
1372 2115 1403 2169 et
1426 2115 1524 2169 rioms

563 2193 661 2274 purat
692 2191 827 2274 epicycfi
857 2195 893 2256 in
929 2195 1147 2259 antecedentia
1183 2195 1326 2276 aequatis
1356 2198 1400 2258 sit
1429 2197 1525 2258 motui

566 2282 749 2344 eccentrici:
769 2290 1007 2364 proptereaque,
1033 2305 1102 2345 curn
1132 2292 1177 2346 est
1200 2309 1214 2362 y
1236 2284 1378 2347 indiuisa
1402 2288 1457 2363 αβ,
1487 2287 1525 2346 sit

111 2426 116 2435 .
167 2366 298 2451 planeta
322 2373 357 2434 in
380 2397 404 2443 s,
422 2371 573 2456 montino
590 2378 709 2452 puncto
732 2372 797 2452 ipsi
819 2374 847 2446 lt.
894 2373 938 2433 At
961 2392 1031 2436 eune
1054 2375 1120 2449 βαδ
1142 2381 1255 2447 rectus,
1274 2372 1409 2455 planeta
1432 2377 1473 2436 sit
1494 2378 1525 2436 in

171 2468 326 2540 spuncta
357 2461 564 2524 remotissimo
589 2481 609 2521 α
633 2466 668 2533 ὃ,
701 2467 805 2522 centro
837 2461 968 2544 majoris
1000 2460 1142 2543 epicycli,
1188 2460 1230 2523 Et
1258 2462 1335 2524 hanc
1369 2462 1524 2543 Copernici

132 2622 140 2635 ἢ
169 2548 385 2627 particularem
411 2548 590 2633 hypothesin
615 2547 717 2629 Tycha
741 2548 841 2608 Brahe
866 2549 894 2608 in
918 2550 1149 2626 particularibus
1174 2551 1314 2629 religiose
1339 2553 1484 2631 sequitur.

263 2637 348 2700 Haec
371 2637 547 2722 hypothesis
571 2636 694 2719 physice
718 2636 920 2711 considerata,
945 2638 970 2698 si
987 2639 1099 2700 solidos
1124 2639 1211 2701 orbes
1235 2642 1393 2714 concedas,
1420 2653 1525 2703 utcun-

171 2742 230 2806 que
254 2727 373 2805 quidem
398 2729 509 2790 habet:
534 2726 580 2787 sin
595 2727 686 2787 tollas
712 2727 798 2809 orbes
819 2726 941 2800 solidos
967 2729 1196 2806 quodBraheus
1220 2731 1328 2791 meiito
1343 2731 1429 2804 facit,
1454 2750 1525 2810 pene

165 2813 357 2895 impossibile
382 2817 451 2897 quid
476 2815 558 2877 dicit.
605 2815 820 2894 Praeterquam
845 2816 931 2888 enim,
957 2818 1035 2895 qnod
1059 2826 1121 2878 tres
1145 2826 1260 2879 mentes
1284 2820 1463 2899 agitatrices
1480 2820 1525 2880 nui

169 2904 311 2984 planetae
336 2906 491 2987 adjungit,
526 2905 744 2966 confundentur
768 2905 857 2964 etiam
883 2905 997 2965 alterae
1021 2907 1059 2966 ab
1084 2907 1208 2968 alterius
1236 2917 1318 2970 motu
1343 2918 1375 2970 et
1399 2910 1525 2990 appulsu

104 3053 111 3067 ,
171 2993 209 3054 'ad
234 3010 341 3075 corpus
366 2995 394 3056 in
419 3014 459 3069 a;
484 3014 551 3055 nam
578 3003 610 3054 ut
634 2992 785 3071 quaelibet
809 2994 846 3053 ad
872 3013 956 3054 suum
981 3004 1115 3058 centrum
1145 2998 1240 3070 (nullo
1270 3017 1395 3076 corpore
1425 3001 1525 3061 deter-

168 3082 316 3167 yninatnm
351 3092 382 3146 et
411 3092 570 3164 praeterea
599 3082 690 3142 etiam
724 3081 846 3153 mobile)
880 3084 1038 3162 respiciat,
1072 3087 1100 3146 id
1126 3107 1161 3147 ne
1193 3086 1376 3165 cogitatione
1410 3089 1525 3167 quidem

171 3174 394 3252 repraesentari
418 3181 529 3253 potest.
576 3172 740 3233 Praeterea
768 3171 835 3231 dum
862 3169 1045 3253 Copernicas
1069 3174 1273 3236 Ptolemaeum
1308 3177 1523 3257 aequabilitate

170 3270 302 3322 motuum
327 3282 467 3343 superare
494 3261 610 3335 nititur,
638 3260 675 3320 ab
692 3279 726 3319 eo
752 3260 884 3321 vicissim
908 3263 1091 3339 perfectione
1115 3264 1231 3325 itineris
1244 3266 1405 3346 planetarii
1420 3286 1523 3346 super·

55 3368 60 3380 ’
171 3359 247 3411 atur.
302 3351 476 3413 Ptolemaeo
511 3349 587 3413 enim
617 3349 740 3430 planeta
763 3351 928 3430 perfectum
952 3352 1093 3413 circulum
1121 3372 1244 3432 corpore
1268 3373 1322 3415 suo
1346 3373 1400 3434 per
1426 3376 1525 3417 auram

171 3438 344 3502 aetheream
369 3440 520 3519 designat.
574 3436 759 3517 Copernicns
789 3458 860 3500 vero
894 3438 943 3501 lib.
969 3440 1009 3501 V.
1041 3461 1105 3520 cap.
1130 3438 1160 3503 l.
1193 3444 1321 3515 fatetur,
1357 3445 1416 3506 sibi
1452 3448 1526 3506 riam

171 3527 313 3607 planetae
329 3550 387 3590 non
408 3550 475 3591 esse
498 3529 687 3603 circularem,
712 3529 765 3588 sed
790 3548 945 3593 excurrere
962 3531 1001 3590 ad
1017 3525 1186 3605 latera²⁶):
1211 3533 1289 3612 quod
1304 3532 1333 3593 in
1355 3533 1413 3596 hac
1437 3535 1527 3615 ligura

171 3616 262 3679 facile
286 3618 516 3680 demonstratur.

261 3706 340 3768 Nam
372 3707 398 3768 ei
422 3726 497 3768 exe
532 3706 595 3766 loco
626 3705 766 3786 planetae
801 3707 829 3768 in
859 3724 993 3786 apogaeo
1028 3708 1215 3770 intervallum
1244 3710 1289 3786 αβ
1321 3711 1403 3773 orbis
1437 3712 1526 3773 semi·

172 3795 311 3858 diametri
337 3796 590 3869 extenderint,
616 3803 647 3856 et
670 3815 707 3855 ex
735 3800 759 3857 s
783 3796 840 3874 ipsi
864 3801 909 3857 ad
941 3798 1117 3876 parallelum
1149 3816 1224 3876 agas
1247 3803 1309 3874 θκ,
1340 3799 1469 3862 circulus
1493 3825 1527 3862 ar

174 3902 212 3946 ex
235 3890 260 3947 o
285 3885 453 3965 descriptus
486 3884 627 3946 transibit
661 3885 778 3964 quidem
811 3904 864 3965 per
887 3909 901 3945 a
925 3894 957 3946 et
989 3886 1053 3964 ejus
1085 3888 1181 3947 locuni
1205 3889 1376 3967 oppositam
1400 3889 1430 3950 in
1448 3893 1527 3970 peri·

175 3993 275 4054 gaeo:
306 3983 339 4035 at
369 3994 435 4035 cum
460 3982 567 4052 tangat
590 3983 704 4034 rectam
729 3980 768 4050 tq
796 3975 824 4035 in
848 3974 913 4035 solo
938 4000 953 4034 κ
977 3985 1008 4035 et
1031 3976 1153 4056 planeta
1178 3984 1314 4036 transeat
1336 3995 1391 4057 per
1415 4001 1446 4055 q,
1469 4000 1526 4041 non

175 4071 279 4147 manet
303 4082 374 4143 ergo
399 4064 428 4124 in
445 4064 554 4124 circulo
580 4086 624 4137 en,
649 4063 702 4124 sed
720 4063 795 4124 hanc
815 4063 952 4124 semitam
977 4064 1137 4142 egreditur.
1175 4063 1261 4125 Ilanc
1277 4065 1527 4130 exorbitatioaenr

174 4151 291 4215 itineris
315 4152 475 4233 planetarii
501 4174 518 4213 a
543 4153 725 4230 perfectione
750 4152 852 4213 circuli
872 4151 1064 4215 Ptolemaeus
1086 4153 1249 4232 Copernico
1269 4153 1337 4231 jure
1362 4155 1523 4235 objecerit:

175 4260 230 4323 ego
256 4261 314 4303 non
339 4242 459 4321 objicio.
507 4241 584 4301 Nam
610 4241 687 4301 infra
716 4240 968 4302 demonstrabitur
992 4253 1077 4320 parte
1102 4251 1224 4322 quarta,
1252 4242 1386 4325 physicis
1411 4247 1526 4308 duabus

174 4331 338 4393 virtutibus
361 4339 516 4410 potestate
541 4330 724 4409 simplicibus
750 4331 787 4390 ad
813 4332 989 4392 movendum
1019 4333 1171 4412 planetam
1202 4334 1450 4396 concurrentibus
1473 4357 1526 4398 ne·

175 4421 308 4482 cessario
333 4419 429 4494 effici,
463 4429 496 4480 ut
525 4420 649 4499 planeta
677 4440 695 4478 a
727 4419 837 4480 circulo
870 4438 1029 4501 parumper
1059 4422 1220 4496 deflectat,
1253 4440 1310 4483 noo
1341 4427 1526 4488 excurrendo

177 4509 313 4588 quidem,
347 4519 378 4572 ut
404 4511 431 4570 in
457 4509 513 4570 hac
545 4507 701 4588 hypothesi
727 4506 954 4589 Copernicana,
987 4510 1041 4570 sed
1075 4511 1256 4573 contrariam
1283 4511 1313 4572 in
1341 4513 1466 4594 plagam
1490 4515 1527 4577 ad

169 4608 311 4659 'centmm
335 4618 376 4658 sc.
403 4597 608 4676 ingrediendo.

266 4684 381 4756 Quodsi
410 4686 530 4764 insuper
554 4681 738 4763 Copernicus
773 4685 864 4746 etiam
893 4685 976 4749 illam
999 4708 1084 4749 suam
1119 4689 1290 4750 libertatem
1323 4693 1528 4756 constituendi

171 4776 383 4854 proportiones
418 4774 614 4856 epicyclornm
654 4771 800 4846 retineat,
834 4774 895 4836 fieri
930 4784 1033 4855 potest
1066 4788 1098 4839 nt
1135 4787 1271 4840 tortuosa
1306 4779 1451 4857 planctae
1483 4785 1531 4845 ria

179 4863 303 4940 evadat,
337 4864 426 4927 altior
448 4868 521 4925 ants
543 4866 575 4923 et
596 4867 667 4942 pret
697 4878 880 4945 apogaeum,
913 4880 1004 4951 qum
1031 4866 1062 4929 ia
1093 4867 1157 4948 ipso
1180 4885 1315 4949 apogaec
1356 4869 1531 4953 domnius
