3368 5534
180 276 225 350 96
603 286 823 356 wroxceter
840 287 1110 357 mamm

180 458 293 530 ³¹-l‘
314 461 372 527 buc
395 462 476 528 illuc.
522 466 673 530 durantur
696 472 797 530 antem
818 465 1008 548 prolongatis
1030 465 1185 530 distantiis
1211 464 1243 528 in
1264 463 1374 528 mediis
1397 462 1537 546 longitu-

178 550 308 616 dinibus.
354 550 407 616 Sic
430 553 523 635 igitur
545 564 607 633 est,
638 556 679 619 mi
702 556 830 619 Fabrici.
876 555 1030 639 Negativa
1056 556 1160 621 circuli
1186 553 1383 618 validissimis
1412 555 1538 638 quidem

177 641 283 707 nititur
305 643 490 723 argumentis
520 653 553 708 et
584 645 714 709 ovalitas
744 646 874 720 (frustra
904 654 936 708 te
968 645 1164 733 concludepte
1196 651 1304 707 contra
1334 643 1444 720 hanc),
1481 642 1538 706 sed

176 731 359 796 affirmativa
380 732 487 797 harnm
510 735 720 798 distantiarum
748 755 786 797 ex
817 734 1048 799 ratiocinatione
1074 754 1144 797 mea
1171 733 1249 796 nude
1279 733 1442 814 dependet.
1490 731 1537 795 ’lh

176 819 300 884 vitiose:
324 821 510 903 Kepleriana
532 823 662 887 ovalitas
682 825 804 888 nimium
819 831 928 900 curtat
954 842 1026 905 ergo
1044 824 1126 887 nulla
1138 823 1229 905 plane
1244 822 1378 885 ovalitas
1391 828 1536 903 ponatur.

175 908 243 993 ligo
267 928 361 994 aeque
384 911 511 976 vitiose:
542 912 683 976 Ovalitas
708 922 756 975 est
779 912 894 994 aliqua,
917 930 989 992 ergo
1013 911 1088 975 haec
1112 912 1184 987 erit,
1219 929 1309 991 qnam
1331 910 1538 993 aequabilitas

177 1007 277 1066 motus
300 999 427 1084 epicycli
452 1010 613 1067 monstrat
651 1003 686 1064 In
706 1002 891 1066 dimensione
906 1002 987 1065 orbis
1003 1001 1093 1065 annui
1110 998 1241 1066 100000
1259 1000 1364 1063 circuli
1384 997 1538 1082 perfectio

175 1088 338 1172 prolongat
359 1090 431 1154 ciro.
455 1089 522 1156 800
545 1102 599 1159 aut
621 1089 686 1156 000
710 1091 808 1155 nimis.
847 1089 987 1154 Ovalitas
1010 1109 1079 1153 mea
1097 1098 1197 1153 curtat
1214 1084 1281 1153 400
1297 1089 1418 1153 circiter
1431 1089 1538 1151 nimis.

175 1178 301 1241 Veritas
325 1180 426 1243 estin
449 1181 562 1256 medio,
592 1181 715 1262 propior
737 1191 839 1244 tamen
871 1181 1011 1243 dualitati
1043 1199 1139 1243 meae.
1185 1178 1293 1259 Neque
1321 1187 1426 1242 tamen
1455 1177 1540 1243 luha

175 1267 377 1348 longitudines
399 1270 514 1333 medias
536 1271 779 1352 prolongandae,
808 1269 862 1332 sed
893 1270 987 1332 etiam
1013 1287 1104 1349 supra
1127 1268 1290 1330 etiamnum
1307 1266 1407 1349 magis
1422 1266 1538 1330 decur-

174 1357 285 1421 tandae
300 1365 370 1421 sunt
389 1358 586 1432 differentiae,
610 1380 699 1440 quam
713 1378 782 1422 mea
795 1359 855 1422 lert
868 1359 980 1422 uvalis:
1005 1358 1153 1422 omuino
1177 1357 1289 1438 quasi
1314 1356 1374 1419 vis
1387 1356 1537 1419 Martis

174 1453 281 1510 esset
303 1447 481 1527 perfecta
504 1449 667 1529 ellipsis.
714 1447 777 1511 Sed
799 1447 944 1511 nihildum
967 1447 1048 1510 circa
1070 1445 1327 1526 hancexploravi.
1365 1445 1432 1510 Hoc
1447 1444 1536 1509 veri-

174 1534 318 1610 similius,
353 1536 518 1620 epicyclum
551 1546 582 1598 et
613 1539 643 1599 in
672 1537 791 1617 aphelio
822 1545 854 1598 et
884 1536 915 1599 in
943 1536 1087 1616 perihelio
1119 1535 1294 1598 accelerari.
1346 1537 1398 1599 Ita
1427 1553 1536 1597 omnes

173 1624 316 1708 planetae
340 1644 406 1688 curn
429 1628 455 1699 1>
481 1627 512 1689 in
535 1628 612 1690 hanc
644 1627 820 1689 societatem
845 1626 1090 1689 Variationis
1120 1625 1363 1708 Tychonicae
1396 1623 1532 1686 venient

262 1712 443 1794 Resipnisti,
478 1715 579 1790 video,
615 1736 682 1780 cum
710 1723 764 1778 tua
793 1714 1004 1779 observatione
1028 1713 1098 1776 anni
1124 1709 1224 1790 1602,
1258 1733 1348 1795 quam
1372 1731 1440 1776 cnm
1464 1731 1535 1775 mea

172 1803 334 1888 hypothesi
352 1804 417 1884 jam
440 1805 521 1867 intra
544 1805 576 1868 5¹
600 1805 759 1877 concilias;
783 1811 874 1885 atque
898 1804 954 1867 hoc
977 1803 1121 1867 dixeram.
1168 1805 1263 1866 Totus
1287 1822 1365 1867 nnnc
1388 1802 1421 1866 in
1437 1801 1535 1868 Gom·
1570 1844 1576 1852 -

173 1893 428 1970 manumissum,
453 1895 678 1961 utvixotiurn
702 1894 830 1956 habeam
854 1893 1015 1956 scribendi.
1061 1893 1143 1955 Veni
1161 1892 1228 1973 jam
1259 1891 1471 1974 plaususque
1494 1891 1535 1956 ad

171 1981 252 2045 hune
272 1983 427 2062 scopulum
449 1983 598 2064 prioribus
622 1983 782 2064 expeditis.
812 1984 848 2045 In
868 1983 936 2063 ipsa
959 1981 1156 2065 quadratione
1180 1980 1339 2044 ovslitatis
1358 1999 1446 2044 meae
1466 1980 1534 2055 (m-

172 2089 240 2134 sere
264 2072 343 2134 eninr
366 2092 450 2148 eam,
484 2081 516 2135 ut
544 2074 596 2135 alii
624 2074 766 2147 videant,
800 2080 929 2156 quantae
958 2071 1047 2135 molis
1071 2071 1175 2146 luerit)
1200 2070 1386 2151 importunus
1410 2069 1545 2152 qnidam·

171 2160 284 2242 hospes
312 2180 366 2241 per
393 2182 520 2225 arcanos
551 2163 652 2226 aditus
681 2181 750 2225 sese
782 2162 812 2225 in
844 2181 929 2224 meas
952 2161 1044 2224 aedes
1075 2159 1178 2223 intulit
1208 2178 1314 2241 meque
1341 2157 1537 2242 perturbavit

171 2244 203 2315 0.
227 2249 302 2312 Dec.
326 2257 366 2312 st
391 2271 419 2313 n.
446 2251 493 2314 die
518 2252 543 2325 Ω
567 2270 655 2315 mane
678 2252 846 2333 quadrante
871 2259 941 2314 ante
969 2249 1019 2314 12.
1042 2247 1196 2313 Bobemici
1220 2248 1386 2329 horologii,
1410 2249 1533 2313 nemine

170 2334 391 2403 Frideri'eus
413 2339 615 2422 Keplerus.
662 2343 745 2405 Ante
778 2360 875 2404 meum
907 2340 1077 2403 decubitum
1110 2339 1231 2421 adjutus
1258 2357 1278 2399 a
1301 2337 1441 2400 studioso
1464 2357 1533 2402 meo

171 2426 278 2508 scripsi
309 2428 430 2490 tabulas
458 2429 578 2494 Martis
626 2428 842 2512 Compendium
872 2428 949 2503 tale,
981 2438 1017 2492 ut
1048 2428 1129 2492 intra
1160 2447 1250 2490 unum
1284 2427 1363 2491 diem
1395 2427 1533 2491 scribere

168 2516 285 2600 passim
314 2517 505 2598 ephemerida
534 2519 730 2600 longitudinis
754 2527 779 2590 d
803 2520 832 2582 in
856 2538 944 2585 uuum
968 2537 1087 2593 annum,
1110 2535 1165 2596 per
1192 2517 1287 2579 denos
1310 2515 1377 2581 dies
1399 2534 1533 2599 propor-

169 2605 327 2669 tionaliter
348 2607 475 2687 agendo,
501 2608 558 2670 nisi
581 2609 664 2671 circa
686 2609 845 2670 stationes.
889 2606 1038 2680 (Tabulae
1063 2624 1181 2688 semper
1203 2613 1338 2681 manent,
1362 2607 1532 2687 quomodo-

170 2695 1093 2867 iwriiriiiirdiiidndl⁸ii³iiimdmiiiiii?
1109 2693 1532 2864 ttlltttl't’ltlr

168 2874 345 2956 auspiceris.
393 2873 455 2938 Sed
479 2885 579 2939 tamen
603 2877 672 2939 vide
695 2896 732 2939 ne
755 2875 948 2949 sanciretis,
971 2874 1042 2938 dum
1065 2894 1112 2937 me
1135 2893 1203 2937 eum
1225 2873 1282 2936 hoc
1304 2872 1409 2937 labore
1432 2875 1534 2938 vitam

170 2962 319 3027 initurum
343 2963 510 3026 existimas.

257 3050 305 3113 De
328 3052 536 3116 latitudine
560 3072 665 3133 parum
688 3051 835 3115 hactenus
858 3053 900 3115 fui
919 3052 1083 3128 sollicitus,
1112 3051 1191 3132 qnod
1214 3051 1297 3113 illam
1321 3049 1411 3113 facile
1435 3052 1534 3133 sequi,

169 3140 258 3204 facile
282 3140 395 3204 inflecti
419 3143 547 3204 videam.
586 3140 802 3222 Compendinm
824 3152 927 3204 tamen
951 3153 981 3204 te
1005 3159 1063 3203 non
1077 3139 1193 3204 celabo.
1231 3142 1266 3203 ln
1281 3140 1434 3221 triangulo
1449 3142 1533 3207 inter

167 3226 209 3310 Θ
234 3234 260 3307 ό
284 3238 311 3300 <5
332 3231 383 3292 rel
406 3250 611 3313 quemcunque
634 3232 788 3312 planetam
811 3231 968 3311 ingredere
998 3229 1225 3312 parallacticam
1253 3236 1391 3292 nostram
1414 3235 1530 3302 (tutu.

165 3324 274 3393 atil.)
297 3339 317 3379 a
339 3322 473 3398 margine
498 3340 563 3382 cum
587 3321 707 3400 angulis
731 3318 783 3398 Θ,
806 3321 923 3396 &etin
948 3321 985 3382 iis
1009 3320 1097 3382 lineis
1120 3320 1198 3399 elige
1213 3337 1325 3393 aream,
1345 3337 1423 3398 quae
1437 3319 1531 3384 incli-

166 3408 320 3470 nationem
343 3409 427 3488 plani
450 3429 467 3470 e
491 3410 614 3490 regione
629 3410 730 3490 anguli
745 3408 786 3487 Θ
806 3409 958 3482 exhibeat,
984 3408 1088 3470 statim
1112 3409 1219 3470 eadem
1241 3406 1382 3469 columna
1404 3407 1533 3472 exhibet

166 3496 330 3577 tregione
363 3499 514 3578 anguli&
547 3518 648 3560 reram
682 3499 881 3561 latitudinem.
929 3497 963 3562 Si
994 3516 1052 3559 non
1083 3498 1234 3560 invenitur
1261 3503 1329 3558 tota
1359 3495 1531 3574 inclinatio,

166 3593 330 3667 quaeratur
347 3605 403 3668 per
415 3597 521 3669 partes
544 3602 692 3670 utcunque
707 3590 928 3668 disseparatas,
951 3587 1056 3667 prodit
1068 3586 1148 3647 enim
1162 3595 1195 3647 et
1208 3585 1339 3648 latitudo
1352 3603 1408 3666 per
1420 3597 1531 3668 partes

166 3675 312 3756 tstuplaa
359 3676 466 3739 Potest
489 3687 591 3740 autem
618 3687 649 3738 et
681 3677 836 3740 inclinatio
867 3678 937 3756 ipsa
967 3695 1006 3738 ex
1037 3674 1237 3754 parallactica
1263 3675 1356 3742 sumi.
1385 3677 1530 3756 quaesita

165 3763 299 3826 maxima
320 3765 513 3828 inclinatione
536 3769 566 3829 in
591 3769 690 3846 capite
713 3767 762 3828 vel
787 3767 895 3834 fronte,
918 3765 1066 3828 distantia
1088 3783 1108 3825 a
1131 3764 1210 3826 nodo
1232 3764 1263 3826 iu
1285 3764 1436 3844 margine.

254 3852 394 3934 Exempli
427 3874 522 3917 eausa
553 3856 596 3919 sit
627 3855 782 3918 inclinatio
815 3855 987 3935 quaerenda
1019 3855 1059 3916 ad
1090 3853 1271 3916 distantiam
1300 3853 1422 3916 anodo
1452 3849 1526 3918 40‘.

165 3940 473 4013 unhrainein.
498 3956 547 4008 est
574 3943 686 4009 1⁶s0⁴
709 3942 785 4008 45”.
831 3945 877 4007 At
899 3944 1169 4025 parallacticanon
1191 3942 1314 4006 excedit
1335 3937 1400 4008 66¹.
1442 3941 1529 4026 Ergo

164 4030 313 4097 fficio
337 4033 502 4096 maximam
525 4035 751 4097 inclinationem
773 4033 837 4096 sic:

162 4175 313 4250 lituique
328 4176 381 4231 40·
398 4176 447 4230 dat
462 4177 512 4231 65·
572 4221 773 4235 ,,,,,
832 4168 838 4229 i
865 4219 872 4231 .
915 4174 963 4230 41‘
985 4172 1044 4233 W

462 4256 627 4392 ⁴²45:st
670 4303 676 4313 .
718 4301 772 4313 ..
833 4234 871 4363 ἰ.
915 4253 1487 4394 ’ὶὸἐὲξὲῗίυωιμώῶι

277 4433 389 4490 &m
406 4410 713 4493 Wnem.
735 4454 810 4493 nu.
833 4418 839 4507 ξ
864 4441 896 4493 1·
920 4439 965 4494 11⁴
990 4436 1046 4492 11⁴⁴
1088 4434 1184 4491 rnen.
1206 4432 1268 4489 net

253 4566 303 4629 Sit
330 4567 557 4647 jamangulas
589 4569 629 4629 ad
664 4567 703 4647 Θ
740 4567 784 4642 1·,
822 4571 950 4649 angulus
977 4569 1016 4630 ad
1052 4580 1079 4645 ὁ
1110 4563 1157 4631 ³⁸.
1211 4567 1370 4646 ingredior
1399 4585 1476 4649 ergo
1506 4588 1529 4631 a

165 4657 298 4736 largius
313 4655 415 4729 ἢκ.
431 4676 498 4719 cum
519 4660 629 4738 angulo
644 4656 746 4735 ad&
770 4660 799 4720 in
813 4680 853 4721 ea
867 4661 947 4722 linea
960 4658 1099 4738 pamniro
1113 4675 1219 4718 omnes
1241 4659 1408 4729 colunnas,
1427 4656 1526 4722 deuse

164 4743 267 4823 aiqaa
288 4746 361 4808 mihi
381 4747 520 4826 plaseat3
550 4749 652 4828 placet
680 4760 782 4809 autem
809 4749 866 4808 col
898 4747 952 4819 δῖ.
983 4748 1054 4826 quia
1083 4749 1113 4808 in
1142 4765 1181 4806 ea
1203 4764 1220 4805 e
1243 4746 1367 4825 mginna
1399 4745 1461 4810 mei
1487 4742 1527 4811 i'

163 4831 1525 4919 mt·o;apieesipeuegoamugoexnsaiacliaatieuenaaina,ia
