3374 5528
583 1217 1084 1346 ιιοοιιιιιίι

787 1534 880 1546 μ’..

258 1711 379 1776 Passim
399 1710 428 1773 in
442 1711 618 1792 praemissis
633 1731 755 1794 operum
764 1712 888 1795 Kepleri
901 1712 1100 1777 voluminibus
1117 1711 1246 1775 occurrit
1262 1707 1373 1775 mentio
1393 1706 1502 1789 operis,
1572 1764 1576 1773 .

163 1803 246 1884 qnod
271 1799 518 1864 conscribendum
543 1801 600 1864 sibi
621 1803 776 1884 proposuit
799 1803 949 1883 Keplarus
969 1802 1249 1882 inscribandnmque
1272 1798 1393 1864 censuit
1411 1796 1457 1860 Hi
1465 1814 1504 1878 p·

163 1892 372 1974 parthum„
405 1888 569 1953 Volumina
591 1891 617 1954 1.
645 1899 677 1953 et
698 1893 771 1957 XV.
795 1891 1066 1971 Manuscriptorum
1096 1890 1334 1954 Pullowensinm
1361 1886 1504 1952 exhibent

168 2003 217 2054 ea,
237 1999 316 2063 (ιιιι
339 1997 393 2059 per
409 1979 518 2041 multos
533 1985 626 2042 annos
641 1979 789 2061 Keplerns
811 1981 841 2043 in
864 1981 912 2044 his
935 1980 1043 2044 studiis
1066 1980 1203 2061 profecit,
1225 1998 1290 2042 curn
1314 1977 1353 2040 ad
1377 1978 1502 2049 formam

161 2071 310 2172 perducta
332 2087 409 2143 eam,
432 2087 507 2148 qnae
531 2069 570 2130 ad
592 2076 696 2150 typum
718 2078 792 2151 apta
813 2069 940 2146 videtur,
962 2077 1025 2133 tum
1048 2069 1177 2155 nondum
1199 2069 1288 2149 plane
1308 2067 1445 2149 perfectu
1471 2071 1503 2129 et

164 2159 253 2241 quasi
281 2156 415 2220 limanda
436 2157 475 2218 ad
498 2157 599 2237 aptius
621 2166 738 2239 tempus
760 2166 930 2235 reservata,
952 2167 1015 2222 tum
1039 2157 1163 2239 deniqne
1187 2159 1355 2237 fragmenta
1377 2161 1504 2226 tantum.

164 2268 273 2332 parum
305 2246 403 2310 inter·
418 2265 452 2308 se
475 2247 668 2330 cohaerentia
695 2248 863 2330 raptimque
885 2249 1065 2352 conscripta,
1088 2256 1123 2313 ut
1144 2247 1173 2311 iu
1197 2254 1326 2313 mentum
1350 2251 1504 2319 venerant,

165 2336 321 2417 adscripto
345 2334 409 2411 die,
434 2355 491 2416 qno
514 2335 685 2417 conscripta
706 2345 790 2414 sunt,
813 2337 896 2403 velut
882 2338 1004 2418 tsigno
1027 2337 1068 2400 ad
1078 2331 1298 2401 revocandam
1311 2335 1439 2417 posthac
1460 2331 1504 2396 rai

164 2425 350 2492 memoriam
396 2424 612 2488 Testimonium
640 2427 786 2515 praebent
815 2425 889 2491 haec
911 2427 1080 2508 fragmenta
1101 2445 1168 2492 cum
1189 2426 1360 2493 indelessae
1382 2420 1505 2528 Κιιιιιιι

168 2514 335 2579 industriae
358 2520 390 2575 ιι
413 2533 545 2576 ιιιιιιιι
568 2508 753 2596 diligentiae,
774 2523 838 2578 tum
860 2516 1021 2599 peculiaris
1044 2515 1136 2582 libros
1145 2514 1352 2581 conscribendi
1365 2514 1503 2583 rationis.

166 2605 283 2670 Millies
305 2602 386 2666 redit
408 2603 448 2664 ad
470 2603 594 2665 eandem
616 2622 689 2680 rem,
711 2604 739 2666 si
760 2605 855 2685 primo
879 2605 992 2687 impetn
1014 2624 1081 2668 eam
1099 2604 1228 2686 assequi
1233 2623 1290 2668 non
1305 2603 1412 2685 potuit,
1433 2603 1505 2666 mil·
1543 2614 1545 2619 ⁴

170 2695 227 2758 lies
254 2691 367 2773 repetit
389 2710 544 2761 numeros.
568 2693 662 2755 donec
687 2693 725 2754 ad
749 2702 922 2797 exoptatum
945 2695 1028 2757 venit
1050 2695 1147 2770 finem,
1171 2695 1364 2796 quamquam.
1386 2704 1422 2756 ut
1440 2693 1505 2774 ipse

169 2784 292 2865 saepius
320 2782 450 2854 fatetur,
478 2779 652 2844 conficiendi
674 2782 781 2846 calculi
810 2783 951 2847 numerici
974 2782 1162 2885 plurimum'
1153 2781 1212 2862 rpsi
1236 2781 1428 2845 facessebant
1449 2801 1506 2844 na-

169 2873 302 2954 gotium,
330 2878 361 2932 ιι
382 2870 530 2951 Keplerns
563 2870 611 2933 hic
633 2870 729 2933 minus
746 2879 865 2935 certum
889 2892 921 2936 se
944 2858 1100 2976 praebuit,
1125 2889 1212 2952 qnam
1234 2871 1264 2935 ιι
1288 2870 1505 2955 philosophicis

171 2958 448 3063 disquisitionibus,
472 2978 529 3040 quo
557 2960 588 3022 in
617 2960 770 3023 docuinae
796 2980 905 3042 genere
933 2953 1080 3024 neminem
1101 2960 1208 3023 habuit
1228 2978 1340 3041 parem.
1386 2961 1505 3024 Intacta

170 3059 263 3113 antea
286 3048 406 3111 tramite
435 3065 630 3129 progressus,
661 3068 765 3130 parum
795 3051 916 3130 adjutus
946 3050 1220 3126 observationibus,
1251 3049 1357 3130 quibus
1383 3049 1506 3113 firmiter

171 3138 262 3203 inniti
285 3143 400 3219 posset,
422 3156 496 3212 rem,
519 3157 607 3218 quam
629 3137 660 3200 in
682 3139 780 3213 Marte
804 3139 932 3205 feliciter
954 3147 1116 3221 aggressus
1139 3146 1195 3214 ιιι,
1219 3138 1433 3202 absolvendam
1449 3137 1505 3201 sibi

170 3224 331 3312 proposuit
352 3225 383 3288 in
405 3224 527 3308 reliquis
549 3226 690 3310 planetis,
711 3225 822 3291 inSole
847 3237 877 3292 et
899 3229 930 3291 in
943 3229 1039 3304 Luna,
1063 3228 1197 3291 imitatus
1214 3227 1382 3291 Ptolemaei
1395 3228 1505 3292 atna-

172 3326 302 3398 gestum.
349 3312 514 3391 Quantum,
541 3316 619 3382 hunc
646 3314 786 3396 spectans
815 3316 917 3393 finam,
954 3317 1125 3381 insnmserit
1151 3317 1265 3381 laboris
1293 3326 1324 3381 et
1352 3317 1506 3398 temporis,

173 3415 289 3490 quanta
316 3404 543 3487 perseverantia
569 3424 632 3469 rem
654 3405 745 3468 toties
766 3413 915 3471 tentatam
946 3407 1060 3485 iterum
1083 3406 1248 3487 iterumque
1271 3424 1433 3487 aggressus
1452 3406 1505 3481 ιιι,

172 3515 235 3559 non
257 3494 412 3597 perculsus
435 3494 601 3570 erroribus,
626 3514 699 3576 quos
727 3495 952 3571 observationes
973 3496 1070 3559 minus
1092 3495 1168 3559 fidae
1191 3496 1407 3572 causabantur,
1432 3495 1507 3577 q'uos

173 3587 240 3667 ipse
263 3584 294 3647 in
317 3582 441 3646 calculis
464 3583 680 3661 committebat,
702 3583 777 3648 baec
799 3593 939 3650 enarrant
962 3584 1079 3666 singula
1103 3585 1163 3646 fere
1187 3582 1261 3646 folia
1282 3584 1506 3686 manuscripto·

174 3694 249 3749 rum,
265 3692 339 3754 quae
354 3671 548 3759 inspeximus,
571 3681 660 3754 atque
676 3690 714 3737 ex
726 3664 774 3737 his
791 3674 978 3754 potissimum
993 3692 1039 3749 ea,
1053 3693 1129 3756 quae
1142 3672 1295 3736 continent
1312 3670 1414 3750 libros,
1431 3692 1506 3755 quos

175 3770 338 3843 sequentes
366 3750 508 3824 exhibent
529 3761 668 3843 paginae
716 3762 812 3827 Iidem
842 3781 913 3825 vero
936 3762 1108 3843 Keplemm,
1138 3768 1172 3824 nt
1196 3761 1338 3836 diximus,
1369 3762 1507 3828 inlibris
1623 3815 1630 3824 ,

175 3849 367 3916 conficiendis
399 3858 573 3930 occupatum
602 3850 687 3933 quasi
709 3851 802 3915 oculis
833 3851 1056 3932 adspiciendum
1077 3851 1231 3931 praebent.
1277 3849 1410 3922 Quorum
1432 3869 1506 3933 ope·

175 3960 243 4005 rum
274 3940 389 4021 priores
419 3958 485 4002 cnm
508 3939 671 4019 inspexeris
694 3941 837 4021 paginas,
868 3942 1008 4005 absoluta
1030 3951 1062 4004 et
1083 3941 1171 4021 plane
1194 3940 1233 4004 ad
1255 3941 1343 4004 finem
1364 3941 1507 4022 perducta

176 4029 330 4106 censebis3
361 4029 488 4109 primum
521 4029 647 4093 occurrit
670 4029 792 4107 titulus,
830 4031 960 4094 maxima
986 4031 1172 4110 conscriptus
1200 4028 1373 4110 diligentia,
1406 4030 1452 4092 ita
1471 4037 1507 4094 ut

173 4119 270 4183 variis
298 4118 447 4181 coloribus
475 4118 588 4200 depicti
613 4118 674 4182 sint
700 4118 810 4199 singuli
841 4138 964 4195 versus3
1000 4120 1043 4182 nil
1074 4120 1176 4194 deest,
1205 4119 1264 4182 nisi
1286 4137 1392 4184 nomen
1414 4127 1506 4202 typo-

174 4207 295 4291 graphi.
341 4207 472 4270 Titulnm
496 4206 629 4290 sequitur
651 4207 813 4284 dedicatio,
836 4208 923 4293 qnasi
946 4228 995 4272 ros
1017 4209 1066 4271 sit·
1079 4209 1167 4290 plane
1187 4208 1328 4273 absoluta
1349 4209 1421 4283 (uon
1435 4207 1506 4290 qui·

174 4301 244 4362 dem
267 4297 298 4361 in
319 4297 504 4378 Hipparcho,
537 4304 572 4359 at
592 4296 622 4361 ιι
645 4297 720 4370 alio,
748 4298 820 4361 item
842 4317 901 4361 non
923 4299 1012 4379 plane
1034 4298 1072 4359 ad
1095 4298 1206 4360 calcem
1229 4297 1372 4378 perducto
1395 4297 1507 4370 libello,

175 4406 264 4470 qnam
294 4385 464 4467 inscripsit·
492 4386 728 4449 Transformatio
761 4386 962 4469 hypotheseos
984 4394 1020 4450 et
1046 4382 1215 4450 tabularum
1235 4386 1397 4451 Lunarinm
1426 4386 1505 4462 laci:

175 4475 284 4539 deinde
316 4475 412 4538 adhuc
441 4475 525 4539 firma
551 4494 639 4539 manu
669 4475 799 4556 scriptae
828 4476 970 4540 exhibent
998 4483 1156 4556 sequentes
1178 4475 1305 4556 paginae
1328 4475 1428 4556 operia
1449 4493 1505 4538 ex-

175 4564 301 4641 ordinm,
315 4563 481 4628 subdrvrsr
472 4585 503 4628 ιι
513 4564 622 4645 caprta
635 4563 831 4641 theoremata,
841 4564 1029 4646 problemata
1054 4563 1213 4628 adscitis
1226 4564 1435 4641 rutannmens
1451 4563 1506 4665 aed

175 4654 351 4738 paulopost
371 4653 467 4735 magis
489 4652 642 4743 magisque
664 4653 795 4717 senescit
816 4654 956 4728 studium,
971 4611 1129 4807 Ὦ
1125 4695 1139 4734 ,2
1130 4647 1221 4722 ’ἶ

175 4743 323 4808 munditia
346 4743 461 4818 deheim
487 4730 633 4825 pauh'dm
655 4742 851 4825 deprehendis
874 4743 986 4807 minora
1072 4743 1127 4806 ati·
1163 4730 1177 4795 ἶ
1204 4740 1411 4819 subtilitatem,
1433 4751 1505 4807 tan·

177 4835 246 4900 dem
268 4833 366 4901 subito
389 4833 572 4918 abrumpitur
594 4851 701 4899 sermo.
748 4828 887 4918 Singula,
912 4851 987 4926 quae
1010 4839 1185 4932 sequuntur,
1206 4830 1282 4897 lolia
1302 4832 1506 4915 ιιιιιιιοιιιιι
