3368 5534
553 345 614 399 Pars
632 346 735 411 ouans
771 348 851 418 capue
867 346 969 405 tvm
1362 330 1427 407 397

71 516 157 583 Solis
171 520 258 602 eique
273 520 451 601 conjunctae
470 526 667 607 magneticae‚
690 530 797 592 insitae
818 531 875 610 ipsi
894 534 1043 613 planetae,
1068 534 1207 608 utsupra
1229 525 1426 607 explicatum.

71 609 106 672 Si
130 628 206 690 ergo
228 629 284 691 per
307 630 374 673 sese
400 613 529 676 officium
561 617 674 680 iaciunt
702 620 828 682 virtutes
859 621 1066 700 magneticae,
1090 619 1159 699 quid
1189 636 1262 699 opus
1291 616 1351 678 illis
1375 623 1425 676 est

71 699 185 761 mentis
218 699 401 762 directorio?
437 703 484 765 Ac
514 705 573 767 etsi
606 707 643 767 de
673 709 843 789 magnetica
865 712 912 785 vi,
942 710 1017 791 ipsis
1050 707 1223 788 corporibus
1245 703 1423 787 planetariis

71 788 175 863 insita,
199 788 305 851 incerti
324 790 487 854 mansimus
511 796 760 875 contemplatione
780 800 847 861 axis
862 798 1002 874 Telluris,
1027 798 1077 880 qui
1092 797 1229 858 diversus
1248 802 1297 855 est
1312 793 1425 854 alinea

71 877 214 958 apsidum
237 877 338 940 Solis:
368 888 401 941 at
425 882 498 943 haec
522 884 684 947 difficultas
712 888 848 968 utrinque
877 888 1040 950 communis
1063 894 1120 948 est.
1166 886 1245 948 Nam
1269 889 1424 945 utulenta

71 967 174 1046 posita
203 973 305 1029 tamen
333 971 430 1031 coacti
455 992 555 1033 sumus
580 975 737 1037 admittere
761 980 851 1040 talem
876 999 976 1052 axem,
1002 978 1119 1058 qualern
1143 974 1173 1035 in
1196 973 1316 1034 Tellure
1340 970 1424 1031 desi-

71 1055 224 1131 duramus,
248 1076 307 1136 quo
322 1058 472 1120 mediante
487 1081 573 1123 mens
592 1066 798 1143 apprehendat
821 1068 1026 1128 fortitudinem
1049 1064 1153 1144 auguli
1171 1083 1224 1124 seu
1239 1061 1303 1140 ejus
1327 1060 1426 1122 sinum

71 1162 202 1207 versum.
251 1146 365 1210 Contra
393 1150 586 1212 vehementer
614 1162 700 1232 urget
721 1175 777 1217 nos
807 1157 1049 1229 verisimilitudo,
1079 1163 1112 1214 ut
1136 1151 1323 1213 librationem
1346 1149 1426 1210 hauc

71 1234 272 1312 planetarum,
297 1254 372 1315 qnae
387 1238 463 1300 citra
487 1243 720 1306 controversiam
743 1246 824 1324 leges
844 1254 969 1307 naturae
993 1245 1136 1326 sequitur,
1160 1249 1284 1302 naturae
1307 1236 1424 1300 adscri-

72 1323 177 1385 bamus
202 1324 232 1385 in
250 1325 389 1398 solidum,
413 1320 675 1410 quomodocunque
699 1352 736 1394 ea
752 1335 825 1404 insit
848 1335 1021 1413 corporibus
1044 1334 1241 1413 planetarum.
1277 1328 1424 1407 Adeoque

74 1421 103 1472 et
125 1412 227 1493 ipsam
250 1413 327 1475 hanc
351 1418 644 1495 comprehensionem
668 1423 844 1485 sensitivam
865 1424 946 1486 Solis
970 1433 1001 1484 et
1023 1426 1156 1493 lixarum,
1182 1437 1270 1500 quum
1293 1415 1425 1478 molliter

74 1519 126 1579 ego
151 1501 271 1583 accipio
294 1505 444 1585 mentique
467 1508 608 1586 planetae
633 1510 781 1592 indulgeo,
807 1513 908 1575 nescio
932 1533 970 1574 an
990 1511 1172 1574 sufficienter
1196 1505 1300 1570 lectori
1322 1504 1425 1585 philo·

73 1590 167 1670 sopho
191 1592 458 1671 comprobaverim.
1316 1636 1320 1644 -
1366 1636 1369 1641 -

159 1680 291 1742 Accedit
313 1688 344 1742 et
361 1682 428 1757 hoo,
452 1687 529 1765 quod
554 1684 583 1746 in
607 1688 682 1766 ipsis
705 1690 795 1751 etiam
818 1692 925 1763 modis,
950 1709 1023 1770 quos
1046 1687 1138 1750 menti
1160 1682 1422 1766 praescripsimus,

76 1769 214 1842 omnium,
239 1769 289 1850 qui
313 1781 440 1850 possunt
458 1794 535 1847 esse,
559 1778 798 1854 probatissimos,
823 1779 968 1859 implicari
991 1778 1110 1839 videtur
1129 1775 1273 1856 quaedam
1298 1769 1425 1843 ἰιιεειιί-Δ

73 1859 141 1920 tudo
165 1859 367 1939 geometricn3
401 1882 477 1943 quae
501 1865 602 1925 nescio
626 1888 663 1927 nn
687 1886 745 1928 non
770 1889 787 1927 a
809 1869 875 1930 Deo
898 1869 965 1948 ipso
989 1867 1174 1947 repudietur,
1205 1864 1255 1944 qui
1277 1862 1426 1923 hactenus

75 1966 190 2029 semper
213 1948 451 2013 demonstrativa
481 1953 530 2013 uria
554 1973 731 2033 progressus
751 1977 817 2018 esse
841 1956 1080 2037 deprehenditur.
1128 1956 1207 2015 Nam
1231 1952 1257 2014 si
1287 1952 1422 2032 planeta,

74 2044 157 2118 mont
179 2037 220 2098 ad
235 2037 338 2101 Solem
359 2041 470 2119 partim
487 2043 578 2104 insita
602 2045 630 2104 vi
654 2047 946 2126 appropinquaverit,
970 2047 1000 2106 in
1023 2046 1114 2106 aliurn
1129 2052 1160 2104 et
1182 2043 1272 2102 alium
1293 2040 1420 2119 gradum

75 2125 192 2188 virtrrtis
222 2146 258 2188 ex
282 2126 353 2189 Sole
382 2132 566 2193 adventitiae
600 2135 682 2194 venit
706 2136 752 2206 (ut
777 2137 892 2217 quidem
916 2135 1023 2208 venit),
1055 2143 1085 2195 et
1114 2131 1138 2193 si
1163 2131 1274 2191 diversi
1307 2129 1421 2208 gratim

75 2216 222 2296 reciproce
246 2215 342 2296 ipsius
358 2220 448 2281 etiarn
470 2222 610 2302 planetae
634 2225 692 2284 vim
716 2224 970 2305 appropinquandi
994 2224 1161 2295 intendunt,
1186 2221 1255 2280 dum
1279 2218 1421 2296 angulum

78 2312 199 2384 augent,
233 2304 284 2386 qui
306 2309 410 2387 regula
433 2311 552 2389 ponitur
581 2315 876 2394 appropinquationis
906 2334 957 2374 seu
982 2312 1130 2374 auctionis
1153 2309 1292 2371 diametri
1316 2305 1420 2369 Solis:

80 2392 158 2455 nisus
180 2394 324 2474 planetae
337 2398 475 2477 proprius
499 2401 626 2481 deniqne
651 2403 780 2481 sibiipsi
805 2406 855 2464 fiet
871 2424 908 2464 ox
930 2410 1017 2484 parte
1037 2418 1184 2471 mensura,
1210 2407 1242 2458 et
1264 2398 1294 2457 in
1318 2396 1423 2456 inten-

77 2480 150 2543 tione
178 2482 322 2563 planetae
355 2485 440 2548 simul
474 2489 555 2568 prius
579 2500 610 2551 et
633 2493 799 2570 posterius3
833 2513 898 2555 curn
923 2493 963 2553 sit
984 2510 1039 2570 per
1068 2496 1170 2569 partes
1201 2483 1367 2566 inaequalis
1392 2490 1426 2543 et

79 2570 109 2631 ob
130 2570 311 2651 hocipsum
335 2594 474 2636 mensura
498 2578 667 2658 indiguerit.
707 2582 773 2654 Quo
797 2592 886 2662 pacto
906 2602 964 2643 non
989 2576 1234 2647 demonstrative,
1260 2574 1313 2636 sed
1336 2569 1425 2653 quasi

10 2742 12 2757 Ι
78 2678 126 2739 ρει
147 2661 285 2741 regulam
309 2663 378 2725 salsi
403 2666 522 2729 dubitur
554 2670 721 2748 exploratio
752 2672 1011 2751 temperandarum
1034 2669 1141 2728 virium
1172 2665 1327 2744 utriusque
1358 2660 1422 2721 vir-

79 2749 155 2825 tutis,
179 2760 214 2812 ut
236 2751 342 2813 eodem
365 2761 499 2835 tempore
524 2777 590 2817 sese
615 2760 777 2837 expediant
800 2762 904 2820 eodem
928 2757 1061 2837 eorporis
1085 2757 1276 2817 circumactu.

157 2839 228 2903 Nisi
252 2840 329 2903 forte
345 2843 412 2922 quis
427 2863 463 2905 ex
487 2845 543 2906 hac
567 2846 633 2925 ipsu
652 2866 791 2909 mensura
807 2848 1015 2927 ἀγεωμετρητῳ
1030 2863 1222 2926 progressum
1237 2841 1424 2922 apheliorum

80 2928 260 2991 mastonem
291 2929 426 2994 iuvenire
451 2935 597 3013 suspicari
621 2937 702 2997 velit.
750 2938 810 3000 Sed
841 2959 896 2999 nos
925 2957 1015 3017 supra
1039 2954 1104 3016 cap.
1128 2933 1264 2996 XXXV.
1290 2931 1320 2992 in
1351 2949 1423 2991 sus-

78 3035 164 3096 penso
186 3017 376 3099 reliquimus,
409 3042 446 3083 an
476 3042 534 3084 non
566 3022 623 3085 hoc
655 3043 749 3103 genus
779 3036 912 3088 motuum
944 3026 982 3086 ab
1015 3025 1076 3086 alia
1103 3042 1210 3096 causa,
1230 3020 1361 3082 'scilicet
1383 3018 1422 3079 ab

10 3102 14 3121 ²
78 3102 255 3183 ᾰηιφραξιι,
286 3107 385 3187 possit
408 3111 553 3185 existere;
587 3121 633 3187 ut,
664 3114 741 3176 sicut
763 3117 861 3176 ferrea
885 3114 997 3178 tabella
1030 3114 1088 3174 vim
1112 3111 1261 3190 magnetis
1290 3107 1423 3187 lingulae

10 3224 15 3231 ·
78 3194 185 3257 lemene
217 3195 383 3277 intercipit,
417 3200 460 3260 sic
487 3202 675 3281 planetarum
699 3223 825 3284 corpora
858 3206 915 3267 sibi
946 3211 1045 3265 mutuo
1070 3202 1161 3263 etiarn
1194 3220 1264 3262 suas
1294 3196 1423 3258 virtutes

10 3344 15 3367 ,
77 3284 256 3364 nagneticas
279 3287 431 3366 proprias,
456 3289 563 3370 quibus
587 3292 624 3352 ad
647 3292 749 3354 Solem
773 3303 920 3367 annuunt,
946 3292 1146 3371 intercipiant.
1192 3291 1271 3351 Nam
1295 3306 1331 3347 ne
1355 3304 1421 3347 cum

79 3371 170 3434 Soteri
183 3372 298 3435 virtute
320 3375 376 3437 hoc
400 3379 495 3454 lieret,
516 3399 553 3440 ne
577 3381 696 3462 inquam
712 3382 831 3443 Solonis
851 3383 955 3453 virtus,
980 3379 1144 3441 communis
1161 3378 1307 3451 omnibus,
1324 3376 1422 3438 iuter-

10 3488 17 3549 ·,
79 3461 221 3543 ciperetur
243 3463 294 3524 nni
318 3464 475 3544 interjectu
491 3469 630 3543 atterius,
657 3471 848 3532 distinximus
872 3473 949 3532 inter
967 3469 1130 3531 essentiam
1154 3466 1289 3547 corporis
1305 3463 1425 3529 Solaria

10 3556 15 3627 ζ
80 3558 104 3611 et
130 3550 377 3631 planetariorum.
435 3555 510 3619 Cum
543 3558 635 3637 igitur
667 3581 726 3621 non
758 3561 981 3621 distinxerimus
1024 3558 1101 3618 inter
1133 3575 1259 3637 corpora
1292 3555 1423 3635 ipsorum

10 3668 16 3729 q
79 3638 269 3717 planetarum,
292 3641 412 3706 videtur
434 3646 490 3707 hoc
514 3647 542 3707 in
568 3667 659 3710 causo
682 3648 819 3730 relinqui.
854 3650 958 3730 Neque
983 3667 1054 3708 sane
1074 3646 1209 3725 expediri
1230 3644 1339 3725 potuit,
1363 3641 1422 3704 nisi

82 3727 259 3808 deprehensa
278 3733 441 3809 ‚verissima
464 3735 663 3816 dispositione
694 3739 854 3819 magnetici
878 3738 1012 3819 corporis
1034 3736 1190 3816 planetae,
1221 3752 1280 3814 qua
1304 3731 1423 3795 libratio

82 3816 307 3881 administretur.

158 3905 223 3969 Sed
245 3915 281 3970 ut
301 3910 542 3975 ratiocinationis
566 3915 606 3976 sit
629 3917 811 3995 exemplum:
842 3916 882 3977 sit
905 3913 1064 3997 dispositio
1079 3912 1249 3993 magnetica
1271 3912 1422 3990 planetae,

85 3994 190 4074 qualem
211 3997 304 4078 paulo
328 4008 399 4062 ante
423 4020 487 4063 cum
512 4003 792 4080 introduxissemus,
816 4014 923 4086 postea
947 4008 982 4067 dc
1007 4004 1127 4067 Tellure
1156 4001 1341 4082 negavimus.
1387 4000 1422 4061 Iu

85 4099 113 4143 ει
129 4102 190 4159 non
212 4086 308 4149 habet
329 4089 427 4151 locum
451 4091 690 4171 impedimentum
715 4096 752 4156 ab
777 4094 953 4171 άντιφραξει.
1000 4096 1078 4156 Nam
1098 4093 1167 4172 quia
1189 4089 1311 4153 virtutis
1334 4108 1423 4169 mag-

84 4172 188 4236 untinae
211 4176 337 4239 effectus
361 4179 427 4255 luit,
452 4181 489 4240 ad
505 4181 608 4243 Solem
631 4184 752 4245 tendere
776 4194 808 4245 et
830 4184 934 4246 nSole
959 4185 1071 4263 sugere,
1095 4180 1274 4259 interimque
1290 4178 1422 4241 directas

86 4268 174 4324 tenere
196 4264 289 4327 fibras
313 4268 393 4330 sedis
418 4271 618 4348 magneticae;
644 4272 669 4331 si
689 4292 759 4349 orgo
777 4275 854 4334 alins
878 4275 1009 4353 planeto,
1034 4272 1137 4333 Solem
1161 4269 1238 4330 inter
1262 4276 1292 4329 et
1314 4268 1421 4347 plane-

85 4356 134 4414 ttru
156 4352 374 4433 interveniens,
408 4357 533 4438 impedit
564 4361 640 4421 hanc
664 4362 924 4441 adnavigationem
950 4364 988 4423 ad
1011 4362 1114 4423 Solem
1144 4359 1192 4419 vel
1216 4358 1333 4436 sugam,
1362 4377 1421 4419 ¹¹0ss

86 4436 214 4522 impedito
238 4447 385 4508 communi
409 4456 491 4509 motu
514 4468 551 4510 ex
575 4450 662 4512 Sole:
687 4451 783 4512 miuus
809 4453 898 4529 igitur
918 4452 1002 4529 justo
1022 4446 1216 4528 adnavigabit
1239 4446 1286 4507 vel
1317 4446 1421 4525 lugiet,

85 4531 356 4596 decantabitur
379 4536 520 4598 circuitus
543 4538 706 4619 amplitudo
731 4559 796 4601 curn
825 4540 978 4619 periodico
1003 4547 1135 4619 ternpore
1166 4554 1307 4598 successu
1331 4553 1421 4597 secu-

86 4615 169 4684 lorum
207 4621 375 4705 iterumque
405 4626 570 4706 corrigetur
602 4627 760 4690 contrariis
785 4629 1046 4708 eclipsationibns3
1080 4636 1112 4687 at
1135 4646 1193 4687 non
1222 4624 1422 4687 transferetur

85 4706 223 4787 quonum
245 4730 284 4773 ex
307 4712 364 4775 hac
386 4715 506 4796 quidem
520 4714 696 4797 ἀντιφραξει.
734 4717 830 4797 Igitur
854 4738 945 4780 causa
969 4725 1068 4779 motus
1083 4715 1268 4795 apheliorum
1292 4733 1310 4773 a
1333 4714 1421 4777 nobis

85 4795 156 4875 prius
177 4799 275 4863 allata
298 4802 396 4866 adhue
420 4805 486 4866 sola
508 4814 630 4886 regnat,
662 4806 725 4868 siue
750 4807 833 4868 socia
856 4808 904 4868 vel
927 4808 1055 4870 aemula.
1101 4806 1147 4867 At
1168 4822 1263 4884 neque
1286 4801 1313 4864 si
1335 4822 1433 4865 meus·

84 4883 225 4957 Ιῑιιῐιιὶοιιί
244 4890 336 4955 modo
351 4892 432 4957 dicto
446 4895 629 4977 praesideat,
649 4894 804 4979 quicquam
821 4896 941 4963 nocebit
964 4894 1143 4977 ἀπιιρραξις.
1181 4894 1327 4958 Utcrctur·
1340 4893 1419 4959 cuim
