3374 5528
443 256 474 312 de
492 259 679 315 Commentariis
697 265 728 318 de
745 272 815 319 motu
831 264 919 317 stellas
937 262 1034 316 hlauts.
1365 256 1408 327 lb

55 463 139 507 mam
163 440 270 505 limitis
293 439 518 509 inclinationem
547 452 708 525 quaeretur
730 462 768 506 ex
790 452 877 527 parte
900 443 1024 507 canonis
1053 441 1220 523 rectauguli
1251 442 1410 523 sphaerici,

55 534 146 614 cujus
169 532 251 597 latus
274 552 294 592 a
316 527 355 595 0⁰
377 533 416 594 ad
440 529 502 596 90·
522 552 577 614 per
600 534 735 615 singulos
759 536 881 616 gradus,
905 534 988 596 frons
1013 555 1031 595 a
1053 529 1138 597 0⁰0‘
1161 532 1200 593 ad
1227 527 1285 595 10⁰
1302 530 1334 596 0¹
1356 551 1411 614 per

56 618 181 703 ungula
203 619 319 683 minuta
340 618 486 701 procedit,
512 632 697 703 excerpetnr‚
721 624 852 706 inquam,
875 644 913 687 ex
926 625 984 686 hoc
1006 641 1120 687 canone
1144 641 1232 684 arcus
1254 621 1410 702 eclipticae

59 709 250 793 respondens
271 709 356 772 arcui
379 713 493 773 orbitae
517 720 549 774 et
571 712 725 776 inclinatio
748 715 814 794 ejus
837 713 907 789 loci,
930 732 1017 794 quem
1041 712 1158 775 obtinet
1179 711 1312 791 planeta.

149 798 278 874 Quarto,
301 800 387 862 loeus
410 800 567 882 eclipticae
590 801 730 865 inventus
753 804 974 883 comparabitur
997 822 1064 865 cum
1082 802 1149 864 loco
1173 800 1312 881 opposito
1328 799 1412 862 Solis

58 909 143 952 vero.
189 888 371 952 Differentia
400 890 459 952 erit
489 892 617 971 angulus
646 893 813 954 anomaliae
844 892 1103 966 commutationis,
1136 888 1186 971 qui
1218 888 1356 970 quamvis
1378 906 1412 951 re

58 980 128 1062 ipsa
150 997 205 1061 per
227 986 383 1060 utramque
414 980 623 1061 aequationem
648 981 689 1043 sit
712 989 883 1057 correctns,
914 982 1043 1061 simplex
1074 988 1174 1042 tamen
1204 977 1302 1040 adhuc
1325 979 1411 1041 nobie

59 1069 188 1143 dicetur,
212 1086 280 1130 cum
302 1066 464 1132 etiamnum
487 1071 661 1152 aequandus
685 1071 735 1146 sit,
758 1072 886 1133 maxime
906 1073 987 1134 circa
1009 1069 1216 1153 oppositiones
1238 1086 1305 1130 cnm
1328 1067 1412 1131 Sole.

58 1157 118 1220 llic
141 1156 272 1237 angulus
295 1164 326 1218 et
339 1156 496 1220 inclinatio
520 1159 577 1221 loci
601 1160 742 1240 planetae
763 1161 792 1222 in
808 1160 975 1223 eccentrico
999 1165 1158 1241 quaeretur
1172 1158 1202 1218 in
1222 1156 1274 1218 illo
1297 1176 1411 1219 canone

59 1255 91 1310 et
111 1264 170 1327 per
192 1246 268 1308 baec
291 1246 349 1308 duo
373 1256 549 1328 excerpetur
572 1240 708 1329 angulus}

149 1335 274 1411 Quinto,
297 1335 409 1397 tabulis
432 1337 524 1399 nullis
542 1338 644 1418 juvari
674 1340 838 1419 poterimus
861 1338 931 1419 quin
954 1354 1008 1418 per
1036 1342 1194 1415 utramque
1216 1341 1248 1395 et
1269 1334 1410 1414 planetae

59 1433 89 1486 et
112 1426 228 1487 Terrae
250 1444 270 1485 a
288 1422 359 1487 Sole
382 1425 559 1489 distantiam
581 1436 613 1488 et
631 1429 772 1508 angulum
785 1425 963 1503 ¹anomaliae
987 1422 1228 1487 commutationis
1251 1430 1412 1509 aequatum

61 1515 140 1576 inter
165 1513 248 1575 dicta
270 1514 368 1576 latera
391 1515 637 1595 comprehensum
659 1537 714 1598 per
736 1514 757 1580 2
779 1515 1046 1596 multiplicationes
1070 1508 1248 1595 quaeramus
1272 1514 1412 1592 angulum

61 1601 308 1665 commutationis
332 1622 385 1666 seu
407 1605 601 1684 parallaxeos
625 1607 810 1688 compositae
833 1626 886 1668 seu
909 1604 1061 1666 confusae.
1085 1602 1088 1609 '

147 1691 256 1768 Sexto,
279 1690 355 1754 haec
376 1693 543 1773 parallaxis
567 1701 606 1757 et'
620 1696 703 1776 prius
727 1703 865 1758 servatus
888 1694 1016 1773 angulus
1037 1693 1069 1754 in
1085 1710 1156 1754 area
1178 1686 1301 1751 canonis
1320 1690 1411 1770 juxta

61 1801 92 1844 se
115 1788 222 1843 mutuo
252 1781 413 1843 ostendent
441 1802 542 1845 arcum
574 1784 776 1865 elongationis
807 1786 949 1866 planetae
972 1782 1003 1844 in
1033 1780 1172 1861 ecliptica
1195 1799 1214 1839 a
1236 1777 1319 1841 Solis
1343 1780 1411 1841 loco

62 1869 202 1952 opposito
226 1878 258 1932 et
280 1869 479 1933 latitudinem.

147 1958 209 2021 Hic
231 1979 291 2040 qua
313 1959 344 2020 in
366 1980 398 2021 re
421 1979 484 2023 ram
502 1961 611 2042 juvare
638 1963 739 2042 possis
767 1982 923 2043 exponam.
978 1960 1054 2025 Cum
1081 1977 1141 2020 non
1174 1958 1215 2019 sit
1242 1955 1413 2036 cujuslibet,

62 2049 191 2112 condere
221 2047 361 2124 tabulas,
388 2052 686 2116 tu·.vero,excellas
710 2062 741 2114 et
770 2053 905 2113 abundes
935 2047 1139 2130 compendiis,
1170 2045 1294 2109 canonis
1323 2045 1413 2125 hujus

63 2146 180 2220 partem
203 2136 336 2218 planetis
360 2139 562 2202 necessariam
584 2140 640 2203 tibi
663 2141 849 2203 condendam
872 2140 1024 2220 relinquo;
1049 2156 1118 2199 nam
1133 2137 1176 2198 ita
1198 2134 1317 2215 quidem
1340 2153 1412 2214 per-

66 2248 174 2290 suasus
197 2244 274 2300 sum,
298 2226 440 2308 quidquid
455 2230 493 2291 D.
511 2229 614 2311 Tycbo
639 2229 680 2292 sit
693 2231 837 2304 editurus,
862 2231 925 2292 fore
942 2237 976 2290 ut
992 2228 1067 2288 haec
1085 2223 1292 2305 Cepernicana
1314 2222 1413 2305 hypo-

66 2316 160 2378 thesis
183 2322 309 2395 propter
331 2315 545 2379 intellectionis
574 2319 751 2382 facilitatem
770 2320 859 2399 juxta
880 2336 1022 2381 mansura
1045 2316 1101 2389 sit,
1126 2331 1214 2394 qnam
1238 2311 1358 2392 quidem
1382 2312 1413 2373 in

64 2404 183 2467 tabulas
216 2403 353 2484 redigere
383 2406 452 2467 dum
481 2405 586 2470 vixero
609 2427 667 2469 non
691 2409 853 2471 desistam:
886 2416 918 2469 tn
943 2425 1014 2466 vero
1038 2404 1103 2484 jam
1129 2402 1245 2483 pridem
1277 2400 1413 2463 obtulisti

63 2508 142 2557 tuam
165 2495 205 2556 D.
231 2493 366 2575 Tychoni
390 2513 511 2575 operam
535 2496 564 2558 in
589 2498 751 2560 condendis
774 2497 894 2560 tabulis.
941 2497 990 2557 Ac
1013 2512 1085 2556 sane
1109 2492 1135 2553 si
1159 2510 1196 2552 ex
1219 2488 1411 2552 restitutione

63 2582 185 2658 Lunari,
209 2599 299 2664 quam
323 2583 402 2664 apud
424 2584 597 2666 Tychonem
620 2585 692 2661 vidi,
717 2587 754 2648 de
770 2585 902 2667 planetis
925 2583 1035 2646 ceteris
1054 2580 1248 2662 judicandum
1271 2584 1328 2652 est,
1353 2598 1413 2641 non

65 2672 175 2737 nullius
197 2691 271 2735 usus
295 2671 354 2734 erit
369 2673 462 2737 etiam
484 2675 563 2755 apud
577 2674 749 2757 Tychonem
767 2675 843 2737 haec
862 2692 933 2755 pars
957 2672 1090 2735 canonis.
1129 2668 1300 2748 Numquae
1323 2667 1415 2729 habet

65 2763 148 2825 Luna
172 2760 406 2843 inaequalitates
429 2770 515 2825 extra
538 2764 764 2845 conjunctiones
784 2771 816 2826 et
829 2763 1044 2846 oppositiones,
1069 2777 1172 2825 omnes
1187 2750 1290 2839 Tycha
1309 2774 1420 2818 avena·

66 2851 273 2932 conjunctione
296 2857 328 2911 at
350 2851 539 2933 oppositione
572 2853 727 2933 regulares
757 2855 850 2929 facit;
882 2860 916 2915 ut
944 2852 1089 2933 jamnon
1118 2849 1216 2909 dicam
1240 2846 1278 2906 de
1297 2844 1416 2925 ¹ingenti

66 2961 116 3004 usu
138 2939 268 3002 cauoms
291 2940 457 3021 reetanguli
477 2941 626 3022 sphaerici
641 2942 672 3004 in
693 2943 772 3006 omni
789 2942 927 3005 doctrina
944 2939 1162 3019 triangulorum
1180 2934 1414 3017 sphaericomm,

67 3030 91 3093 si
113 3030 201 3093 frons
225 3029 265 3091 ad
287 3023 348 3093 90·
370 3023 609 3106 continuetur.⁸)
645 3032 787 3095 Prolixus
810 3032 969 3095 admodum
985 3028 1045 3104 lui3
1069 3026 1194 3088 cessabo
1217 3022 1318 3102 igitur.
1352 3021 1413 3087 Ubi

66 3120 136 3182 haec
158 3125 252 3200 grata
273 3116 330 3180 tibi
351 3117 445 3181 fuisse
472 3118 665 3196 intellexero,
688 3122 775 3202 plura
797 3122 933 3184 monebo.
971 3120 1016 3181 Tu
1039 3135 1111 3178 vero
1130 3112 1252 3193 Magine
1276 3110 1413 3174 celeber-

68 3209 134 3270 rime
157 3208 239 3270 haec
260 3225 298 3269 eo
320 3207 420 3269 animo
443 3208 573 3289 suscipe,
596 3229 654 3290 qno
669 3229 726 3291 ego
750 3211 867 3291 scripsi.
906 3203 979 3272 Sur'n
1002 3204 1077 3267 artis
1101 3200 1303 3265 astronomiae
1326 3199 1413 3281 cupi·

69 3298 209 3361 ᾶίιιὶιιιιιι
229 3303 266 3371 ,ιι
286 3298 550 3377 temperare-mihi
573 3318 632 3360 non
653 3318 789 3380 possum,
812 3299 883 3380 quin
901 3296 1064 3360 artificibus
1088 3291 1215 3354 consilia
1237 3309 1305 3353 mea
1328 3308 1413 3352 com-

69 3387 222 3461 municem,
245 3393 281 3448 nt
307 3384 428 3449 illorum
456 3387 709 3451 admonitionibus
739 3388 864 3451 subinde
896 3387 927 3450 in
949 3387 1007 3449 hac
1030 3382 1132 3445 divina
1161 3387 1226 3441 arte
1249 3377 1413 3460 proficiam.

68 3479 137 3541 Peto
161 3474 311 3555 majorem
333 3473 363 3538 in
386 3476 517 3550 modum,
541 3477 696 3559 utiquam
723 3477 851 3557 primum
880 3475 1048 3548 rescribam·
1081 3490 1137 3533 nec
1159 3476 1208 3531 est
1235 3475 1418 3530 necassent

69 3585 102 3628 ex
123 3566 256 3646 abrupto
279 3562 318 3625 ad
341 3563 460 3644 singula
482 3566 680 3646 respondeas,
705 3566 813 3627 saltem
835 3564 1047 3641 indicationem
1079 3558 1188 3632 facito,
1212 3557 1262 3619 nbi
1285 3556 1342 3618 has
1364 3574 1416 3618 re-

70 3655 193 3737 ceperis.
239 3652 276 3715 In
300 3653 404 3735 Styria
427 3653 545 3734 quidem
568 3675 626 3716 non
650 3654 750 3735 cogito
782 3654 863 3716 ultra
885 3662 949 3716 tres
973 3653 1011 3714 ad
1034 3667 1181 3712 summum
1209 3645 1416 3707 hebdomadas

70 3760 208 3819 manere3
240 3741 342 3824 itaque
375 3741 580 3823 praestiterit,
614 3751 648 3806 ut
676 3762 752 3825 quae
783 3740 982 3824 responsurus
1007 3760 1040 3802 es
1062 3740 1193 3816 Pragam
1214 3734 1416 3798 Bohemornm

70 3834 205 3896 nicetes
234 3830 275 3892 ad
299 3830 348 3894 Ill.
378 3832 416 3893 D.
442 3831 660 3907 Coraducium,
693 3831 982 3895 Vicecancellarinm
1013 3825 1155 3908 Imperii,
1187 3843 1273 3905 quem
1297 3832 1329 3886 et
1359 3822 1417 3884 has

71 3932 147 3984 artes
172 3937 277 3982 amare
300 3918 364 3982 acio
387 3927 487 3982 etms
510 3940 611 3984 amare
632 3940 796 4003 persuasus
820 3941 894 3984 sum.
941 3919 975 3983 Si
998 3927 1099 3980 tamen
1122 3913 1224 3994 aliqua
1245 3921 1277 3973 te
1300 3912 1416 3974 incom-
1493 3973 1496 3980 ,

71 4010 201 4074 moditas
222 4007 350 4090 impedit
371 4012 565 4092 (quamquam
588 4001 677 4085 ecce,
690 4011 761 4091 qnid
779 4018 810 4072 te
828 4010 954 4090 impedit
972 4008 1010 4069 ad
1025 4008 1063 4069 Ι).
1082 4003 1252 4086 Tychonem
1276 4001 1417 4074 scribere,

72 4101 152 4182 cujus
182 4095 283 4160 literis
307 4096 426 4179 siquid
449 4099 488 4160 ad
510 4117 558 4161 me
587 4099 742 4181 pertinens
774 4098 964 4179 adjunxeris,
993 4097 1023 4158 id
1045 4113 1093 4156 me
1117 4109 1235 4171 semper
1256 4090 1300 4152 uti
1328 4107 1417 4170 spero

72 4189 147 4269 apud
168 4186 210 4252 D.
235 4187 409 4269 Tychonem
430 4188 576 4269 reperiet)
598 4191 730 4269 Pragam
757 4187 905 4262 scribere,
937 4186 1023 4249 mitte
1047 4181 1208 4247 Graeciam
1232 4179 1261 4240 in
1285 4178 1417 4260 Styriam

72 4275 274 4342 adNuncium
286 4275 507 4356 Apostolicmn,
531 4277 557 4340 is
582 4279 608 4340 si
630 4277 744 4357 Abbati
762 4274 962 4340 Admontensi
987 4268 1240 4336 commendaverit
1261 4267 1417 4348 epistolas,

74 4367 159 4431 lac'ile
183 4363 259 4428 mihi
281 4365 452 4427 reddentur.

154 4456 238 4518 Dum
261 4454 439 4517 concludere
468 4454 553 4527 volo,
585 4454 705 4530 incidit,
738 4455 816 4537 quod
838 4473 915 4535 pene
945 4453 1042 4534 primo
1070 4448 1137 4510 loco
1151 4443 1295 4507 -scribere
1323 4442 1415 4505 volui.

74 4542 200 4608 Theoria
214 4543 320 4607 Lunae
343 4544 469 4606 multum
484 4543 617 4625 Tychoui
641 4543 825 4607 difficultatis
847 4550 956 4605 movet.
996 4536 1073 4602 Mihi
1093 4535 1210 4596 videtur
1224 4532 1417 4633 'auspicanda

76 4632 336 4717 aparallaxrbus,
366 4650 442 4714 quae
465 4631 642 4712 contingunt
665 4634 702 4695 ob
730 4632 902 4695 sensibilem
933 4627 1107 4695 distantiam
1137 4630 1231 4684 centn
1255 4627 1287 4683 et
1309 4638 1416 4702 super·

78 4723 146 4788 tciei
168 4720 255 4804 globi
278 4721 413 4784 Temeni.
458 4723 504 4786 At
529 4722 729 4802 parallaxium
760 4721 899 4784 doctrina
929 4714 1137 4783 latitudinibus
1159 4711 1263 4772 Lunae
1292 4711 1417 4774 confusa

81 4826 128 4879 est
175 4811 264 4895 Opus
287 4810 382 4892 igitur
412 4817 497 4874 esset
525 4812 768 4893 praecognitione
797 4809 997 4874 latitudinum.
1043 4803 1208 4883 Utrumque
1230 4799 1270 4862 ab
1291 4808 1417 4881 utroque
