3368 5534
525 297 587 350 Pm
605 298 697 349 Tertia
734 297 816 364 capnt
832 299 944 351 xxm.
1346 297 1411 369 305

56 475 163 541 oculos
187 476 254 558 eius
276 477 395 555 vident3
427 478 478 560 001
500 498 572 541 vero
594 485 667 561 post
688 478 773 541 illum
796 486 896 553 stant,
926 478 1078 542 oculomm
1102 476 1167 558 ejus
1190 486 1315 560 aspectu
1338 486 1410 546 tunc

54 574 170 631 carent.
226 569 271 632 At
301 587 371 631 sese
407 576 587 631 convertens
623 569 796 631 circumfert
836 568 940 631 oculos
973 568 1011 630 ad
1042 567 1200 631 universos
1231 568 1262 632 in
1294 570 1406 649 orbem,

55 676 160 720 omnes
183 656 277 736 igitur
303 677 445 722 successu
473 656 643 721 brevissimi
666 659 812 739 temporis
830 659 896 737 ejus
919 656 1073 722 oculorum
1095 665 1221 738 aspectu
1242 658 1407 739 potiuntur.

53 745 279 827 01000000
301 750 356 828 p'er
378 767 532 817 accessum
555 748 672 811 1000100
695 768 749 811 000
779 747 890 828 speciei
914 747 1024 810 coloris
1046 747 1085 808 ab
1108 747 1203 809 oculis
1226 749 1355 812 oratoris
1377 749 1409 812 in

55 835 161 897 oculos
194 838 396 916 spectantium
427 836 579 918 delapsae.
624 837 708 919 Ergo
745 838 957 900 circumferens
997 837 1100 899 oculos
1138 837 1169 898 in
1197 845 1326 916 angusto
1355 838 1410 902 illo

55 923 167 1005 spatio,
192 924 224 987 in
242 945 301 1007 quo
316 934 407 1007 caput
428 926 493 1006 ejus
508 927 687 989 collocatum
710 935 768 1002 est,
791 947 850 990 una
866 926 1037 990 circumfert
1060 924 1178 987 luculae
1199 924 1283 989 illius
1305 926 1410 991 radios

54 1015 84 1076 10
110 1014 303 1095 amplissimo
336 1015 389 1078 illo
419 1016 508 1090 orbo,
541 1016 681 1098 inquom
709 1023 912 1098 spectatomm
941 1016 1019 1078 oculi
1050 1013 1244 1077 circumcirca
1266 1014 1409 1097 dispositi

55 1112 133 1166 sunt
172 1103 245 1166 Nisi
267 1125 296 1166 n.
321 1124 380 1167 una
395 1106 565 1169 circumiret
587 1105 687 1169 incula
709 1105 773 1181 illa,
797 1112 985 1185 spectatores
1008 1105 1073 1184 ejus
1090 1104 1244 1168 oculomm
1266 1113 1410 1186 aspectus

56 1212 112 1256 uon
134 1193 247 1256 fierent
269 1195 442 1276 participes.
478 1196 536 1257 Hic
555 1195 640 1258 vides
662 1197 832 1269 manifeste,
857 1195 988 1276 speciem
1003 1193 1237 1256 immateriatam
1258 1194 1336 1257 lucis
1358 1195 1409 1257 vel

56 1282 244 1346 circumferri
257 1283 306 1344 vel
325 1292 417 1359 stare,
441 1305 581 1347 unacum
600 1285 776 1348 circumlata
790 1285 839 1346 vel
858 1292 958 1346 stante
973 1303 1005 1346 re
1021 1305 1085 1359 000,
1110 1283 1195 1363 cnjus
1209 1291 1257 1346 est
1280 1284 1407 1364 species

143 1370 224 1436 Cum
247 1373 349 1455 itaque
373 1374 488 1454 species
511 1375 618 1450 fontis,
653 1394 706 1437 sen
728 1375 824 1437 virtus
847 1376 988 1455 planetas
1009 1392 1149 1448 movens,
1181 1381 1305 1455 gyratur
1328 1372 1410 1435 circa

58 1470 193 1523 centmm
205 1462 320 1538 muudi,
334 1483 397 1525 rem
410 1465 507 1544 ipsam
522 1484 648 1546 000000,
672 1465 756 1545 cujus
778 1472 826 1526 001
844 1463 971 1544 species,
994 1463 1117 1529 Solem
1139 1481 1245 1543 nempe
1268 1463 1408 1546 gyrari,

57 1551 109 1613 boc
129 1550 198 1631 jam
221 1550 303 1614 dicto
326 1554 463 1633 exemplo
486 1573 545 1615 non
567 1552 696 1617 absurde
719 1553 874 1616 concludo.

144 1638 295 1712 Quamvis
310 1648 341 1703 et
362 1642 420 1704 boc
443 1651 619 1722 argumento
643 1643 723 1706 idern
741 1643 897 1717 evincitur,
921 1642 1000 1724 quod
1022 1648 1121 1705 motus
1143 1639 1251 1703 localis
1274 1638 1408 1703 01100-

57 1728 120 1812 pori
146 1729 289 1794 subditus
318 1732 422 1813 nequit
448 1739 618 1812 competere
650 1734 835 1814 inspeciem
864 1731 1097 1795 immateriatam
1118 1730 1243 1805 nudam,
1274 1735 1309 1792 ut
1330 1749 1408 1812 0000

58 1826 155 1883 motus
179 1819 260 1883 illati
281 1821 456 1902 passionem
478 1822 610 1903 recipere
634 1824 749 1904 nequit,
784 1823 843 1886 nisi
866 1823 969 1896 simul,
1002 1829 1036 1883 ut
1057 1820 1154 1883 virtus
1180 1820 1256 1881 haec
1278 1819 1408 1882 materia

57 1910 124 1991 ipsa
143 1917 247 1986 caret,
279 1909 324 1972 010
354 1920 453 1973 00100
477 1930 592 1995 000000
620 1920 760 1993 receptus
789 1922 924 1993 tempore
948 1917 1060 1972 careat.
1108 1909 1184 1974 Cum
1212 1927 1283 1989 ergo
1310 1907 1408 1971 virtus

58 1999 115 2061 ista
128 2017 257 2061 movens
275 1999 430 2063 circumire
444 2000 572 2082 probata
590 2001 640 2078 011,
664 2021 758 2084 00000
777 2011 878 2064 10000
899 2000 1032 2063 infinitae
1046 1998 1146 2080 possit
1160 1998 1284 2061 concedi
1297 1997 1408 2060 celeri-

57 2088 129 2151 tatis
151 2088 317 2163 (infinitam
338 2090 417 2152 0010
446 2098 518 2155 1000
541 2092 727 2154 celeritatem
750 2093 841 2154 etiam
865 2089 1038 2170 corporibus
1061 2089 1192 2151 inditore
1218 2087 1353 2160 videtur)
1376 2093 1409 2149 et

57 2178 120 2240 idco
136 2176 168 2240 iu
184 2184 319 2259 tempore
334 2179 434 2261 aliquo
449 2180 627 2243 circumeat:
654 2200 686 2243 se
702 2183 769 2263 ipsa
791 2181 882 2261 igitur
904 2180 982 2241 hunc
996 2186 1109 2240 motum
1128 2176 1232 2258 nequit
1251 2178 1408 2258 perlicere,

60 2269 110 2329 sed
132 2266 203 2330 ideo
226 2267 326 2331 solum
347 2269 461 2331 moveri
484 2270 568 2332 illam
591 2290 716 2332 necesse
740 2279 797 2345 est,
821 2270 891 2352 quia
913 2287 1021 2348 corpus
1044 2267 1110 2346 ejus
1133 2286 1231 2348 aquo
1257 2266 1408 2347 dependet

58 2364 200 2420 moretur.
246 2357 350 2439 Atque
373 2359 479 2420 eodem
501 2359 593 2422 etiam
615 2368 791 2440 argumento
814 2367 895 2421 recte
919 2357 1057 2423 concludi
1079 2356 1216 2430 videtur,
1248 2375 1309 2417 non
1338 2374 1407 2418 esse

59 2446 291 2509 immateriatum
313 2447 466 2528 quippiam
496 2448 575 2511 10100
601 2448 735 2530 corporis
759 2448 876 2511 Solaris
904 2446 1064 2520 terminos,
1097 2444 1182 2524 cujus
1210 2444 1406 2507 conversione
1461 2509 1465 2515 ,

61 2536 143 2599 01001
161 2543 358 2598 convertatur
381 2537 496 2617 species
519 2539 580 2600 ista
593 2539 631 2600 ab
655 2539 707 2600 illo
732 2538 932 2600 immateriato
948 2535 1142 2598 descendeus.
1180 2535 1313 2599 Rursum
1329 2534 1408 2596 enim

61 2623 260 2689 immateriato
283 2625 412 2707 cuipiam
435 2627 542 2689 localis
565 2636 665 2690 motus
680 2647 746 2690 cunr
769 2637 902 2706 tempore
925 2645 982 2688 non
1007 2633 1088 2685 recte
1110 2624 1260 2686 tribuitur.
1297 2621 1407 2688 Relin-

61 2715 154 2796 quitur
178 2714 281 2795 1011οι,
304 2723 340 2777 01
361 2734 469 2797 corpus
492 2717 589 2797 ipsum
603 2717 686 2781 Solis
709 2718 798 2779 modo
817 2735 909 2797 supra
926 2715 1006 2777 dicto
1030 2720 1162 2796 gyretur,
1186 2720 1218 2774 et
1239 2711 1319 2794 polis
1334 2730 1408 2774 0000

61 2803 263 2867 conversionis
287 2803 383 2877 (linea
405 2815 564 2869 err-centro
588 2807 721 2888 corporis
743 2827 797 2888 per
818 2806 889 2868 illos
912 2805 990 2867 inter
1013 2805 1089 2866 lixas
1112 2803 1236 2874 educta)
1259 2808 1409 2865 monstret

61 2894 142 2975 polos
164 2892 293 2968 zodiaci,
318 2893 429 2957 circulo
448 2916 519 2957 vero
543 2898 677 2977 corporis
701 2897 746 2958 sui
770 2896 900 2958 maximo
916 2893 1098 2974 eclipticam,
1122 2894 1285 2974 harumque
1307 2909 1408 2954 rerum

60 2982 326 3045 astronomicarum
347 2983 405 3045 hoc
426 2993 517 3065 pacto
540 3004 633 3048 causa
655 2987 803 3049 naturalis
825 2987 887 3047 fiat.

141 3071 285 3152 Amplius
316 3091 383 3134 cnm
415 3074 583 3149 videamus,
616 3095 670 3137 nec
703 3075 838 3154 singulos
870 3073 1009 3155 planetas
1040 3070 1071 3131 in
1103 3069 1183 3132 omni
1213 3086 1269 3131 sua
1291 3088 1310 3128 a
1332 3066 1428 3153 Sole,

59 3160 219 3234 distantia,
252 3180 307 3223 nec
331 3181 435 3224 omues
464 3163 494 3225 in
519 3163 647 3229 diversis
680 3165 743 3227 suis
767 3163 921 3227 distantiis
949 3159 1068 3242 aequali
1092 3159 1201 3239 corripi
1231 3156 1406 3233 celeritate3

59 3252 109 3313 sed
131 3251 297 3315 Saturnum
319 3271 465 3314 annorum
488 3250 531 3316 30
553 3274 653 3316 moras
676 3264 812 3326 nectere,
835 3254 941 3317 Jovem
965 3268 1109 3312 annorum
1136 3244 1184 3324 12,
1209 3248 1340 3310 Martem
1362 3244 1407 3310 23

58 3341 212 3415 mensium,
236 3341 361 3402 Terram
387 3339 441 3417 12,
465 3343 614 3405 Venerem
647 3345 833 3425 sesquiocto,
866 3340 1047 3404 Mercurium
1071 3335 1108 3413 3;
1132 3345 1285 3401 ettamen
1309 3335 1406 3398 omnis

59 3430 135 3493 orbis
168 3428 291 3491 virtutis
316 3433 491 3494 'emanantis
523 3451 561 3493 ex
593 3433 664 3496 Sole
696 3436 773 3506 (tam
804 3452 861 3513 qno
901 3431 968 3492 loco
1000 3427 1183 3491 Mercurium
1215 3424 1406 3507 amplectitur

57 3519 266 3593 humillimum,
298 3539 387 3599 0000
416 3540 473 3601 000
505 3522 572 3584 1000
600 3522 761 3585 Saturnum
794 3520 991 3593 altissimum)
1024 3537 1061 3579 ex
1093 3515 1256 3578 antedictis
1288 3512 1408 3597 aequali

58 3629 121 3671 curn
149 3626 275 3688 corpore
299 3608 399 3672 Solari
431 3611 577 3690 vertigine
602 3621 633 3673 et
656 3613 760 3674 eodem
783 3620 916 3691 tempore
939 3614 1113 3689 torqueatur
1136 3606 1209 3686 (000
1237 3605 1303 3667 1000
1331 3603 1406 3666 nihil

58 3697 177 3762 absurdi
201 3698 354 3773 statuitur,
378 3718 444 3761 curn
467 3701 562 3763 virtus
585 3721 728 3764 emanans
750 3699 952 3764 immateriata
975 3697 1016 3759 011
1038 3714 1150 3777 suaque
1173 3702 1282 3757 natura
1304 3691 1406 3754 intini-

57 3797 104 3850 tae
126 3786 295 3850 celeritatis
318 3806 386 3850 esse
409 3798 531 3869 posset,
564 3791 590 3854 si
612 3791 758 3873 possibile
782 3798 882 3864 esset,
906 3796 1019 3851 motum
1041 3784 1101 3865 ipsi
1123 3783 1260 3846 alicunde
1284 3780 1405 3856 inferri3

57 3886 123 3941 tnnc
146 3876 229 3939 enim
258 3896 313 3939 nec
344 3878 494 3959 pondere,
528 3900 586 3961 quo
609 3889 709 3956 caret,
741 3900 795 3943 nec
828 3877 964 3960 corporei
995 3873 1086 3937 medii
1109 3891 1235 3936 occursu
1266 3870 1408 3951 impediri

56 3968 189 4049 posaeo:
214 3984 253 4028 ex
274 3986 311 4028 eo
340 3966 443 4049 itaque
465 3976 559 4049 patet,
583 3971 721 4051 planetas
745 3969 893 4032 inhabiles
918 3986 995 4042 esse,
1019 3971 1053 4026 01
1074 3969 1275 4045 assequantur
1297 3958 1408 4022 celeri-

57 4066 147 4119 tatem
177 4054 314 4118 metricis
343 4056 475 4119 virtutis.
522 4059 670 4122 Saturnus
702 4060 782 4121 euim
808 4058 970 4120 inhabilior
999 4061 1049 4143 est
1067 4070 1158 4137 0000
1179 4051 1313 4132 Jupiter,
1336 4048 1409 4131 0010

57 4144 375 4221 misererentur,
399 4165 465 4210 cum
482 4149 563 4211 orbis
586 4149 707 4212 virtutis
730 4149 809 4230 apud
823 4147 948 4213 Saturni
970 4146 1030 4208 iter
1040 4158 1136 4224 aeque
1152 4139 1290 4203 celeriter
1312 4137 1409 4200 resti-

58 4228 156 4298 tuatur
184 4254 222 4297 ac
253 4236 335 4297 orbis
367 4235 488 4299 virtutis
520 4241 599 4318 apud
630 4239 689 4301 iter
720 4238 824 4313 lovis,
858 4245 889 4301 et
921 4237 965 4298 sic
997 4237 1213 4315 consequenter
1245 4245 1339 4309 00000
1368 4228 1410 4291 ad

58 4323 251 4400 Mercurium,
284 4322 335 4405 qni
366 4326 470 4406 procul
494 4327 584 4390 dubio
618 4330 656 4390 od
680 4328 847 4409 exemplum
875 4325 1060 4407 superiorum
1083 4320 1173 4383 01100
1203 4314 1269 4396 ipse
1291 4316 1410 4381 tardior

60 4413 250 4490 critvirtute,
274 4432 350 4495 quae
370 4414 469 4495 ipsum
484 4417 576 4479 vehit.
609 4419 742 4479 Necesse
761 4424 809 4479 est
831 4415 932 4497 igitur,
956 4420 990 4476 ut
1002 4407 1239 4507 planetariorum
1250 4405 1409 4509 globorum
1487 4428 1489 4432 ·

60 4510 161 4567 natura
177 4502 221 4567 011
243 4503 415 4579 materiata,
439 4524 478 4567 ex
500 4506 684 4569 adhaerente
697 4506 883 4587 proprietate
907 4503 974 4566 iude
994 4523 1014 4563 a
1027 4517 1125 4563 rerum
1144 4511 1293 4596 pnncrpro
1310 4513 1410 4578 prona

62 4592 97 4655 ad
116 4592 247 4675 0010100
276 4611 330 4656 000
362 4593 403 4655 ed
433 4592 633 4676 privationem
660 4602 768 4657 00100.
815 4594 950 4667 Quamm
981 4608 1080 4654 rernm
1114 4589 1307 4646 contentione
1340 4605 1410 4652 curn

63 4690 197 4747 00000100
221 4700 342 4767 pogna,
366 4693 491 4764 superat
512 4685 604 4765 igitur
625 4685 693 4766 plue
716 4684 768 4745 ille
790 4684 929 4765 planeta,
953 4681 1002 4764 001
1025 4678 1055 4738 10
1077 4673 1187 4774 virtute
1209 4671 1409 4742 imbecilliore

65 4770 196 4859 comittit
218 4790 315 4855 caque
337 4773 462 4836 1001100
477 4782 630 4850 movetur;
663 4773 761 4835 01000
782 4772 846 4849 1110,
870 4773 920 4855 001
942 4768 1007 4833 Soli
1028 4780 1159 4845 propior.

133 4854 499 5023 &gemmam
520 4871 673 4941 statuere,
706 4861 844 4928 omnibus
872 4857 1021 4947 planetis,
1051 4850 1111 4937 1ρεί
1139 4850 1236 5013 11ζὶζο
1258 4852 1413 4927 Mercurio
