3368 5534
604 326 607 333 ·
670 320 829 375 umine.
1064 352 1068 363 ,
1363 309 1426 379 153

69 514 147 551 eme:
178 503 278 553 eontra
305 516 372 555 vero
392 499 666 571 improportionatam
686 507 716 555 et
734 501 920 572 prodigiosam
941 501 1115 559 celeritatem
1144 500 1215 557 coeli
1235 500 1371 562 futuram,
1402 494 1426 553 si

69 578 161 632 Terra
176 577 316 648 jubeatur
333 597 385 635 suo
406 581 465 649 loco
486 588 516 636 et
536 582 591 637 situ
612 588 688 636 stare
708 584 791 653 plane
812 582 965 637 immobilis.

149 658 340 735 Suntflautem
358 661 444 716 multo
464 663 557 734 plnres
572 662 690 727 illorum,
712 663 757 734 qui
772 663 877 733 pietate
891 669 1043 727 moventur,
1066 679 1118 734 quo
1132 661 1219 717 minus
1234 659 1428 717 adsentiantur
1540 642 1544 649 ¹

68 738 239 811 Copernico,
269 747 424 799 metuentes
453 760 487 797 nc
509 741 624 814 Spiritui
644 742 745 797 Sancto
766 743 794 797 in
814 742 963 814 Scripturis
990 742 1115 816 loquenti
1139 742 1309 799 mendacium
1329 738 1449 817 impinge

68 826 167 891 gsmr,
190 819 215 875 si
236 820 351 879 Terram
371 822 480 888 moveri,
502 823 594 879 Solem
615 829 690 877 stare
711 822 870 878 dixerimus.

149 908 200 965 llli
212 904 286 965 'rere
305 912 359 966 hoc
378 914 565 983 perpendant:
588 930 647 965 cum
661 914 800 967 oculorum
815 930 897 969 sensu
910 913 1030 986 plurima
1043 920 1073 968 et
1088 912 1231 984 potissima
1243 910 1427 975 addiscamus,

69 988 243 1061 impossibile
263 991 343 1047 nobis
363 1009 434 1061 esse,
455 1000 487 1048 ut
506 1010 659 1048 sermonem
679 1000 802 1053 ιιοιιιιιιιι
822 995 859 1049 sb
878 996 932 1049 hoo
952 995 1092 1049 oculorum
1113 1010 1196 1049 sensu
1218 992 1425 1048 abstrahamur.

68 1072 169 1142 ltaque
191 1070 312 1141 plurima
324 1072 446 1142 quotidie
458 1066 590 1138 incidunt,
606 1073 652 1128 ubi
667 1092 728 1129 cum
742 1077 881 1130 oculorum
896 1093 979 1129 sensu
994 1075 1136 1145 loquimur,
1159 1073 1213 1127 etsi
1228 1080 1303 1129 certo
1318 1071 1426 1135 scimus,

68 1167 127 1207 rem
145 1149 241 1223 ipsam
260 1151 345 1207 aliter
364 1152 478 1210 habere.
506 1154 671 1231 Exemplum
691 1155 763 1210 est'
756 1173 784 1209 ιιι
804 1155 853 1209 1110
874 1173 955 1210 ιιιιιι
976 1155 1100 1227 Virgilii:
1125 1154 1319 1225 „provehimur
1334 1157 1438 1223 portu,-

70 1242 224 1303 terraeque
256 1233 395 1303 urbesque
417 1233 576 1291 receduut“
628 1235 673 1290 Sic
695 1252 756 1291 cum
779 1253 816 1290 ex
840 1236 977 1307 angustiis
1000 1236 1083 1290 vallis
1104 1234 1223 1304 alicujus
1253 1232 1428 1327 emergimus,

69 1328 225 1404 magnum
225 1328 288 1367 sese
308 1329 434 1384 campum
453 1314 532 1371 nobis
554 1315 663 1386 aperire
683 1315 804 1371 dicimus.
846 1316 892 1371 Sic
912 1317 1037 1371 Christus
1057 1317 1157 1371 Petro:
1187 1314 1278 1369 Duc'
1271 1332 1299 1368 ru
1323 1314 1431 1375 altum·¹

69 1391 149 1464 quasi
170 1396 251 1449 mare'
271 1392 310 1448 sit
336 1393 421 1449 altius
448 1388 584 1451 litoribus.
626 1396 672 1452 Sic
691 1396 761 1451 enim
784 1404 905 1467 apparet
925 1397 1019 1458 oculis,
1041 1403 1071 1450 et
1091 1394 1177 1466 optidi
1197 1410 1297 1449 causas
1318 1396 1427 1448 demon·

68 1480 161 1528 strant
180 1472 270 1542 hujus
289 1473 430 1529 fallaciae.
465 1475 590 1530 Christus
611 1494 676 1531 rero
698 1495 822 1532 sermone
836 1478 924 1532 utitur
938 1475 1134 1547 receptissimo,
1156 1475 1202 1546 qui
1216 1481 1310 1529 tamen
1321 1492 1359 1528 ex
1374 1473 1429 1528 hae

68 1554 212 1607 coriorum
233 1552 351 1609 fallacia
370 1564 415 1609 est
434 1562 521 1612 ortus
563 1556 608 1611 Sin
626 1564 715 1612 ortum
738 1567 768 1613 et
791 1574 917 1612 occasum
939 1558 1065 1621 siderum,
1089 1557 1142 1611 hoc
1163 1563 1208 1610 est
1230 1570 1375 1612 ιιιοιιιιιιιιι
1398 1558 1430 1609 ἰι
1543 1612 1545 1616 ,

69 1637 234 1689 descensum
261 1632 403 1707 fingimus:
433 1654 494 1697 cum
518 1638 613 1693 eodem
638 1644 761 1709 tempore
784 1638 876 1693 Solem
899 1638 947 1692 alii
971 1638 1065 1711 dicant
1087 1638 1265 1700 descendere,
1297 1653 1350 1706 quo
1379 1651 1428 1688 nos

68 1713 183 1769 dicimus
204 1710 283 1770 illum
304 1718 468 1771 ascendere..
497 1716 566 1772 Vide
581 1718 693 1788 Optices
707 1718 901 1773 astronomiae
917 1720 985 1788 Cap.
1000 1720 1035 1773 X.
1055 1719 1104 1773 iol.
1126 1717 1193 1772 32⁷.
1197 1721 1262 1783 (11,
1276 1719 1350 1782 tlt.)
1384 1713 1429 1769 Sic

69 1795 223 1851 etiamnum
244 1794 377 1865 planetas
398 1803 473 1852 stare
497 1798 591 1853 dicunt
614 1798 783 1863 Ptolemaici,
807 1802 915 1870 quando
940 1817 989 1870 per
1003 1798 1109 1870 aliquot
1123 1797 1266 1852 continuos
1281 1796 1338 1850 dies
1354 1795 1428 1864 apud

68 1876 181 1931 easdem
195 1875 268 1931 fixas
282 1876 400 1931 haerere
415 1877 555 1933 videntur·
549 1916 557 1945 ,
573 1878 625 1933 etsi
640 1886 748 1949 putent,
765 1879 838 1949 ipsos
853 1887 918 1934 tuuc
932 1897 962 1934 re
973 1895 1040 1933 vera
1052 1878 1155 1933 moveri
1169 1876 1317 1932 deorsum'
1310 1894 1337 1931 ιιι
1350 1874 1428 1931 linea

67 1962 146 2011 reeta
162 1956 210 2010 rel
231 1972 340 2011 sursum
353 1968 373 2012 a
386 1958 487 2013 Terris.
527 1958 573 2014 Sic
587 1960 736 2014 solstitium
749 1959 814 2015 dicit
838 1960 923 2015 omnis
947 1960 1110 2030 scriptorum
1133 1958 1225 2013 natio:
1251 1957 1304 2013 etsi
1322 1959 1431 2027 negarit

67 2053 132 2091 rere
154 2042 236 2091 stare
258 2036 361 2093 Solem.
396 2038 441 2093 Sic
464 2054 603 2111 nunquam
626 2040 768 2111 quisquam
789 2042 859 2096 adeo
880 2041 987 2095 deditus
1002 2040 1056 2094 erit
1070 2039 1229 2109 Cepernico,
1254 2036 1319 2108 quin
1337 2036 1429 2092 Solem

67 2117 192 2171 dicturus
214 2115 255 2171 sit
272 2116 537 2193 ingredifcancrum
560 2122 605 2175 rel
618 2122 754 2184 Leonem,
775 2121 828 2175 etsi
852 2121 964 2177 innuere
979 2121 1048 2185 vult,
1073 2121 1186 2179 Terram
1209 2118 1316 2191 ingredi
1331 2114 1428 2186 Capri·

67 2213 181 2253 cornum
205 2196 252 2251 rel
269 2197 432 2269 Aquarium.
468 2201 504 2257 Et
527 2207 622 2255 cetera
644 2200 778 2257 similiter.

147 2276 215 2331 Jam
236 2293 302 2333 vero
317 2285 348 2332 ιι
360 2295 457 2333 sacrae
480 2279 580 2335 literne
603 2283 636 2334 de
660 2283 743 2335 rebus
766 2280 930 2351 vulgaribus
952 2274 993 2349 (in
1017 2280 1115 2351 quibus
1138 2279 1249 2334 iliorum
1268 2276 1428 2331 institutum
1458 2298 1462 2303 ·

67 2375 121 2413 uon
134 2356 320 2412 est-homines
334 2356 483 2427 instruere)
509 2361 657 2431 loquuntur
671 2372 731 2416 cum
744 2362 899 2419 hominibus
913 2363 1031 2417 humano
1046 2378 1133 2424 more,
1153 2366 1187 2415 ut
1209 2360 1245 2414 ab
1267 2356 1423 2412 hominibus

66 2435 273 2509 percipiantun
295 2443 414 2495 utuntur
433 2439 476 2511 iis,
500 2458 571 2512 quae
595 2447 660 2496 sunt
687 2446 760 2513 apud
773 2442 897 2497 homines
916 2442 943 2496 in
957 2442 1091 2504 confesso,
1115 2443 1154 2497 ad
1174 2439 1340 2505 insinuanda
1369 2437 1428 2495 alia

69 2517 235 2574 sublimiora
256 2525 287 2585 et
309 2518 412 2578 divina

148 2597 223 2662 Quid
246 2598 346 2659 mirum
366 2600 461 2672 igitur,
486 2600 510 2655 si
530 2600 674 2673 Scriptura
691 2620 798 2673 quoque
818 2620 877 2658 curn
900 2601 1026 2657 sensibus
1049 2604 1179 2673 loquatur
1201 2599 1328 2655 humanis
1352 2605 1428 2663 tuno,

68 2697 129 2735 crim
147 2696 246 2735 rerum
264 2679 370 2735 veritas
392 2681 554 2735 oeensibus
576 2681 716 2753 discrepat
736 2701 785 2737 seu
805 2683 954 2737 scientibus
969 2682 1123 2737 hominibus
1138 2698 1187 2736 eeu
1201 2681 1317 2752 ignaris.
1360 2679 1427 2742 Quis
1520 2704 1523 2711 ·

67 2760 139 2815 eninr
160 2758 254 2815 ἰιιιιίι
274 2754 498 2830 Ροὲιίιιιιιιιιι
521 2762 684 2817 allusionem
707 2764 817 2818 Psalmo
840 2765 924 2828 XIX,
959 2763 1022 2828 ubi,
1051 2765 1114 2818 dum
1136 2764 1187 2816 sub
1210 2761 1332 2833 imagine
1354 2759 1428 2815 Solis

68 2857 164 2909 cursus
178 2839 333 2913 Evangelii
355 2843 478 2913 adeoque
503 2848 532 2895 et
546 2842 648 2897 Christi
662 2844 771 2899 Domini
794 2843 821 2898 in
842 2844 915 2898 hunc
938 2845 1066 2898 mundum
1085 2843 1173 2898 nostri
1197 2859 1283 2897 causa
1295 2846 1429 2911 suscepta

69 2919 262 2993 peregrinatio
276 2922 454 2987 decantatur,
477 2921 525 2977 Sol
540 2941 577 2976 ex
591 2922 740 2979 horizontis
757 2926 938 2979 tabernaculo
961 2923 1060 2979 dicitur
1080 2941 1231 2995 emergere,
1256 2928 1290 2977 ut
1310 2937 1428 2992 sponsus

68 3004 101 3054 de
123 3001 255 3057 thalamo
278 3017 344 3065 suo;
369 3002 479 3066 alacris,
504 3008 535 3057 ut
557 3003 649 3075 gigas,
674 3006 709 3057 ad
734 3007 892 3059 currendam
917 3005 996 3059 viam.
1032 3006 1109 3068 Quod
1132 3003 1256 3057 imitatur
1278 3001 1427 3073 Virgilius:

72 3081 210 3144 ,Tithono
224 3098 350 3137 croceum
363 3082 489 3155 linquens
503 3099 604 3138 aurora
618 3083 736 3138 cubile.“
780 3085 858 3139 Prior
881 3085 981 3156 qnippe
1002 3084 1095 3155 poesis
1116 3085 1189 3154 apud
1204 3084 1348 3137 Hebraeos
1363 3081 1426 3151 fuit.

146 3170 212 3227 Non
231 3169 311 3239 exire¹
324 3170 416 3227 Solem
431 3191 468 3226 ex
481 3172 624 3227 horizonte
643 3172 775 3244 tanquam
789 3192 804 3227 e
819 3175 1001 3228 tabernaculo
1023 3168 1090 3242 (etei
1109 3172 1148 3227 sic
1162 3173 1248 3227 oeulis
1263 3167 1428 3242 appareat),

70 3252 178 3307 sciebat
195 3250 324 3306 Psaltes:
348 3252 451 3307 moveri
474 3271 539 3307 vcro
553 3253 645 3308 Solem
665 3254 854 3317 existimabat,
875 3261 1025 3324 propterea
1045 3255 1111 3325 quia
1132 3254 1218 3308 oculis
1239 3253 1281 3307 ita
1295 3259 1424 3322 apparet.

69 3337 217 3388 Ettamen
230 3337 378 3404 utrumque
393 3333 465 3397 dicit,
486 3333 552 3404 quia
571 3341 718 3404 utrumque
738 3335 827 3388 'oculis
850 3334 892 3389 ita
915 3336 1030 3390 ridetur.
1072 3336 1167 3406 Neque
1193 3335 1291 3388 falsum
1313 3333 1359 3386 hic
1381 3334 1429 3388 rel

70 3414 125 3467 illie
144 3410 240 3466 dicere
255 3412 361 3467 censeri
376 3413 471 3469 debet:
497 3420 542 3467 est
563 3414 634 3468 enirn
658 3423 688 3468 et
711 3416 850 3469 oculorum
871 3415 1106 3485 comprehensioni
1121 3431 1173 3469 suo
1186 3414 1303 3477 veritas,
1328 3413 1429 3468 idonea

71 3491 214 3548 secretiori
228 3491 335 3547 Psaltis
348 3493 476 3549 instituto
500 3494 644 3567 eursuiquc
658 3492 807 3567 Evangelii
827 3498 950 3566 adeoque
969 3497 1018 3549 filii
1032 3496 1085 3549 Dei
1104 3495 1300 3549 adumbrando.
1341 3494 1429 3547 Josua

71 3574 155 3629 etiam
169 3573 263 3627 valles
276 3572 363 3638 addit,
379 3580 477 3629 contra
489 3591 557 3646 quas
571 3575 620 3629 Sol
633 3581 663 3647 ct
676 3576 756 3629 Luna
768 3583 945 3635 moveantur:
961 3575 1067 3630 scilicet
1081 3576 1145 3646 quia
1164 3574 1217 3645 ipsi
1232 3576 1267 3628 nd
1279 3575 1428 3629 ‚Iordanem

71 3656 121 3709 boc
142 3653 189 3708 ita
203 3655 372 3724 apparebat.
400 3655 440 3709 Et
453 3661 546 3710 tamen
560 3662 676 3727 uterque
690 3674 741 3710 suo
755 3656 861 3711 intento
876 3656 996 3727 potitur:
1018 3655 1140 3710 Derides
1154 3654 1208 3709 Dei
1222 3653 1429 3726 magnificentia
1509 3666 1513 3673 '

72 3735 219 3806 patefacta
243 3730 286 3799 (et
308 3751 368 3789 cum
392 3753 425 3788 eo
441 3731 599 3800 Sirenides),
623 3753 694 3806 quae
715 3737 814 3800 effecit,
838 3744 871 3790 ut
896 3738 967 3790 haec
987 3737 1027 3789 sic
1041 3736 1125 3790 oculis
1139 3740 1427 3805 repraesentarentur,

72 3816 113 3870 rel
132 3814 223 3869 etiam
236 3812 354 3886 mystico
368 3831 450 3869 sensu
464 3833 514 3885 per
528 3816 598 3869 haec
617 3816 739 3871 risibilia
757 3834 905 3886 expresso:
928 3819 1017 3872 Josua
1038 3833 1112 3880 vero,
1137 3822 1169 3870 ut
1181 3815 1228 3870 Sol
1252 3814 1295 3869 die
1317 3815 1428 3887 integro

73 3895 243 3952 retineretur
263 3893 335 3949 sibi
356 3894 384 3949 in
405 3896 474 3948 coeli
494 3894 581 3950 medio
605 3903 734 3967 respectu
757 3915 854 3952 sensus
874 3898 1012 3951 oculorum
1034 3914 1159 3961 suorum
1183 3913 1242 3950 cum
1266 3895 1329 3950 aliis
1344 3896 1429 3959 homi·

73 3976 150 4032 nibus
172 3974 273 4029 emen
297 3974 428 4051 temporis
451 3975 542 4047 spatio
565 3977 616 4030 sub
639 3978 727 4032 Terra
748 3985 910 4033 moraretur.

147 4063 208 4121 ser
231 4062 421 4136 incogitantes
443 4064 594 4137 respiciunt
616 4067 651 4121 ad
674 4068 762 4121 solam
785 4069 929 4121 verborum
956 4066 1189 4130 contrarietatem,
1217 4066 1265 4122 Sol
1288 4067 1376 4131 stetit,
1400 4066 1429 4121 id

71 4154 112 4201 ιιι
133 4146 227 4203 'l’erra
250 4144 347 4208 stetitr
375 4161 429 4200 non
451 4148 662 4216 perpendentes,
691 4151 760 4218 quod
788 4150 860 4203 haec
887 4147 1069 4202 contrarietas
1093 4153 1201 4201 tautum
1225 4147 1300 4207 intra
1326 4146 1428 4203 limites
1481 4146 1485 4153 '

71 4226 176 4299 optines
198 4231 231 4281 ιι
250 4225 437 4281 ιιιιιιιοιιιίιι
459 4222 599 4292 nascatur,
623 4245 674 4281 nec
698 4228 758 4283 ideo
781 4245 811 4282 se
834 4235 990 4283 extrorsum
1008 4228 1035 4282 in
1057 4245 1134 4282 usum
1156 4228 1294 4283 hominum
1315 4230 1427 4283 efferate

71 4326 120 4362 nec
141 4306 243 4362 ridere
264 4306 378 4370 volunt,
404 4306 458 4361 hoc
484 4306 592 4363 unicum
613 4307 642 4362 in
664 4309 736 4363 votis
759 4308 891 4363 habuisse
913 4310 1040 4372 Josuam,
1068 4327 1103 4363 ne
1130 4315 1237 4363 montes
1259 4308 1313 4378 ipsi
1336 4308 1428 4363 Solem

71 4389 226 4460 eriperent:
256 4388 329 4457 quod
355 4392 449 4442 votum
471 4388 562 4441 verbis
585 4388 720 4458 explicuit
743 4406 826 4443 sensu
849 4390 987 4442 oculorum
1015 4389 1212 4452 conformibus;
1241 4406 1300 4443 oum
1328 4389 1427 4459 impor-

72 4475 167 4525 mom
184 4468 337 4523 admodum
354 4466 461 4533 nosset,
486 4486 519 4522 eo
538 4475 661 4540 ternpore
687 4473 720 4523 de
742 4469 912 4524 ιιιιοιιοιιιίι
932 4471 1019 4539 deque
1041 4469 1115 4523 visus
1134 4470 1272 4525 erroribus
1293 4468 1427 4540 cogitare.

73 4548 175 4621 Siquis
189 4547 266 4603 enim
278 4546 438 4612 monuisset,
457 4547 550 4604 Solem
571 4567 625 4603 non
639 4567 703 4603 rere
718 4556 815 4605 contra
828 4550 929 4604 vallem
943 4550 1046 4619 Ajalon
1065 4550 1175 4614 moveri,
1195 4552 1243 4604 sed
1265 4551 1300 4602 ad
1319 4564 1429 4603 sensum

74 4636 199 4693 tutum
223 4644 263 4684 au
286 4645 342 4683 non
365 4629 551 4685 uclamasset
571 4632 668 4692 desua,
693 4647 722 4684 se
746 4636 842 4699 petere
865 4636 897 4684 ut
920 4629 977 4684 dies
999 4629 1051 4699 ipsi
1074 4632 1243 4699 producatur
1266 4645 1427 4701 quacunque

76 4709 100 4762 id
119 4708 233 4765 ratione
255 4708 326 4763 narr
365 4708 470 4764 Eodem
490 4709 577 4781 igitur
599 4712 687 4774 modo,
711 4709 734 4763 si
757 4710 818 4780 quis
841 4710 893 4781 ipsi
917 4710 994 4765 litem
1016 4708 1148 4764 movisset
1171 4713 1204 4764 de
1218 4710 1290 4767 Solis
1313 4707 1428 4780 perenni

76 4788 164 4859 quiete
186 4790 351 4861 Terraeque
373 4795 457 4846 motu.
496 4790 590 4845 Facile
613 4797 706 4845 autem
726 4790 802 4844 Deus
822 4807 859 4845 ex
877 4791 982 4845 Josuae
1000 4788 1100 4852 verbis,
1116 4791 1181 4860 quid
1199 4791 1331 4855 isrellet,
1346 4789 1427 4845 intel·

77 4868 145 4925 lexis
167 4868 380 4945 praestititque·
389 4867 507 4931 inhibito
526 4876 602 4931 motu
615 4870 734 4937 Τιιιιις
756 4875 789 4929 ut
806 4869 849 4935 1111
868 4876 945 4927 stare
962 4871 1101 4933 rideretur
1112 4869 1171 4931 soi
1197 4871 1344 4933 Potitianis
1355 4867 1428 4929 euin
