3374 5528
557 309 589 361 de
606 307 796 363 Οιιιιιοιιιιιιιι
813 310 846 363 de
863 317 931 371 motu
948 311 1038 364 mellae
1058 311 1154 364 uerna
1485 306 1529 377 73

167 482 256 545 uicus
285 489 319 544 et
340 483 447 567 ‘lhcho
474 483 587 548 Solem.
633 468 796 556 Quaeritur
826 488 968 568 amplius,
997 487 1108 550 Martis
1136 488 1285 552 motiones
1317 489 1356 550 ad
1388 506 1531 575 verumne

167 570 251 635 Solis
274 580 390 636 motum
413 593 452 636 au
476 575 514 635 ad
529 575 659 638 medium
673 575 736 638 siut
749 578 934 651 referendae,
960 577 1038 658 quud
1052 579 1175 656 perinde
1191 587 1239 641 est
1252 599 1288 640 ac
1303 578 1329 639 si
1345 597 1529 680 quaererem,

167 661 249 723 linea
272 663 412 742 apsidum
436 662 567 726 eccentri
591 666 701 727 Martis
724 683 777 745 per
800 666 965 728 mediumue
990 668 1087 730 locum
1109 666 1191 730 Solis
1216 687 1254 730 au
1278 667 1443 748 peripsum
1458 686 1528 731 ccr-

166 752 250 832 poris
276 750 395 814 Solaris
418 762 555 816 centrum
577 755 735 816 trauseat?
780 757 837 818 Hic
867 754 1053 836 Copernicus
1077 763 1109 819 et
1132 757 1234 839 Tycho
1263 757 1430 820 imitatione
1453 756 1531 819 Pte-

170 841 280 903 lemaei
308 849 393 904 stant
421 862 440 903 a
467 843 566 925 medio
599 843 665 904 loco
689 842 785 919 Solis,
819 864 875 925 ego
906 868 924 906 a
953 864 1024 906 vero
1056 846 1131 908 loco.
1183 847 1311 909 Invento
1343 853 1447 908 centro
1480 845 1529 908 vel

171 930 368 1015 quasicentro
383 932 530 996 communi
547 931 635 994 trium
652 934 844 1013 superiorum,
862 934 890 996 h.
904 957 930 997 e.
944 942 1057 1016 puncto
1071 935 1100 996 in
1117 953 1174 1016 quo
1190 955 1292 997 omnes
1308 934 1402 997 lineae
1419 952 1529 1005 eccene

169 1018 339 1082 tricitatum
356 1021 445 1083 trium
466 1020 649 1102 superiorum
665 1033 853 1098 concurrunt,
868 1023 931 1103 jarn
946 1024 982 1097 is,
1008 1024 1057 1105 qui
1072 1026 1270 1087 eccentricum
1287 1023 1430 1104 sequitur,
1456 1040 1529 1085 sanc

168 1127 203 1170 eo
224 1109 294 1189 ipso
310 1119 445 1173 centrum
459 1111 541 1173 orbis
556 1119 663 1172 extra
675 1113 732 1174 hoc
747 1112 876 1174 medium
891 1111 978 1183 dicit3
1003 1113 1051 1193 qui
1068 1113 1285 1177 concentricum
1301 1133 1368 1177 cum
1383 1113 1529 1194 epicyclo,

168 1208 305 1261 centrum
329 1198 386 1262 hoc
413 1200 480 1279 ipso
504 1199 551 1271 ,iu
583 1200 640 1262 hoc
672 1200 820 1264 communi
852 1211 977 1280 puncto,
1012 1203 1091 1281 quod
1122 1204 1193 1264 mihi
1225 1212 1360 1266 centrum
1392 1202 1526 1284 corporis

167 1285 287 1350 Solaria
313 1296 369 1362 est,
393 1289 532 1355 collocat
571 1289 640 1352 Jam
664 1291 732 1352 vide
757 1292 903 1372 quomodo
927 1309 983 1371 ego
1008 1291 1142 1366 dixerim,
1167 1292 1296 1363 Muttm
1319 1290 1528 1370 imaginarium

167 1385 313 1456 punctum
335 1378 495 1458 respicere,
520 1378 546 1440 si
570 1380 608 1440 ad
632 1372 762 1442 medium
783 1388 895 1442 motum
912 1376 951 1457 Q
967 1380 1125 1455 reseratur,
1150 1380 1182 1442 id
1204 1380 1251 1442 eal
1273 1381 1299 1441 si
1323 1380 1426 1459 anguli
1451 1398 1529 1442 auo-

168 1466 278 1529 maliae
304 1467 436 1529 eccentri
459 1476 645 1549 coaequatae
669 1477 754 1531 stant
778 1470 817 1558 ad
839 1478 998 1547 punctum,
1031 1470 1110 1551 quod
1133 1477 1181 1532 est
1213 1489 1271 1531 non
1294 1468 1358 1548 ipse
1383 1466 1438 1545 Q,
1473 1469 1529 1530 sed

167 1556 245 1628 tale,
280 1556 360 1636 quod
392 1565 544 1619 monstrat
574 1556 690 1620 medius
721 1554 760 1635 Θ
792 1548 905 1630 ructus,
938 1557 1015 1639 quod
1048 1559 1196 1621 interdum
1227 1557 1382 1638 praecedit
1414 1557 1527 1633 Solem,

168 1644 319 1707 interdum
344 1647 490 1748 sequitur,
512 1665 589 1709 nuuc
613 1665 720 1727 supra,
746 1666 822 1709 nunc
846 1647 924 1708 infra
947 1645 1049 1710 Solem
1073 1657 1140 1722 eet;
1164 1656 1227 1710 tum
1251 1647 1295 1710 illi
1319 1647 1421 1726 auguli
1445 1655 1529 1708 stant

168 1735 206 1795 ad
229 1735 408 1814 puuctum'
401 1735 619 1816 imaginarium.
658 1737 700 1798 Ut
714 1736 879 1814 intelligas
905 1736 975 1825 quid
992 1756 1047 1817 ego
1072 1737 1193 1799 dicam
1185 1736 1401 1817 imaginarium,
1426 1755 1528 1798 crasse

167 1831 267 1886 tecum
302 1823 418 1904 loquar.
472 1823 507 1887 Si
539 1825 641 1911 auguli
664 1826 839 1901 anomaliae
868 1835 1052 1928 coaequatae
1086 1835 1170 1888 stant
1199 1828 1238 1888 ad
1267 1836 1409 1906 puuctum
1438 1824 1528 1887 medii

168 1910 376 1984 motusSolis‚
401 1933 506 1976 vereor
525 1923 557 1976 nt
577 1915 792 2017 idpunctnm,
797 1915 823 1976 si
847 1933 905 1975 nou
929 1915 970 1976 sit
992 1914 1086 1994 ipse
1072 1915 1135 1989 Sol,
1161 1935 1219 1977 nnn
1244 1914 1286 1976 sit
1307 1922 1362 1994 p'ar
1386 1915 1527 1976 ferendae

162 2001 282 2081 ingenti
315 2003 387 2065 moli
418 2004 565 2084 sphaerae
589 2002 731 2066 hlautis
723 2024 752 2065 ιιι
777 2002 928 2085 Tychonis
951 2003 1183 2086 hypothesibus;
1216 2005 1274 2079 vel,
1302 2012 1337 2064 ut
1368 2002 1460 2065 etiarn
1494 2002 1524 2064 in

168 2089 337 2173 Cupernico
361 2112 464 2154 crasse
488 2093 607 2174 loquar,
641 2112 747 2155 rereor
770 2100 803 2154 ut
826 2093 910 2154 Mars
934 2093 964 2154 id
981 2101 1143 2174 punctum,
1174 2093 1201 2154 si
1224 2112 1282 2154 nou
1307 2094 1349 2154 sit
1372 2092 1436 2172 ipse
1460 2090 1525 2169 Sol,
1549 2153 1551 2156 ι

167 2200 201 2242 ex
225 2181 324 2244 eculin
347 2181 479 2244 amittat.
519 2180 592 2244 Tale
617 2183 695 2244 enim
717 2191 861 2262 punctum
883 2191 932 2244 est
955 2182 1040 2263 quasi
1060 2182 1223 2244 communis
1238 2182 1368 2262 paxillus
1383 2181 1431 2243 vel
1446 2181 1524 2257 anis,

166 2289 266 2352 aquo
290 2279 356 2333 tres
379 2279 464 2334 rotae
488 2292 542 2334 sen
565 2273 712 2352 sphaerae
739 2270 873 2346 Saturni,
898 2270 984 2332 Jovis
1009 2277 1040 2332 et
1068 2266 1179 2335 Martis
1203 2271 1473 2350 circumportautur
1495 2270 1526 2333 iu

166 2359 320 2442 Tychune.
367 2361 447 2423 Fieri
470 2362 588 2441 potest,
613 2361 716 2424 uthis
740 2361 839 2422 verbis
864 2360 944 2422 aliud
968 2361 1117 2443 quoddam
1141 2360 1260 2423 innuere
1283 2359 1445 2436 voluerim,
1470 2359 1526 2421 sed

165 2452 232 2513 uolo
256 2449 362 2513 multis
387 2450 565 2530 conjecturis
596 2458 627 2515 te
655 2450 851 2525 confundere3
884 2447 972 2512 mitto
1004 2449 1082 2525 ista,
1116 2450 1143 2511 si
1176 2459 1205 2512 te
1234 2449 1409 2530 impediunt.
1455 2448 1525 2511 No'u

165 2557 289 2618 possum
314 2549 417 2602 tamen
440 2540 604 2620 praeterire
629 2537 995 2614 verbetua:·,801n0n
1020 2546 1068 2600 est
1090 2538 1298 2620 imaginarium
1317 2546 1468 2620 punctum,
1494 2545 1525 2599 et

165 2638 269 2693 tamen
280 2628 345 2708 ejus
356 2639 453 2692 motus
464 2638 496 2691 ut
507 2649 595 2692 verus
606 2629 650 2691 ita
660 2638 692 2691 et
701 2628 817 2691 medius
827 2627 1043 2691 consideratur.
1049 2628 1065 2656 ‘⁴
1078 2633 1138 2698 (aa
1152 2650 1177 2702 p.
1187 2633 1229 2687 tt.
1232 2633 1243 2698 )
1257 2628 1342 2689 Haec
1353 2635 1423 2689 suut
1434 2625 1527 2689 verba

167 2737 197 2779 ee
222 2719 323 2799 ipsum
348 2718 568 2822 confundentis.
615 2719 695 2782 Audi
719 2717 855 2780 Fabrici:
881 2736 947 2780 eum
971 2717 1037 2779 dico
1053 2715 1134 2779 Sulis
1157 2728 1269 2791 motum
1291 2717 1431 2792 medium,
1456 2716 1524 2779 dico

167 2819 283 2870 motum
307 2808 434 2888 alicujus
456 2809 576 2888 puncti,
552 2809 684 2891 rquod
709 2815 779 2869 ante
815 2826 907 2910 poue,
939 2825 1031 2886 supra
1058 2806 1136 2869 infra
1166 2805 1282 2879 Solem
1302 2814 1359 2868 est.
1406 2803 1552 2907 Ιιιιιιηιηὶμ

166 2916 274 2959 namur
290 2897 379 2972 enirn,
404 2897 603 2960 eccentricum
619 2897 700 2960 Solis
715 2916 838 2969 moveri
854 2905 888 2957 ut
899 2904 1007 2958 centra
1022 2915 1087 2976 eJns
1110 2904 1143 2957 et
1165 2896 1266 2958 mundi
1289 2902 1412 2970 coeant3
1438 2898 1551 2976 quoti(¹

158 2980 260 3066 'igitur
284 2985 375 3048 situm
399 2994 431 3049 et
453 2997 566 3053 motum
590 2986 676 3050 Sol
668 3007 697 3048 ιιι
721 2984 805 3047 illo
798 2984 974 3065 imaginario
1002 2986 1150 3065 sphaerae
1179 2987 1240 3047 situ
1271 2995 1302 3047 et
1330 2992 1413 3047 motu
1443 2988 1541 3047 esset*-

166 3074 335 3150 habiturus,
359 3095 426 3138 cum
449 3075 574 3140 dicimus
599 3067 696 3139 locum
719 3083 750 3138 et
772 3082 885 3138 motum
909 3073 1039 3136 medium
1057 3073 1147 3150 Sulis,
1173 3094 1232 3136 nou
1255 3074 1364 3155 quod'
1357 3092 1454 3153 ipsum
1469 3072 1524 3137 Sol
1628 3128 1633 3142 ,

166 3183 295 3246 unquam
320 3164 468 3228 conficiat.
628 3174 631 3180 '

253 3253 358 3317 Aliam
377 3255 441 3334 jam
457 3255 546 3317 affers
571 3253 786 3335 objectionem:
811 3251 909 3314 vereri
925 3260 964 3327 te,
990 3252 1017 3314 si
1032 3260 1136 3315 centra
1159 3251 1392 3334 planetariorum
1407 3250 1522 3314 urbium

166 3343 227 3405 siut
259 3352 348 3405 extra
367 3344 542 3429 Solem,u
544 3352 712 3406 taccessn
745 3350 776 3404 et
807 3360 930 3403 recessu
960 3341 1118 3423 eclipticae
1148 3342 1324 3405 latitudines
1355 3341 1521 3404 varientur

165 3432 296 3508 Nescio,
327 3431 398 3514 quid
421 3434 508 3497 velis
556 3431 654 3503 Quem
677 3432 751 3495 dicis
782 3449 937 3493 accessum
960 3439 993 3493 et
1016 3450 1166 3495 recessum
1194 3431 1371 3512 eclipticae,
1396 3431 1426 3492 iu
1449 3450 1523 3513 pro-

166 3522 346 3584 funduman
365 3522 529 3585 inlatum?
552 3520 619 3602 Ego
643 3522 716 3584 nihil
735 3520 831 3594 video,
857 3521 935 3600 quod
959 3519 1168 3584 latitudinibus
1192 3520 1314 3583 officiat.
1352 3520 1443 3582 Forte
1467 3518 1523 3582 tibi

166 3611 220 3674 hoe
246 3611 381 3673 suholuit
404 3610 482 3693 quud
506 3630 666 3693 apponam,
690 3609 826 3694 quamvis
850 3628 918 3671 mea
941 3609 1078 3689 opinione
1102 3620 1190 3673 entra
1213 3611 1306 3673 oleas,
1344 3609 1394 3672 Sit
1412 3610 1443 3674 A
1457 3606 1521 3684 Sol,

167 3697 219 3763 CD
255 3699 339 3762 linea
369 3701 398 3763 in
431 3702 521 3781 plano
556 3703 713 3784 eclipticae
742 3700 814 3773 EF,
847 3698 873 3760 B
907 3707 1041 3761 centrum

166 3790 327 3852 eccentrici
360 3799 447 3852 extra
478 3790 561 3854 Sole.
607 3792 672 3853 Hoc
702 3788 801 3871 posito
826 3785 861 3858 0,
875 3807 1041 3868 apogaeum

165 3879 285 3960 lougius
304 3879 409 3942 abFE
433 3878 573 3960 ecliptica
596 3880 771 3963 digreditur,
796 3897 885 3959 qnam
899 3878 937 3938 D.
975 3878 1041 3939 Hoc

166 3969 286 4050 quidem
311 3988 381 4032 vere
406 3969 449 4032 ita
471 3970 514 4047 lit,
539 3978 573 4032 at
591 3990 651 4033 non
668 3969 736 4032 ideo
755 3966 858 4047 anguli
879 3975 1039 4042 mutantur,

166 4059 217 4120 sed
242 4068 368 4121 manent
389 4058 481 4122 iidem
502 4056 586 4123 FAC
611 4067 643 4121 et
664 4057 761 4121 EAD.
786 4088 827 4099 -

252 4148 362 4210 Nullus
385 4149 510 4228 planeta
533 4167 602 4215 vere
633 4148 780 4229 duplicem
807 4144 901 4207 habet
931 4162 1039 4205 eccen-
1082 4180 1085 4186 ·

165 4237 350 4313 trisitatem,
388 4237 447 4300 nisi
484 4240 561 4302 sorte
594 4238 681 4301 Luna
716 4237 746 4298 in
784 4232 972 4316 oppositione
1007 4239 1040 4295 et

164 4328 365 4408 quadratura,
390 4328 443 4389 sed
468 4347 556 4391 uuam
580 4327 745 4408 simplicem
768 4326 889 4386 realem.
937 4320 1037 4392 Quam

165 4436 234 4480 vero
260 4415 420 4497 aequantia
452 4418 707 4480 eccentricitatem
739 4414 882 4488 dicimus,
906 4430 964 4472 nou
989 4418 1037 4473 est

164 4506 224 4569 ista
247 4506 279 4569 in
302 4507 459 4587 planeta
451 4527 526 4589 ipsa,
552 4509 605 4570 sed
624 4506 709 4570 nohis
729 4500 920 4566 mensurandi
942 4511 1036 4562 ‘cansa

165 4616 199 4658 ea
221 4597 343 4658 fictione
362 4614 437 4676 opus
452 4605 508 4660 est.
547 4597 676 4660 Plaueta
693 4613 764 4656 vero
787 4587 1035 4672 inaequalitatem

164 4686 248 4749 illam
277 4685 399 4749 conficit
435 4685 554 4750 intuens
583 4688 615 4750 in
644 4686 706 4748 tale
736 4680 857 4763 aliquod
892 4689 1034 4762 puuctum

1219 3770 1273 3836 rig.
1297 3768 1340 3818 lh.

166 4774 381 4853 eccentricum,
418 4776 496 4840 unde
530 4777 667 4840 diversae
704 4768 868 4836 distantiae
901 4790 920 4833 a
950 4765 1041 4843 Sole,
1081 4769 1163 4833 fonte
1201 4769 1323 4833 virtutis
1355 4774 1511 4854 morehtia,
1546 4768 1549 4773 ’
1666 4789 1672 4797 “

166 4867 329 4930 seeundum
352 4858 427 4948 quas
451 4865 544 4930 etiam
562 4866 594 4931 in
607 4867 728 4930 diversa
749 4859 927 4925 incitatione
944 4865 993 4922 est
1011 4856 1101 4921 etsie
1123 4857 1273 4939 longiores
1295 4879 1396 4927 morae
1418 4864 1513 4935 nectit
