3368 5534
251 340 316 416 686
382 440 389 453 1
767 354 770 358 ⁴
852 346 893 400 n·
912 298 994 400 ussa.

253 531 370 613 qrridem
393 530 487 592 totius
507 527 734 591 accelerationis
747 547 802 608 per
817 535 911 588 toturn
935 526 1128 607 quadrantem
1147 527 1210 607 jam
1231 536 1298 592 erat
1311 528 1384 592 mihi
1399 531 1605 613 praescripta,

253 622 358 682 eadem
389 621 506 681 scilicet
538 637 612 699 quae
643 617 796 678 hactenus.
851 618 957 697 ltaque
984 627 1100 696 quanto
1131 637 1271 697 augerem
1303 621 1547 683 accelerationes
1576 622 1605 684 in

252 711 384 791 copulis,
417 718 502 771 tanto
533 707 671 769 videbam
702 705 879 767 diminutum
903 704 938 766 iri
962 717 1079 767 ceteras
1107 716 1191 767 extra
1223 710 1358 788 copulas.
1406 708 1504 772 Sinus
1535 730 1606 790 ergo

152 870 157 885 ι
251 802 415 880 primorum
440 797 583 877 graduum
607 795 802 874 digressionis
825 794 928 855 Lunae
953 815 972 854 a
993 795 1109 873 copulis
1133 815 1189 857 nou
1214 807 1301 859 erant
1330 798 1435 877 magni
1459 816 1516 879 pro
1540 818 1606 860 mea

253 907 403 963 mensura,
429 888 510 948 sinus
534 904 604 946 vero
629 885 707 946 circa
730 884 859 964 quadras
884 891 915 944 et
938 883 1024 944 tinem
1052 884 1226 965 quadrantis
1252 884 1342 948 nimis
1371 898 1463 949 erant
1490 889 1604 969 magni.

254 981 297 1040 At
320 979 403 1039 sinus
427 977 537 1057 primus
561 984 592 1035 et
615 975 799 1035 incrementa
831 972 1014 1052 sequentinm
1044 984 1113 1034 sunt
1146 975 1233 1036 index
1265 975 1484 1055 apparitionis·
1499 977 1605 1039 latitu-

254 1067 332 1129 dinis
355 1060 457 1128 circuli
483 1063 707 1126 illuminationis
731 1062 864 1136 Terrae;
891 1080 948 1121 non
974 1079 1044 1140 ergo
1068 1069 1101 1122 ut
1124 1065 1276 1125 evanescit
1304 1065 1436 1127 circulus
1459 1066 1511 1127 hio
1535 1066 1604 1129 illn-

254 1155 425 1218 minationis
448 1157 559 1217 Terrae
588 1152 616 1214 in
641 1153 743 1226 era,
777 1150 820 1212 sic
849 1149 941 1211 etiarn
971 1149 1112 1211 minuitur
1143 1151 1321 1214 variationis
1353 1154 1521 1230 celeritas,
1554 1156 1607 1216 sed

253 1246 349 1325 magis
372 1242 578 1325 praecipitatis
602 1243 696 1302 utitur
719 1239 929 1311 decrementis,
953 1249 1019 1300 orta
1042 1260 1060 1299 a
1083 1240 1187 1320 majori
1210 1242 1382 1322 quantitate
1406 1244 1518 1308 totius.

342 1334 434 1415 Coepi
468 1333 559 1413 igitur
588 1329 825 1408 circumspicere,
858 1327 997 1408 quidnam
1022 1338 1104 1390 esset
1135 1329 1183 1390 hic
1212 1330 1341 1393 circulus
1371 1332 1606 1396 illuminationis

253 1425 374 1501 Terrae,
390 1423 437 1504 qui
459 1441 512 1500 pro
531 1431 647 1482 motore
665 1417 867 1489 constituitur,
888 1417 979 1494 juxta
993 1416 1115 1478 Terram
1132 1418 1227 1496 ipsam
1247 1419 1453 1500 inaequaliter
1470 1440 1606 1489 movens.

248 1515 336 1593 juxta
352 1522 523 1577 moventem
543 1509 708 1590 aequaliter
724 1526 755 1568 se
774 1506 836 1584 ipso
852 1507 899 1574 (l),
921 1504 1034 1584 etquid
1055 1516 1286 1570 consentaneum
1305 1509 1347 1571 sit
1362 1510 1400 1571 ab
1417 1511 1476 1572 hoc
1495 1511 1608 1573 circulo

254 1601 481 1665 illuminationis
496 1599 617 1661 moveri.
655 1597 734 1659 Nam
754 1595 780 1655 si
795 1595 899 1655 eadem
919 1602 966 1653 est
981 1595 1083 1668 Terra,
1108 1615 1183 1676 quae
1199 1606 1301 1659 movet
1318 1598 1433 1679 duplici
1453 1611 1605 1679 respectu,

252 1701 284 1751 et
306 1691 423 1752 ratione
447 1691 492 1750 sui
517 1688 651 1767 corporis
682 1687 786 1747 diurno
817 1694 898 1744 motu
934 1684 1024 1744 rotati
1053 1692 1085 1744 et
1108 1685 1221 1746 ratione
1254 1705 1326 1748 suae
1359 1687 1605 1760 illuminationis,

253 1781 356 1841 eodem
380 1778 467 1841 modo
487 1788 518 1839 et
540 1778 576 1837 de
598 1777 700 1837 Lunae
725 1792 847 1852 corpore
869 1771 1025 1834 dicendum
1049 1792 1117 1834 esse
1142 1773 1306 1849 videbatur,
1330 1785 1364 1837 ut
1386 1777 1500 1839 eadem
1524 1789 1606 1839 esset

253 1870 339 1931 Iouna
362 1887 437 1949 quae
460 1875 631 1928 moveretur
654 1863 764 1944 duplici
788 1870 940 1940 respectu,
966 1871 996 1922 et
1020 1862 1049 1922 in
1074 1871 1214 1942 quantum
1238 1873 1286 1926 est
1309 1865 1441 1927 solidum
1466 1866 1497 1927 in
1523 1867 1605 1928 coelo

252 1976 371 2037 corpus,
387 1967 418 2018 et
434 1957 462 2018 in
484 1964 624 2037 quantum
651 1963 681 2014 et
703 1953 770 2033 ipsa
787 1950 972 2012 illuminatur
991 1970 1010 2010 a
1026 1949 1107 2012 Sole.
1154 1952 1199 2013 De
1222 1953 1310 2033 hujus
1329 1954 1372 2016 rei
1395 1954 1606 2033 possibilitate

252 2055 284 2107 et
308 2045 404 2108 modis
428 2055 459 2107 et
484 2046 520 2107 de
544 2067 584 2122 τῳ
608 2048 680 2105 droa
704 2042 858 2121 disputent
879 2039 1086 2120 metaphysici,
1113 2032 1183 2102 milri
1205 2050 1238 2104 ut
1260 2062 1353 2122 snpra
1375 2044 1495 2107 dictum
1519 2063 1604 2107 men·

251 2155 339 2197 surae
372 2144 504 2197 motuum
533 2135 627 2206 tales,
663 2151 738 2212 quae
771 2136 939 2208 appareant
965 2128 995 2188 in
1018 2147 1113 2190 rerum
1143 2136 1258 2204 natura,
1289 2132 1327 2193 ad
1355 2132 1605 2214 investigandum

252 2233 322 2287 eunt
352 2224 525 2304 propositae
549 2232 581 2283 et
602 2244 637 2283 so
661 2217 714 2282 ὁτι.
763 2219 869 2296 Itaque
894 2216 1016 2277 divisini
1036 2217 1137 2278 etiam.
1183 2218 1312 2282 Telluris
1336 2221 1461 2301 quidem
1485 2232 1604 2285 rotatae

253 2315 378 2397 species,
402 2323 436 2376 ut
451 2312 538 2374 solidi
562 2310 705 2388 corporis,
732 2305 881 2388 aequabili
901 2324 1019 2366 suarum
1042 2306 1147 2368 virium
1165 2309 1356 2370 contentione
1379 2320 1486 2372 movet
1500 2311 1603 2373 Lunae

253 2422 375 2482 corpus,
401 2413 434 2464 ut
457 2421 583 2481 eorpus,
615 2394 853 2460 modificantibus
882 2402 981 2455 tamen
1015 2396 1182 2459 intervallis
1204 2407 1238 2458 ut
1261 2398 1289 2460 in
1313 2398 1448 2479 planetis
1472 2401 1602 2465 ceteris:

253 2500 285 2554 at
308 2493 440 2571 ejusdem
455 2490 584 2553 Telluris
599 2507 705 2567 corprrs
725 2486 768 2547 uti
790 2485 947 2562 figuratum
962 2485 1045 2546 varie
1060 2485 1151 2547 habet
1170 2487 1345 2566 adspectum
1369 2487 1604 2552 illuminationis

253 2601 325 2645 suae
348 2600 453 2643 versus
477 2581 593 2642 Lunam
616 2585 794 2658 porrectum,
821 2580 921 2634 movet
948 2572 1081 2652 ejusdem
1104 2575 1206 2637 Lunae
1231 2595 1354 2657 corpus,
1378 2575 1423 2639 uti
1449 2588 1482 2639 et
1507 2578 1604 2659 ipsum

252 2671 336 2733 varie
355 2672 512 2751 figuratum
527 2668 621 2729 habet
636 2663 863 2728 illuminationis
883 2681 954 2722 snae
970 2662 1145 2744 adspectum
1160 2683 1265 2726 versus
1279 2665 1403 2727 Terram
1418 2677 1603 2747 porrectum

252 2762 357 2824 Movet
389 2761 490 2839 itaque
519 2776 668 2839 apparens
702 2753 830 2815 latitudo
863 2751 1003 2812 circulum
1033 2751 1276 2829 illuminationis,
1311 2762 1341 2816 et
1365 2763 1515 2836 qnantum
1538 2756 1605 2839 ipss

252 2850 346 2912 habet
368 2850 396 2912 in
421 2869 453 2909 se
478 2846 646 2909 latitudinis
677 2840 851 2922 apparentis
875 2848 906 2901 et
929 2848 1072 2920 quantum
1101 2841 1165 2921 ejus
1193 2842 1307 2904 invenit
1329 2844 1358 2904 in
1383 2844 1474 2907 Luna
1497 2845 1605 2929 queris

252 2950 399 3020 tempore.
438 2937 533 3017 Atqui
557 2936 662 2996 eadem
686 2939 757 2994 sunt
779 2930 963 2991 incrementa
986 2928 1122 3008 phasium
1146 2939 1355 3014 utrarumque:
1379 2942 1414 2995 ut
1439 2953 1501 3016 quo
1524 2944 1604 2997 tem·

251 3048 324 3112 pore
348 3030 442 3090 Terra
465 3027 549 3087 videt
571 3025 687 3086 Lunam
720 3020 880 3090 falcatam,
912 3018 1015 3079 eodem
1040 3018 1126 3080 Luna
1156 3020 1259 3082 videat
1280 3022 1405 3084 Terram
1430 3022 1605 3102 gibbosam,

254 3128 287 3180 ut
310 3118 353 3180 ita
376 3116 480 3179 circuli
509 3111 736 3175 illuminationis
768 3106 906 3169 diametri
937 3106 1125 3169 latitudinum
1150 3109 1210 3170 sint
1241 3129 1358 3190 semper
1387 3113 1551 3191 paralleli,
1576 3126 1606 3175 et

253 3208 387 3288 ejusdem
411 3225 449 3266 ex
471 3203 663 3279 inclinatione
687 3197 865 3281 quantitatis
889 3196 1071 3275 apparentis,
1097 3196 1124 3258 in
1148 3199 1370 3281 comparatione
1393 3201 1433 3262 ad
1458 3202 1605 3283 cujusque

252 3305 333 3360 recte
363 3295 500 3374 objectae
530 3291 675 3353 visionem
709 3286 794 3370 quasi
816 3285 953 3346 totalem.
999 3284 1081 3365 Ergo
1105 3304 1161 3348 non
1184 3296 1232 3349 est
1259 3288 1501 3353 distribuendum
1532 3290 1605 3353 illud

253 3386 419 3448 auctarium
443 3377 522 3445 132ο
537 3379 591 3443 45’
615 3374 761 3458 super12
786 3376 889 3436 Lunae
913 3373 1114 3437 revolutiones
1136 3375 1279 3456 integras,
1304 3396 1363 3439 non
1385 3388 1445 3454 asc,
1471 3380 1604 3461 inquam,

254 3473 489 3539 distribuendum
513 3470 674 3531 secundum
703 3482 870 3526 mensuram
901 3462 1045 3541 simplicis
1068 3465 1156 3544 hujus
1180 3465 1348 3528 latitudinis
1379 3468 1527 3549 ellipseos
1551 3488 1604 3532 sen

253 3565 356 3627 circuli
379 3559 607 3624 illuminationis
637 3553 829 3636 apparentis,
864 3552 917 3611 sed
942 3559 1062 3631 oportet
1092 3554 1173 3616 illam
1195 3555 1241 3616 bis
1265 3555 1429 3618 adhibere:
1463 3558 1522 3620 hoc
1546 3570 1604 3633 est,

254 3662 288 3716 nt
310 3650 489 3734 geometrice
522 3668 584 3711 rem
618 3647 757 3726 eloquar,
789 3661 845 3702 nou
878 3641 1059 3703 incrementa
1090 3643 1220 3724 ipsorum
1251 3644 1366 3707 sinuum
1400 3646 1604 3726 digressionis

254 3744 357 3805 Lunae
373 3741 412 3802 ab
426 3737 615 3820 oppositione
635 3736 683 3795 vel
700 3730 908 3811 conjunctione
926 3728 1015 3805 Solis,
1034 3739 1067 3792 ut
1082 3732 1235 3808 hacteuus,
1250 3734 1303 3794 sed
1322 3734 1511 3798 incrementa
1526 3756 1605 3819 qna-

254 3835 406 3895 dratorum
431 3829 548 3889 sinuum
572 3827 682 3888 debent
708 3821 801 3885 statui
823 3838 878 3901 pro
898 3837 1037 3880 mensura
1061 3822 1286 3884 accelerationis
1309 3822 1398 3903 hujus
1421 3824 1452 3886 in
1472 3824 1602 3907 copulis.

341 3921 437 3983 Porro
460 3928 493 3978 ut
515 3926 650 3978 revertar
674 3913 712 3974 ad
736 3910 868 3981 initium,
901 3908 971 3970 talis
1002 3911 1134 3973 nascitur
1164 3910 1259 3972 iorma
1290 3911 1378 3992 liujus
1408 3914 1544 3990 calculi,
1566 3933 1603 3977 ex

254 4031 312 4094 qua
336 4005 568 4072 luculentissime
602 4009 766 4083 appareat,
800 4008 862 4059 tam
895 3997 1092 4061 variationem
1121 3999 1268 4082 Tychonis
1300 4020 1391 4080 qnam
1422 4024 1603 4083 npoomcrr

254 4097 421 4162 Ptolemaei
443 4114 480 4157 ex
504 4094 606 4157 eodem
631 4111 697 4154 esse
723 4091 815 4151 tonte.
853 4086 932 4148 Nam
957 4096 1022 4147 esto
1046 4089 1075 4150 in
1100 4089 1217 4169 adjecto
1239 4090 1391 4161 schemate
1412 4093 1442 4153 A
1468 4102 1603 4156 centrum

534 4238 539 4249 ¹
889 4177 1009 4250 Terrae,
1034 4179 1089 4240 AB
1121 4178 1340 4241 semidiameter
1370 4180 1602 4245 illuminationis

512 4237 566 4303 ἣῑ·
588 4233 629 4284 ¹⁸·
886 4267 1014 4338 Terrae,
1050 4265 1080 4327 G
1103 4277 1235 4329 centrum
1264 4269 1385 4343 Lunae,
1418 4268 1480 4334 Gn
1508 4272 1601 4334 sarni·

313 4346 642 4563 Ῐ-χ-ςζ-ψ
673 4385 767 4394 --
805 4373 826 4415 s
885 4353 1031 4415 diameter
1059 4356 1284 4418 illuminationis
1307 4357 1420 4419 Lunae.
1469 4361 1505 4424 Si
1528 4380 1601 4443 ergo

291 4544 308 4583 n

525 4458 684 4548 Χ
887 4462 1005 4545 semper
1029 4443 1088 4548 Gi)
1103 4455 1133 4508 et
1148 4448 1203 4509 AB
1227 4446 1390 4525 parallelae
1414 4466 1504 4529 qnam
1529 4470 1600 4531 pm.
1648 4478 1655 4489 .

472 4560 620 4572 ““““’“
686 4545 704 4558 “’
738 4570 762 4613 ιι
887 4551 983 4605 xime,
1008 4543 1081 4596 atsi
1106 4536 1189 4596 sinus
1213 4534 1302 4599 Gan
1326 4536 1549 4618 multiplicatus
1571 4542 1600 4603 in

888 4622 984 4683 sinum
1009 4622 1096 4686 AGB
1121 4624 1195 4686 iacit
1218 4642 1379 4699 numerum,
1405 4627 1455 4705 qui
1478 4630 1600 4692 metitur

257 4713 455 4791 quantitatem
486 4735 538 4778 seu
569 4717 701 4797 vigorem
733 4712 962 4777 accelerationis
993 4721 1210 4792 competentem
1241 4714 1270 4774 in
1300 4714 1355 4776 tali
1385 4714 1466 4789 situ,
1500 4718 1545 4779 sic
1568 4729 1599 4779 nt

258 4800 356 4861 iaetus
378 4803 435 4863 iste
459 4805 501 4866 sit
523 4807 668 4868 maximus
692 4806 720 4867 iu
745 4805 869 4885 copulis,
892 4799 965 4865 nihil
988 4802 1018 4862 in
1042 4803 1183 4883 quadris:
1209 4804 1296 4866 facile
1318 4814 1464 4885 apparet,
1489 4808 1515 4870 si
1533 4808 1597 4887 jam

258 4886 351 4951 etim
371 4891 588 4973 propomam
610 4894 706 4959 pum
727 4893 796 4969 AD,
820 4892 889 4970 BG,
913 4907 966 4970 per
989 4891 1223 4956 eccentricit'atls
1247 4893 1448 4958 interventum
1472 4897 1596 4978 angulos
