3368 5534
311 298 377 374 lor
730 309 1134 365 noommmmsoemuam
1149 306 1238 361 trau

306 487 434 542 Fabricius
441 491 505 543 redit
513 492 546 543 sd
553 491 618 542 banc
627 493 796 556 quaestionem
806 491 898 556 aliquot
907 492 978 541 anuis
989 495 1052 554 post.
1061 490 1135 554 plane
1145 489 1234 539 oblitus
1245 487 1404 553 bsecpriosa.
1416 486 1450 539 1).
1462 485 1506 538 tt.
1517 485 1576 539 Ost
1586 486 1651 539 im

308 562 407 612 scribit:
427 563 587 627 (iopernioum
605 563 727 613 hactenus
738 578 811 627 parce
830 563 888 628 legi,
907 562 971 626 quod
989 563 1104 612 obsoums
1122 568 1148 612 et
1166 561 1278 611 eoncims
1295 567 1369 619 eun,
1388 565 1417 611 ct
1428 558 1557 625 memplu
1572 575 1650 613 nst·

306 632 444 684 Basilienae
464 633 516 695 (ed.
536 635 596 685 anni
614 632 693 694 leat)
712 636 854 684 mendosum
874 641 947 683 esset.
984 635 1018 682 At
1043 648 1108 683 nuno
1125 633 1205 697 magis
1228 632 1287 683 mibi
1305 632 1391 696 incipit
1410 630 1520 682 arridere
1537 636 1566 681 st
1588 632 1650 683 soi·

305 710 386 754 motus
405 704 496 757 Terrae
514 721 553 755 me
571 705 740 770 prohibetque
758 706 837 755 minus
855 720 885 755 ex
902 713 954 754 toto
972 719 1060 785 manqs
1077 704 1122 769 ipsl
1140 702 1248 767 nondum
1266 703 1396 768 porrigam.
1427 702 1485 752 Hoc
1502 716 1595 763 reru,
1611 718 1651 769 pc

304 774 451 840 hypothesin
464 775 590 841 Cupernici
603 777 778 842 simplicissime
791 784 817 827 et
835 776 1028 826 commodissime
1040 782 1119 825 mutus
1132 775 1294 825 demonstrari
1311 788 1390 838 posse.
1406 800 1439 812 -
1452 772 1552 825 Dein&
1571 772 1649 825 stus:

306 844 436 908 Quomodo
454 854 482 897 tn
501 857 672 915 argumentum
690 848 813 912 Tychouir
831 856 918 898 contra
934 855 1026 896 motum
1054 847 1167 896 diurnum
1186 861 1217 896 es
1233 847 1348 895 tormenti
1375 845 1449 911 globo
1468 846 1579 897 retem
1596 844 1649 895 sb!

305 917 360 969 Hoc
378 927 456 969 totam
470 917 596 983 coperuici
614 919 759 983 hypothesin
778 918 892 984 explodit.
923 918 1021 982 Inquiro
1038 919 1113 984 igitur
1130 917 1194 968 tales
1211 916 1366 981 hypotheses,
1385 930 1451 981 qnae
1469 918 1551 967 ouh
1569 916 1650 968 ab·

306 989 392 1041 ditatis
410 997 436 1041 et
453 991 586 1056 implicitun
605 989 806 1041 contradictionis
825 997 937 1053 expertes
955 991 1013 1047 sint,
1032 991 1068 1040 sic
1085 990 1130 1039 tibi
1148 997 1175 1039 et
1193 989 1240 1038 arti
1257 989 1337 1053 mugit
1355 987 1482 1039 consulu.

396 1061 469 1112 Aliud
488 1071 659 1126 argumentum
678 1068 766 1112 conus
778 1062 953 1126 copemicum:
972 1063 993 1111 ri
1011 1060 1088 1111 Terra
1106 1061 1151 1111 tali
1168 1068 1236 1110 motu
1253 1067 1370 1117 moretur.
1389 1073 1496 1111 means
1513 1068 1555 1111 sst
1571 1075 1649 1113 su·

307 1133 334 1182 in
353 1134 440 1183 eodem
457 1133 573 1196 parallelo
591 1134 732 1184 habitantes
751 1135 848 1197 saepius
865 1149 940 1182 unum
959 1132 1050 1184 habere
1068 1140 1183 1185 ventum.
1207 1131 1345 1181 nubilosum
1372 1137 1419 1183 aut
1434 1130 1532 1183 etun
1549 1132 1647 1193 meh,

306 1218 363 1255 eum
380 1203 443 1254 haec
461 1204 517 1256 loos
535 1205 622 1325 diuque
640 1204 789 1257 revolutione
808 1206 852 1256 suls
871 1205 957 1255 iisdem
975 1204 1079 1255 nubibus
1098 1212 1124 1254 et
1141 1213 1269 1254 ventorum
1286 1203 1350 1255 datu
1367 1202 1511 1255 desumant
1547 1206 1584 1257 At
1606 1204 1647 1257 bs

305 1275 405 1326 minime
422 1276 458 1326 tit
495 1277 560 1342 Ergo
590 1290 623 1327 ὀ.

394 1356 577 1422 chlerus
605 1358 668 1407 haec
686 1353 721 1419 (d.
746 1354 785 1408 10.
804 1357 865 1408 Nor.
887 1354 966 1418 teos)
985 1355 1127 1421 rospondit:
1157 1349 1240 1419 Cupis
1261 1347 1311 1402 tibi
1330 1349 1468 1407 decimari
1488 1350 1645 1407 mintium

304 1431 460 1501 argumenti
475 1430 622 1500 Tyohonici
644 1441 740 1485 contra
759 1440 859 1486 motum
874 1432 984 1485 Terrae.
1018 1431 1080 1485 Non
1094 1438 1138 1484 est
1151 1429 1192 1483 ita
1204 1428 1344 1493 horribile,
1365 1435 1399 1484 ut
1418 1428 1494 1485 illius
1508 1430 1644 1487 misae

304 1512 384 1566 ictus.
423 1510 511 1565 Plane
532 1510 658 1566 ooinoidit
678 1530 737 1566 oum
758 1512 809 1566 illa
829 1511 991 1580 objectione,
1013 1528 1062 1564 cur
1081 1511 1181 1581 globus
1202 1527 1309 1564 sursum
1329 1509 1428 1564 missus
1449 1513 1486 1566 sd
1505 1512 1642 1583 perpendi

281 1592 395 1646 ¹culum
415 1591 520 1645 recidat
536 1591 563 1644 in
584 1592 672 1645 locum
692 1595 818 1654 eundem,
841 1593 864 1645 si
885 1593 971 1646 Terra
991 1591 1097 1646 iuterim
1118 1591 1185 1645 abit
1226 1591 1453 1660 Respondondum
1483 1592 1569 1656 euim.
1598 1610 1642 1647 nos

304 1679 413 1727 tanturn
434 1671 545 1726 Terram
568 1672 675 1725 iuterim
695 1673 787 1735 abire,
819 1675 868 1727 aed
887 1688 944 1727 una
963 1688 1022 1725 curu
1043 1672 1130 1727 Terra
1150 1670 1235 1725 etiam
1255 1678 1371 1724 catenes
1393 1671 1458 1726 illas
1479 1672 1641 1744 msgneticss

304 1752 424 1807 induitur
445 1758 476 1804 et
495 1751 661 1816 invisibiles,
693 1753 790 1823 quibus
821 1753 891 1823 lapis
919 1751 1054 1824 alligatus
1075 1759 1120 1806 est
1139 1753 1172 1805 ad
1203 1758 1298 1821 partes
1319 1751 1422 1805 Terrae
1449 1751 1591 1822 subjectas
1617 1760 1641 1807 et

303 1832 511 1887 circumstantes
532 1832 659 1903 undique,
681 1833 832 1904 quibusque
862 1832 1013 1887 retrahitur
1033 1832 1160 1903 proxima
1180 1831 1271 1886 idest
1297 1832 1519 1901 perpendiculsri
1550 1833 1595 1888 ria
1612 1834 1639 1887 sd

303 1914 425 1967 Terram.
476 1914 705 1975 Quemadmodum
734 1913 820 1984 igitur
848 1914 893 1968 hic
921 1913 962 1967 vis
992 1913 1108 1969 infertur
1136 1912 1242 1968 catenis
1276 1911 1331 1965 illis
1366 1928 1385 1965 a
1416 1920 1493 1969 motu
1530 1914 1638 1969 riolests

304 2009 418 2056 emaum,
440 2009 493 2064 quo
513 1993 545 2046 it
563 2001 595 2047 ut
609 2011 700 2048 omnes
721 1994 787 2049 illae
808 1994 963 2065 aequaliter
983 1993 1059 2065 quasi
1074 1995 1267 2056 extendantur,
1289 1991 1330 2047 ita
1343 2008 1450 2066 quoquc
1471 1992 1514 2048 vis
1536 1994 1639 2049 interm

303 2073 408 2128 catenis
429 2072 653 2138 occidentalibus,
675 2092 734 2129 oum
754 2076 855 2146 globus
876 2074 903 2128 vi
924 2074 1051 2130 tormenti
1071 2073 1099 2128 in
1119 2074 1251 2128 orientem
1272 2072 1399 2139 truditur,
1420 2080 1451 2129 et
1470 2073 1513 2127 ris
1534 2075 1639 2131 inicitur

302 2153 491 2217 orientalibus,
514 2170 573 2208 cunr
594 2168 680 2224 vapor
693 2156 806 2228 globum
826 2154 963 2227 protrudit
982 2155 1010 2209 in
1025 2154 1199 2209 occidentem.
1234 2152 1310 2209 Nihil
1330 2170 1381 2208 nec
1401 2152 1517 2225 impedit
1536 2154 1638 2211 bisses

303 2233 362 2288 illic
382 2241 526 2305 promovet
545 2243 633 2289 motus
654 2235 816 2290 universalis
837 2235 955 2290 Telluris
976 2242 1006 2290 et
1025 2242 1184 2290 catenarum
1205 2232 1329 2289 omnium
1369 2234 1440 2291 Nam
1470 2235 1543 2290 haec
1560 2240 1637 2291 motu

300 2312 442 2377 violentia,
464 2331 533 2386 quae
547 2315 661 2386 globum
674 2315 792 2386 projicit,
813 2322 941 2371 versatur
954 2315 1026 2370 intus
1048 2315 1075 2370 in
1089 2315 1234 2386 complexu
1250 2320 1409 2369 ostensrum
1428 2314 1558 2379 omnium.
1578 2331 1636 2388 quse

302 2399 360 2449 tom
381 2402 446 2449 suut
465 2395 565 2459 fortes,
595 2403 626 2450 ut
654 2412 751 2466 parum
771 2404 867 2451 contra
893 2397 956 2450 illus
986 2396 1073 2466 possit
1102 2396 1185 2450 etiam
1205 2402 1303 2449 ventus
1330 2394 1513 2451 validissimus
1542 2406 1636 2452 contre

300 2473 366 2540 rius,
387 2477 485 2530 nedum
505 2492 575 2530 sura
595 2476 689 2548 quieta
708 2484 738 2531 et
758 2495 818 2532 cum
838 2478 948 2532 Tellure
969 2476 1134 2532 circumiens.

388 2554 417 2610 Si
437 2573 503 2609 vero
518 2556 611 2610 nullae
632 2558 704 2611 talea
719 2565 813 2612 essent
832 2566 957 2620 catenae,
978 2565 1133 2612 remaneret
1153 2573 1220 2610 sane
1240 2555 1313 2626 lepis
1328 2556 1355 2610 in
1375 2556 1492 2611 aethere
1511 2556 1635 2629 pcnddis

301 2636 422 2690 abeunte
443 2637 543 2699 Terra,
565 2655 615 2690 nee
633 2637 768 2693 recideret
788 2639 847 2692 ulla
868 2638 983 2692 ratione.
1026 2638 1103 2693 Fecit
1124 2637 1251 2690 adhunc
1272 2636 1519 2695 considerationem
1538 2648 1568 2694 et
1586 2640 1634 2701 bor,

302 2717 372 2786 quod
393 2716 484 2770 nullus
501 2715 603 2785 jactus,
625 2735 714 2788 neque
735 2720 822 2789 quoad
844 2719 934 2773 lineae
956 2718 1152 2790 longitudinem
1172 2715 1310 2772 sensibilis
1331 2724 1375 2770 est
1395 2719 1431 2772 ad
1450 2718 1570 2775 Telluris
1587 2720 1634 2773 dis·

290 2802 425 2860 metrum,
447 2814 535 2866 neque
556 2800 646 2867 quoad
665 2805 753 2852 motus
774 2799 965 2868 pernicitatem
986 2799 1103 2854 Telluris
1129 2805 1342 2867 munerumque
1362 2814 1412 2851 seu
1434 2797 1546 2855 vuinus
1569 2816 1633 2871 sssp

299 2874 415 2931 netioae.
456 2877 502 2931 Sic
521 2876 607 2949 igitur
627 2895 687 2932 cum
708 2879 813 2933 habeat
833 2880 885 2932 hoo
910 2880 1051 2952 negotium
1071 2886 1100 2933 et
1120 2877 1203 2933 animi
1230 2877 1283 2931 mei
1303 2877 1458 2943 sententia,
1489 2880 1547 2935 noli
1566 2896 1584 2934 s
1601 2896 1633 2935 sss

297 2964 404 3026 petere,
427 2965 459 3011 ut
479 2956 623 3012 veritatem
644 2960 757 3028 prodam
778 2961 812 3013 ed
833 2962 1041 3029 comparandum
1062 2958 1139 3030 vulgi
1160 2959 1290 3014 savorem.
1330 2957 1360 3012 Si
1380 2959 1488 3014 consuli
1518 2960 1573 3015 srti
1590 2976 1634 3015 sos

298 3043 394 3106 potest
412 3035 465 3090 nisi
495 3054 545 3106 per
565 3038 690 3103 fraudes,
719 3048 817 3110 pereat
846 3056 926 3094 eane:
957 3039 1102 3094 reviviscet
1122 3056 1232 3109 nempe;
1260 3055 1312 3093 neo
1341 3038 1437 3109 procul
1457 3038 1545 3095 oculis
1573 3057 1633 3112 psus

297 3117 428 3187 exempla
447 3117 601 3172 seculorum
620 3120 796 3188 superiorum,
819 3137 877 3174 oum
897 3120 1073 3175 Aristarchus
1093 3120 1165 3173 hano
1179 3117 1329 3174 doctrinam
1350 3118 1465 3173 tradidit
1484 3136 1632 3191 oppressus·

298 3214 351 3269 que
372 3206 418 3252 est
436 3196 609 3252 multitudino
630 3207 727 3254 contra
746 3200 937 3265 sentientium,
968 3201 1013 3272 qui
1034 3200 1172 3255 doctrinae
1193 3198 1345 3271 opinionem
1374 3199 1427 3253 sibi
1449 3202 1524 3271 apud
1544 3201 1632 3273 vulgat

298 3285 535 3347 comparaverant.
577 3277 703 3335 Seoulum
723 3289 787 3335 erat
808 3281 1001 3336 crudissimum.
1037 3280 1171 3337 occubuit
1190 3280 1298 3351 quidem
1319 3287 1384 3334 tuno
1397 3280 1446 3335 sol
1466 3278 1522 3335 iste
1543 3282 1631 3336 scriis·

298 3358 333 3412 tis
364 3357 526 3428 delituitque
547 3376 618 3428 pene
638 3363 691 3414 duo
721 3361 808 3415 millia
828 3378 973 3416 unnomm:
1004 3370 1034 3416 at
1063 3362 1089 3415 id
1119 3379 1172 3415 non
1193 3360 1244 3415 soli
1274 3360 1337 3415 huic
1361 3360 1504 3416 docuinae
1536 3361 1630 3417 soudt

297 3438 449 3493 Communis
471 3438 612 3494 literarum
633 3442 775 3496 calamitae
804 3459 854 3512 per
883 3442 1021 3496 interitum
1048 3441 1134 3512 primo
1156 3441 1305 3505 Graeciae,
1336 3447 1400 3510 post
1428 3440 1514 3497 etism
1533 3440 1630 3501 lislisr.

297 3526 377 3573 tanto
397 3519 486 3592 magis
517 3520 618 3590 pressit
636 3521 838 3586 Aristarchum,
869 3531 971 3592 quanto
992 3522 1015 3575 is
1036 3530 1099 3576 erat
1118 3521 1280 3577 absurdiora
1303 3521 1454 3591 professus.
1496 3524 1538 3577 st
1564 3520 1631 3578 sisu

297 3598 396 3653 literae
416 3607 532 3654 renatae
563 3609 627 3656 eunt
646 3601 723 3656 nobis
744 3602 773 3656 in
793 3602 948 3667 Germania,
970 3602 1049 3658 simul
1068 3602 1245 3657 Aristarchus
1268 3601 1382 3665 revixit,
1403 3618 1459 3657 uon
1480 3602 1586 3674 quiden
1602 3618 1630 3655 cr

296 3678 350 3732 hso
371 3677 449 3734 arida
469 3680 574 3751 stipula
602 3682 716 3737 nominis
743 3682 841 3752 liujus,
871 3685 976 3737 seder
1005 3683 1065 3757 ipso
1095 3682 1238 3737 immortali
1268 3680 1368 3736 semine
1399 3681 1541 3746 refluus.
1570 3696 1630 3755 qus

297 3759 493 3829 copernico
514 3761 554 3816 sio
568 3763 677 3832 aperuit
688 3762 787 3819 mentis
803 3765 918 3827 oculum,
942 3770 975 3817 ut
989 3763 1051 3817 olim
1065 3762 1287 3825 Aristarcho,
1310 3761 1418 3833 utrique
1431 3762 1493 3817 siue
1505 3762 1630 3835 exempla

296 3839 394 3909 Itaque
415 3840 556 3897 consilium
577 3849 652 3898 tuum
672 3859 773 3915 sequar
786 3843 891 3915 quidem
912 3845 961 3897 sed
981 3846 1162 3899 emendatum.
1196 3841 1259 3897 Arii
1279 3842 1428 3907 morulam,
1449 3844 1500 3897 scd
1519 3860 1575 3899 sss
1591 3857 1631 3915 prr

296 3919 554 3977 commendationem
575 3919 701 3994 ἆιιχνιας
725 3941 828 3995 perque
842 3923 1026 3994 captationem
1041 3940 1126 3978 aurae
1147 3921 1296 3994 popularis.
1330 3920 1359 3977 Si
1379 3921 1449 3978 nihil
1465 3930 1512 3979 est
1531 3924 1629 3981 indn-

295 4001 358 4054 dum
377 3999 430 4053 nisi
451 4003 521 4071 quod
541 4004 627 4074 vulgo
647 4004 748 4073 placet,
771 4021 818 4058 our
838 4003 1032 4058 astronomiam
1052 4003 1215 4067 universam,
1238 4020 1286 4056 our
1299 4001 1481 4074 geometriam
1501 4002 1630 4065 Mn.

293 4079 490 4137 remotissimas
511 4099 529 4136 s
549 4083 625 4154 vulgi
656 4092 738 4153 captu
768 4084 910 4154 laudisque
940 4085 1000 4138 ideo
1020 4088 1146 4155 egenas?
1174 4083 1245 4146 Quin
1274 4082 1366 4154 potius
1396 4081 1449 4137 hoe
1468 4098 1572 4157 sgsss.
1598 4082 1630 4141 ts

294 4160 473 4231 Copernicum
494 4162 521 4216 in
541 4165 712 4218 emendatam
733 4165 924 4219 astronomiam
944 4164 1068 4219 intexam
1088 4162 1198 4234 penitus
1225 4171 1255 4218 et
1284 4162 1441 4234 implectam
1469 4165 1592 4239 ώοςιιι
1605 4172 1629 4219 rt

293 4240 322 4294 in
342 4240 493 4313 physicam,
515 4249 547 4297 ut
567 4243 612 4296 vel
632 4242 739 4316 utrique
760 4244 839 4299 simul
865 4246 1031 4315 pereundum
1056 4243 1094 4299 sit
1113 4244 1158 4298 vel
1183 4243 1425 4316 supervivendum:
1461 4244 1627 4319 Qusmqun.

294 4319 318 4373 si
337 4320 413 4375 locus
427 4330 471 4378 eet
485 4322 622 4387 vaticinio,
637 4323 712 4393 prius
733 4325 873 4397 ingentem
893 4324 969 4379 illam
982 4325 1080 4379 molem
1094 4324 1225 4379 librorum
1239 4323 1431 4395 polemioorum
1445 4340 1510 4379 cum
1521 4322 1627 4381 merri

294 4400 360 4464 bus,
390 4418 450 4457 cum
481 4402 600 4475 ingeniis
620 4403 718 4459 criticis
751 4406 900 4476 perituram
929 4405 1072 4469 existimo,
1103 4420 1185 4476 quam
1215 4404 1392 4459 Arisurcbus
1422 4410 1453 4459 et
1465 4405 1627 4478 Cupenint

295 4482 467 4537 deserantur.

381 4561 506 4632 Objectio
536 4569 586 4618 tsss
612 4581 631 4620 a
659 4563 748 4620 ventis
775 4569 858 4637 plano
886 4572 1029 4621 ventorum
1059 4571 1186 4620 naturam
1215 4564 1354 4627 imitatur.
1383 4563 1453 4619 nilsil
1473 4564 1558 4621 enee
1583 4562 1626 4621 risi

292 4641 446 4711 strepitum.
488 4642 621 4716 Quidquid
640 4665 667 4702 n.
687 4648 721 4700 de
740 4648 830 4703 ventis
860 4654 919 4703 tute
949 4647 1008 4717 ipse
1024 4645 1135 4715 judicas
1161 4652 1191 4699 et
1210 4661 1266 4718 ego
1282 4643 1390 4714 judica:
1420 4644 1444 4698 si
1465 4645 1560 4701 'l'ellss
1584 4658 1625 4717 ptr

291 4720 419 4792 vapidum
439 4730 532 4781 aeirem
552 4734 714 4791 moreretur,
731 4727 795 4797 jure
816 4727 948 4797 objiceres
969 4733 1110 4781 ventorum
1131 4725 1341 4796 experientium.
1381 4727 1422 4780 st
1445 4742 1517 4781 uuna
1539 4738 1623 4797 πμ.

292 4800 409 4855 muris
426 4810 583 4869 ventorum.
603 4806 730 4863 consistit
748 4808 822 4863 intra
841 4808 1012 4878 complexum
1036 4804 1147 4861 virtutis
1166 4806 1342 4877 magnericus
1361 4805 1496 4869 Telluris;
1523 4820 1623 4877 tvm·

293 4878 1336 4961 sitsnbstsntiastsusis,utiuonreldetttrsbitutsd1⁸srrsm.sio
1361 4884 1444 4945 nete
1472 4884 1624 4949 ΜΠ
