3368 5534
585 331 728 398 aKeploro
747 333 888 407 amendata.
1102 338 1106 344 '
1228 376 1231 381 .
1349 294 1474 406 709Ι

61 530 140 586 rum,
164 509 207 573 sic
225 511 291 592 J'am
314 518 347 572 et
368 510 501 572 calculus
524 511 555 572 in
577 512 758 586 alterorum,
783 530 857 590 quos
881 511 953 587 dixi,
978 511 1109 591 gratiam
1132 519 1165 574 et
1187 522 1221 576 ιιι
1243 515 1414 579 mathema-

61 599 119 662 tici
141 599 171 662 iu
194 600 341 663 communi
363 600 466 662 labore
486 600 709 663 taediosissime
725 601 932 672 liberarentur,
958 601 1176 664 accommodari
1192 602 1284 666 facile
1306 606 1414 685 potuit,

62 688 235 769 composita
257 690 363 753 tabula
384 688 702 770 prosthaphaeresium
717 698 938 753 menstruarum
961 690 1026 769 ejus
1051 691 1186 772 epicyeli,
1212 712 1297 773 quem
1312 695 1415 776 Tycho

63 778 330 841 collocaveram
354 779 488 840 Terram.
531 779 596 839 Hae
620 797 729 841 causae
754 779 866 841 laboris
889 778 978 856 hujus
1001 780 1031 840 iu
1055 780 1214 859 publicum,
1239 783 1275 844 de
1300 784 1415 865 quibus,

62 867 146 948 quod
168 868 252 948 prius
277 868 423 940 dicebam,
447 875 482 928 tu
505 867 671 929 rectissime
690 868 852 947 judicabis,
878 868 927 946 qui
952 868 1011 929 tuis
1034 867 1203 930 hortatibus
1228 873 1417 935 cunctantem

62 975 113 1018 me
136 956 280 1037 impulisti
304 975 370 1018 cum
393 956 431 1017 ad
454 956 530 1017 haec
556 966 619 1018 tum
645 956 683 1018 ad
707 957 768 1018 alia
792 957 979 1018 incommoda
1002 957 1029 1017 si
1052 957 1116 1019 fieri
1138 969 1244 1038 posset
1269 961 1415 1024 lenienda.

62 1042 142 1109 hsrhi
167 1063 237 1106 vero
259 1045 400 1127 privatim
425 1064 534 1106 causae
559 1045 758 1125 suppetebant
780 1040 838 1107 non
855 1047 1101 1108 contemnendae.
1138 1048 1271 1121 Primum
1293 1050 1330 1111 de
1354 1059 1417 1111 tam

61 1134 279 1215 multiplicibus
302 1134 566 1215 inaequalitatibus
591 1135 696 1196 Lunae
728 1136 824 1196 multa
852 1134 925 1196 mihi
953 1153 1019 1196 curu
1042 1136 1183 1216 Tychone
1209 1138 1277 1199 vivo
1301 1139 1417 1201 disser-

65 1223 144 1285 tatio
168 1223 244 1300 luit;
268 1243 326 1307 quo
345 1224 498 1286 hortatore
515 1242 633 1303 semper
648 1224 761 1303 aliquid
781 1223 946 1298 tentabam,
971 1234 1005 1285 ιιι
1027 1244 1086 1286 una
1109 1227 1186 1305 quod
1210 1228 1295 1306 ajunt
1318 1229 1419 1307 fidelia

65 1312 143 1375 duos
171 1314 305 1394 parietes
335 1314 507 1375 dealbarem
540 1314 615 1386 (nna
643 1313 765 1393 inquam
795 1313 955 1395 hypothesi
987 1320 1142 1394 utramque
1171 1315 1419 1397 inaequalitatem

66 1405 268 1478 excusarem).
301 1401 470 1465 Sescentos
487 1401 603 1463 tentavi
620 1402 721 1463 aditus
744 1421 811 1463 cum
834 1402 953 1482 plurimi
977 1403 1120 1482 temporis
1140 1403 1281 1483 jactura:
1307 1405 1417 1468 toties-

65 1510 125 1572 que
142 1491 209 1570 jam
231 1491 408 1555 devoratam
437 1491 583 1572 praedam
612 1490 719 1553 iterum
747 1511 763 1550 e
788 1490 923 1552 faucibus
951 1491 1049 1554 amisi.
1096 1492 1173 1554 Nam
1197 1493 1269 1555 mihi
1293 1493 1417 1558 subinde

12 1588 16 1595 '
64 1580 243 1663 imponebat
265 1581 401 1643 circellus
424 1581 477 1642 ille
504 1581 544 1640 ad
567 1580 692 1641 Terram
718 1587 789 1660 post
821 1581 942 1642 dumeta
973 1580 1169 1660 triangularis
1199 1582 1311 1646 laboris
1342 1585 1415 1647 lati·

63 1679 146 1732 tans.
184 1671 319 1733 Tandem
342 1670 433 1750 igitur
455 1669 485 1730 in
509 1671 643 1750 apricum
658 1668 866 1731 conuuodioris
890 1669 1093 1751 hypotheseos
1117 1670 1175 1733 fnit
1196 1673 1417 1752 protrahendus

64 1766 98 1821 et
120 1766 202 1835 totus
227 1779 293 1823 cum
316 1758 452 1822 omnibus
476 1759 592 1821 artibus
616 1758 679 1820 suis
703 1758 732 1819 in
756 1758 892 1821 tabulam
915 1759 1129 1837 conjiciendus.

154 1848 190 1911 In
213 1858 367 1929 posterum
390 1848 491 1929 itaque
516 1849 587 1910 mihi
603 1846 670 1909 ‘erit
692 1848 878 1926 expeditius,
910 1848 1024 1909 variam
1048 1849 1137 1927 hujus
1160 1851 1416 1931 prosthaphaere·

64 1956 135 2001 aeos
157 1938 385 2019 permistionem
408 1956 473 1998 cum
503 1937 585 1998 dieta
608 1936 741 2018 Tychoni
765 1937 934 1999 variatione
958 1945 1111 1998 menstrua
1134 1938 1256 2019 propius
1280 1960 1335 2002 con
1338 1950 1417 2003 etru-

63 2026 164 2109 plari,
195 2035 227 2090 et
257 2028 360 2089 videre
388 2047 426 2087 au
451 2025 663 2088 sufficientibus
687 2025 929 2087 observationmu
953 2025 1175 2088 conditionibus
1205 2030 1345 2105 suffulta,
1379 2048 1416 2093 an

63 2117 161 2197 (quod
175 2117 326 2179 interdurn
342 2116 492 2197 suspicor)
516 2116 565 2176 vel
581 2133 651 2177 eum
666 2114 832 2176 variatione
852 2115 1024 2197 Tychonica
1048 2117 1128 2189 (curu
1150 2117 1305 2198 physicam
1329 2118 1430 2213 plane'

64 2215 224 2288 utramque
247 2225 316 2268 esse
347 2223 471 2267 neeesse
495 2205 551 2278 sit)
582 2205 630 2265 vel
661 2222 726 2265 curn
749 2204 936 2266 Ptolemaida
964 2201 1083 2283 ιγιιλισιι
1109 2214 1265 2268 menstrua
1292 2190 1417 2289 epichli

64 2314 222 2358 commuue
246 2295 317 2377 quid
340 2295 495 2357 obtineat:
520 2294 564 2355 sic
587 2300 620 2355 ιιι
643 2300 801 2373 susceptus
821 2293 1022 2373 aCoperuico
1042 2294 1190 2357 secundus
1211 2297 1363 2378 epicyclus
1386 2303 1419 2358 et

62 2393 272 2448 transsumtns
296 2384 473 2466 aTychone
497 2382 592 2464 adque
615 2383 739 2443 Terram
764 2382 928 2446 collocatus
953 2402 1011 2444 non
1033 2384 1122 2464 plane
1146 2384 1229 2446 illam
1251 2386 1417 2449 Ptolemai-

63 2492 133 2538 cam
156 2469 276 2555 tenos
297 2481 444 2554 praestet,
470 2478 686 2552 contraquam
711 2470 895 2553 Cupernicus
919 2472 969 2533 lib.
993 2472 1049 2536 IV.
1075 2478 1142 2608 cap.
1167 2469 1417 2538 9demoustrare

64 2562 183 2627 nititur

156 2650 253 2715 Simul
276 2652 368 2713 etiam
390 2650 555 2732 periculum
585 2650 684 2714 lacere
713 2650 796 2712 volui
826 2651 937 2712 laboris
966 2602 1136 2713 tabularum
1158 2651 1418 2731 Rudolphinarutu

65 2742 308 2805 condendarum·
326 2759 391 2820 quo
407 2739 525 2802 nomine
550 2740 622 2813 (etsi
639 2758 713 2820 opus
728 2740 825 2820 ipsum
845 2758 898 2800 seu
918 2739 1035 2802 irritum
1058 2759 1111 2802 seu
1134 2759 1193 2803 uon
1216 2742 1418 2805 necessarium
1470 2824 1478 2843 ἢ
1549 2766 1554 2775 ·

64 2833 166 2905 esset)
190 2848 248 2893 non
272 2829 466 2892 mediocriter
488 2848 534 2890 me
557 2829 722 2908 profecisse
747 2847 864 2890 censeo.

154 2918 244 2992 Quod
267 2926 366 2983 autem
387 2938 445 2981 non
462 2937 527 2979 eam
549 2919 673 2981 formem
688 2918 857 2980 tabularum
872 2936 937 2979 sum
953 2925 1084 2992 secutus,
1108 2936 1195 3011 qnam
1210 2918 1415 2995 Ptolemaeus,

63 3009 259 3091 Alphonaini,
284 3007 469 3088 (lopernicus
488 3017 521 3069 et
534 3007 712 3070 Prutenrcae
730 3008 931 3088 praeiverunt,
956 3026 1049 3069 causa
1067 2996 1151 3068 haec
1165 3015 1224 3081 est,
1249 3008 1343 3088 quia
1340 3008 1416 3071 haec

63 3098 139 3165 mihi
162 3099 259 3161 forma
281 3098 410 3159 omnium
432 3097 613 3163 brevissima
635 3097 755 3158 videtur
784 3097 851 3158 loca
881 3095 1072 3175 computandi
1102 3115 1140 3156 ex
1173 3094 1305 3170 tabulis;
1339 3115 1417 3179 quae

63 3188 179 3253 etaim
201 3189 289 3250 Luna
311 3186 444 3249 nonnihil
468 3185 559 3247 habet
582 3186 743 3249 etiamnum
767 3186 895 3258 laboris,
923 3195 1047 3265 propter
1069 3186 1196 3265 apogaei
1219 3194 1249 3247 et
1272 3186 1417 3250 nodorum

63 3278 182 3343 celeres
213 3285 332 3346 motus,
364 3276 394 3337 in
427 3275 536 3338 ceteris
567 3283 666 3337 tamen
697 3274 829 3354 planetis
856 3283 942 3336 tanto
973 3274 1079 3353 majori
1108 3293 1174 3337 oum
1202 3275 1323 3338 t'oeuore
1347 3275 1415 3338 erit.

62 3362 109 3431 Et
131 3377 233 3430 tamen
255 3366 285 3428 in
309 3366 378 3447 ipsa
400 3365 491 3427 etiam
514 3365 601 3426 Luna
628 3364 787 3444 plurimum
814 3364 953 3444 expedire
978 3372 1068 3443 puto:
1103 3382 1161 3425 non
1183 3383 1237 3445 per
1261 3364 1416 3427 anfractus

64 3466 100 3520 et
121 3458 253 3520 latentes
277 3454 343 3517 vias
367 3453 570 3533 longitudinis,
594 3453 778 3528 anomaliae,
803 3461 902 3514 motus
926 3451 1094 3514 latitudinis
1117 3452 1255 3515 incedere
1279 3454 1416 3533 ignarum

63 3546 118 3611 nbi
141 3545 282 3620 verseris,
305 3543 478 3624 priusquam
501 3543 540 3604 ad
562 3540 875 3621 ultimum'perveuias
895 3541 1023 3603 ostium:
1049 3541 1104 3603 sed
1127 3560 1165 3604 ex
1187 3541 1314 3606 editiore
1338 3543 1414 3618 loco,

65 3634 196 3717 apogaei
220 3633 336 3697 scillcet
358 3640 390 3693 et
411 3634 555 3694 nodorum
577 3632 664 3694 tardo
687 3639 785 3705 motu,
816 3639 1009 3711 prospectum
1038 3631 1131 3692 totius
1159 3631 1274 3693 itineris
1297 3651 1416 3712 semper

63 3725 179 3788 habere
202 3724 240 3786 ob
263 3723 375 3786 oculos.
422 3721 524 3793 Quare
548 3721 620 3796 tibi,
645 3721 702 3782 Vir
724 3721 829 3782 harum
853 3739 950 3782 rerum
972 3718 1154 3800 peritissime
1178 3720 1324 3800 juxtaque
1348 3739 1415 3784 am·

64 3813 218 3898 plissime,
248 3813 408 3914 exemplar·
423 3821 649 3892 repraesentare
674 3810 753 3873 volni
782 3811 847 3889 ejus
870 3810 983 3873 formae
1007 3809 1176 3872 tabularum
1196 3810 1415 3889 Rudolphaea-
1516 3861 1524 3876 .

64 3924 143 3982 rum,
168 3922 257 3986 quam
280 3921 336 3982 ego
360 3900 460 3973 animo
484 3900 617 3981 concepi,
641 3908 674 3962 ιιι
697 3902 766 3981 quia
788 3900 939 3980 publicum
962 3917 1036 3979 opus
1060 3899 1191 3961 futurum
1213 3908 1261 3961 est
1284 3900 1326 3971 (si
1348 3900 1415 3963 Deo

65 3992 231 4078 placuerit)
259 3991 388 4073 plurium
416 3989 509 4052 etiam
538 3998 571 4051 et
598 3990 828 4070 intelligentium
854 3989 967 4067 judicio
995 3989 1138 4051 firmetur
1183 3988 1313 4050 Paratus
1336 3988 1415 4051 enim

67 4102 154 4159 sum,
186 4081 212 4145 si
241 4080 395 4162 quisquam
425 4079 497 4141 mibi
527 4080 812 4183 compendiosiorem
842 4078 922 4139 viam
952 4077 1181 4151 monstraverit,
1211 4077 1296 4139 illam
1320 4078 1414 4159 aequi,

65 4173 241 4237 institutum
269 4170 416 4232 deserere.
462 4169 612 4247 Accipe
604 4168 646 4247 igi
648 4177 696 4230 tur
726 4169 781 4230 has
803 4165 871 4228 Tibi
902 4168 1037 4247 proprias
1070 4168 1210 4241 chartas,
1244 4183 1354 4248 easque
1382 4174 1416 4228 nt

67 4262 156 4343 lubet
177 4268 209 4322 et
230 4259 370 4341 expedire
393 4258 449 4320 tibi
471 4258 637 4331 videbitur,
668 4276 734 4319 cum
763 4255 895 4318 literatis
926 4267 957 4318 et
979 4275 1076 4318 rerum
1104 4255 1340 4336 intelligentibus
1362 4274 1416 4317 seu

66 4338 188 4435 publice
212 4369 265 4412 seu
286 4348 429 4430 privatim
446 4340 648 4409 communica:
674 4347 718 4407 sic
741 4355 844 4407 tamen
866 4354 900 4406 ut
921 4345 1051 4408 virorum
1074 4345 1230 4409 doctorum
1248 4343 1416 4425 judiciuin

68 4459 167 4504 meum
190 4446 222 4501 et
251 4438 344 4500 totius
372 4436 572 4500 astronomiae
600 4435 785 4498 commodum
814 4433 948 4496 vicissim
979 4434 1139 4512 colligere,
1173 4438 1232 4514 qua
1262 4431 1415 4496 commode

68 4528 203 4612 poteris,
227 4529 379 4608 Tuumque
403 4524 567 4606 adjungere
589 4543 647 4586 non
672 4523 819 4605 negligas.
866 4523 973 4585 Facies
995 4524 1043 4598 id,
1075 4523 1154 4602 quod
1184 4524 1289 4585 doctos
1311 4540 1415 4585 omnes

67 4641 90 4681 a
112 4619 156 4683 Te
179 4625 356 4698 exspectare
381 4615 520 4678 diuturna
542 4614 755 4676 consuetudine
778 4612 916 4675 docuisti
963 4613 1042 4675 Vale
1066 4620 1098 4672 et
1120 4630 1167 4672 me
1190 4629 1290 4673 amare
1313 4628 1415 4690 perge.

67 4708 190 4788 Pragae
212 4705 412 4772 Bohemorom
434 4704 474 4768 X
492 4701 557 4768 Cal.
580 4703 680 4783 Majas
702 4720 781 4767 anno
805 4701 885 4782 vulg.
904 4702 1040 4784 epochae
1065 4699 1181 4767 Christi
1201 4701 1260 4767 Dei
1285 4696 1380 4765 1603

762 4791 843 4855 Nob.
866 4796 900 4852 et
920 4790 1005 4870 Mag.
1028 4798 1131 4852 tuae
1285 4821 1288 4831 =

980 4877 1205 4943 addictissimus

1085 4964 1138 5035 Jo.
1160 4961 1327 5053 Keplnw·
