3368 5534
163 286 227 361 388
644 287 685 341 De
701 283 810 339 Motibus
829 287 922 343 Stellae
940 271 1029 343 ldartis

93 529 97 537 .
162 478 249 557 petat
271 469 389 544 Solem:
412 468 579 532 retineatur
601 475 701 531 autem
726 477 830 530 contra
853 488 938 530 suam
968 468 1166 549 magneticam
1191 477 1330 534 naturam
1349 471 1436 535 Solis
1458 490 1516 553 sp-

163 568 317 644 petentem
349 560 378 620 in
412 559 573 621 tralatione
606 559 688 636 globi
720 568 864 638 perpetuo
898 558 954 618 sibi
987 557 1043 638 ipsi
1067 559 1248 638 parallelos:
1282 561 1343 623 nisi
1366 570 1516 642 quatenus

163 671 305 714 successu
335 649 502 710 seculorum
535 649 571 707 ab
605 647 672 708 aliis
709 647 748 708 ad
784 647 860 708 alias
906 647 981 708 fixas
1018 655 1121 709 nutum
1162 670 1247 712 suum
1290 652 1443 712 transfert
1486 664 1518 713 et

164 739 275 822 aphelii
297 756 489 818 progressum
513 737 569 798 hoc
592 736 680 797 modo
701 746 857 799 causatur:
883 755 1006 816 quorum
1026 747 1180 818 utmmqne
1197 739 1391 803 nihilominus
1406 740 1518 802 mentis

164 851 239 910 opus
271 847 337 889 esse
361 845 450 906 posse
475 827 589 899 fateor,
620 833 655 886 nt
682 844 757 905 quae
781 826 920 886 adhunc
944 834 1055 888 motum
1088 826 1125 887 ab
1149 828 1271 890 animali
1295 829 1446 891 facultate
1468 838 1517 891 sat

166 931 214 981 est
239 918 403 990 instructa,
431 935 502 985 ,cum
532 916 573 976 sit
601 922 700 977 motus
729 933 788 976 non
822 916 916 976 totius
946 916 1080 995 corporis
1113 916 1149 978 de
1178 917 1244 978 loco
1275 919 1304 979 iu
1329 918 1428 981 locum
1453 919 1516 998 (qui

167 1016 267 1070 motus
296 1025 386 1086 supra
418 1024 483 1084 cap.
514 1004 671 1067 XXXIX.
705 1024 813 1065 causae
842 1005 959 1065 metrici
981 1005 1113 1085 planetis
1136 1006 1247 1067 insitae
1269 1016 1352 1069 recte
1376 1008 1516 1070 ademtns

165 1097 255 1169 fuit),
285 1095 339 1156 sed
367 1095 496 1173 partium
520 1094 601 1154 circa
624 1101 758 1154 centrum
782 1092 876 1155 totius
900 1095 987 1174 quasi
1010 1094 1202 1175 quiescentis.
1249 1095 1329 1156 Ecce
1354 1096 1465 1158 iterum
1487 1097 1515 1157 in

168 1184 258 1265 globo
282 1183 413 1245 Telluris
444 1181 619 1243 directionis
647 1183 817 1262 hujusmodi
846 1184 913 1243 aris
946 1185 1113 1263 exemplum
1146 1203 1183 1243 ex
1214 1181 1392 1264 Oopemico.
1439 1185 1513 1247 Nam

168 1275 237 1336 dum
260 1273 327 1334 axis
350 1272 481 1334 Telluris
505 1291 602 1332 annuo
626 1273 720 1333 centri
744 1272 923 1332 circumactu
949 1273 1005 1334 sibi
1027 1273 1085 1352 ipsi
1103 1273 1223 1353 suisque
1254 1273 1364 1335 sitibus
1380 1274 1514 1336 omnibns

166 1369 269 1426 manet
295 1361 509 1442 propemodum
539 1359 762 1441 aequidistans,
791 1369 893 1422 aestas
921 1371 952 1422 et
981 1362 1077 1423 hiems
1102 1363 1243 1424 efficitur:
1273 1370 1424 1443 quatenus
1446 1381 1512 1425 vero

167 1451 343 1530 longissima
366 1450 469 1511 secula
492 1449 575 1510 illum
600 1449 752 1523 inclinant,
778 1451 855 1510 tinae
874 1451 1013 1529 progredi
1032 1460 1185 1530 putantur,
1208 1453 1401 1531 aequinoctia
1418 1459 1513 1514 retro·

167 1542 285 1604 cedere.

255 1628 336 1698 Quid
367 1627 459 1706 igitur
482 1627 667 1703 dubitamus,
697 1629 861 1692 attribuere
886 1627 1016 1706 planetis
1040 1630 1175 1690 omnibus
1199 1629 1236 1689 ad
1262 1629 1442 1690 salvandam
1464 1648 1512 1690 ee-

167 1718 367 1782 centricitatis
396 1716 603 1796 phantasiam,
637 1719 715 1799 quod
748 1717 797 1780 uni
825 1717 943 1777 illorum
968 1717 1096 1789 (Telluri
1125 1719 1324 1800 scilicetiex
1354 1717 1512 1796 phantasia

166 1807 389 1890 praecessionis
421 1805 675 1885 aequinoctiorum
706 1808 847 1887 Solisque
876 1808 1026 1884 surgentis
1050 1817 1081 1869 et
1104 1807 1239 1868 cadentis
1263 1826 1362 1869 annuo
1388 1807 1512 1868 circum-

169 1906 239 1959 actu
261 1896 504 1957 animadversum
527 1906 573 1955 est
598 1897 720 1958 inesse?
744 1897 803 1959 Ubi
827 1896 1074 1975 quemadmodum
1094 1898 1236 1977 deceptus
1252 1903 1299 1957 est
1319 1896 1511 1977 Coperniens,

169 1985 356 2057 existimans,
382 1984 524 2063 peculiari
547 1986 692 2065 principio
718 2007 792 2067 opus
816 2005 894 2058 esse,
919 1985 996 2066 quod
1020 1987 1144 2048 Terram
1171 1984 1324 2046 aunuatim
1348 2006 1367 2045 a
1392 1994 1512 2064 septen-

170 2077 267 2138 trione
292 2074 321 2134 in
346 2080 481 2134 austrum
504 2081 535 2133 et
558 2075 691 2138 vicissim
716 2077 815 2149 libret,
840 2075 883 2135 sic
900 2083 932 2134 ut
947 2083 1049 2135 aestas
1069 2085 1100 2135 et
1115 2075 1210 2136 hiems
1232 2075 1362 2148 eveniat,
1388 2084 1420 2135 et
1434 2076 1513 2154 cnjus

168 2164 324 2226 molitione
348 2162 544 2224 circumitioni
569 2174 810 2227 commensurata
833 2165 960 2225 resultet
989 2164 1157 2244 aequalitas
1181 2165 1295 2226 reditus
1319 2165 1392 2225 anni
1411 2163 1513 2244 tropici

168 2263 199 2315 et
218 2252 321 2314 siderii
346 2254 507 2332 (quatenus
524 2254 585 2313 fere
603 2256 744 2336 aequales
764 2256 866 2326 sunt);
892 2273 956 2314 cunr
974 2262 1072 2314 tamen
1090 2254 1177 2315 unica
1187 2252 1338 2315 constanti
1350 2252 1513 2315 directione

170 2344 237 2404 axis
260 2341 407 2414 Telluris,
432 2361 601 2423 superque
626 2346 659 2404 fit
681 2345 804 2405 diurnus
828 2353 943 2415 motus,
972 2342 1026 2403 illa
1049 2344 1148 2404 omnia
1171 2342 1363 2403 obtineantur
1387 2342 1513 2422 nihilque

169 2430 323 2493 extraneis
346 2430 446 2491 causis
471 2451 544 2510 opus
570 2434 623 2506 sit,
647 2434 704 2494 nisi
730 2433 768 2494 ad
791 2432 907 2493 unicam
931 2432 1134 2493 tardissimam
1155 2431 1397 2511 praecessionem
1415 2429 1514 2511 aequi·

173 2520 358 2582 noctiorum:
399 2518 441 2578 ita
471 2520 519 2580 hic
543 2542 657 2602 quoque
682 2524 763 2584 nullo
788 2522 912 2582 consilio
943 2541 1018 2601 opus
1042 2522 1099 2582 erit
1122 2520 1285 2582 motoribus
1308 2519 1463 2599 planetae,
1485 2528 1515 2581 nt

172 2611 237 2690 ejus
266 2626 373 2688 corpus
407 2609 493 2670 simul
525 2611 606 2672 circa
630 2610 732 2672 Solem
765 2612 891 2672 vehatur
918 2630 1042 2672 manens
1067 2611 1096 2671 in
1120 2611 1179 2672 situ
1202 2608 1348 2688 parallelo
1373 2609 1514 2689 simulque

172 2697 363 2761 librationem
386 2696 536 2760 absolvat.
576 2700 714 2764 Alterum
739 2701 815 2761 enim
832 2701 868 2760 ab
884 2701 979 2761 altero
996 2699 1174 2761 naturaliter
1189 2696 1340 2778 pendebit.
1370 2698 1513 2761 Tantum·

172 2788 259 2850 modo
289 2787 325 2847 de
349 2804 512 2866 progressu
535 2790 719 2870 apheliorunr
743 2789 915 2851 tardissimo
939 2790 1130 2869 cogitandum
1154 2796 1260 2851 restat.

260 2876 382 2938 Etenim
414 2876 528 2956 lingula
558 2879 587 2940 in
613 2877 637 2942 C
663 2887 803 2940 versante
835 2887 866 2939 et
889 2878 917 2939 in
941 2880 982 2952 F,
1016 2879 1099 2940 nulla
1122 2883 1298 2950 causaest,
1321 2875 1516 2956 cnrplaneta

171 2967 298 3028 accedat
320 2965 371 3026 vel
394 2965 526 3039 recedat,
551 2987 617 3030 cum
641 2969 743 3049 capita
760 2967 825 3031 Soli
849 2969 971 3048 objiciat
994 2968 1166 3048 aequalibus
1187 2964 1365 3037 intervallis,
1391 2983 1514 3026 conter-

170 3076 258 3118 surus
284 3055 384 3135 utiquc
408 3074 578 3118 mucronem
603 3060 640 3119 ad
665 3057 777 3132 Solem,
802 3057 827 3117 si
852 3057 999 3119 sineretur
1015 3059 1053 3119 ab
1070 3057 1124 3118 illa
1138 3057 1177 3130 vi,
1203 3073 1279 3135 quae
1294 3055 1360 3134 ejus
1376 3052 1516 3115 directum

171 3154 202 3206 et
224 3145 403 3225 parallelum
426 3152 510 3205 tenet
534 3166 630 3208 axem.
678 3148 805 3207 Planeta
829 3167 847 3206 a
870 3157 979 3225 puncto
1002 3145 1026 3209 C
1052 3146 1188 3219 abeunte,
1213 3144 1325 3205 sensim
1343 3142 1446 3222 cuspis
1456 3142 1516 3205 Soli

172 3233 403 3314 appropinquat,
428 3235 524 3294 cauda
547 3237 628 3309 abit;
654 3237 765 3297 sensim
791 3236 880 3314 igitur
905 3237 1008 3315 incipit
1030 3236 1137 3315 globus
1152 3235 1190 3296 ad
1204 3234 1305 3297 Solem
1325 3232 1517 3311 adnavigare.

172 3325 250 3385 Post
277 3324 301 3383 F
325 3323 436 3383 sensim
467 3325 563 3385 cauda
591 3325 824 3405 appropinquat,
863 3335 953 3404 caput
976 3325 1041 3386 abit
1063 3346 1081 3385 a
1105 3325 1185 3386 Sole.
1233 3322 1352 3385 Sensim
1377 3321 1470 3399 igitur
1491 3332 1519 3383 et

169 3421 253 3474 totus
268 3411 375 3489 globus
391 3412 520 3473 naturali
538 3415 606 3474 odio
623 3415 699 3491 fugit
713 3436 730 3474 a
745 3414 825 3475 Sole.
865 3414 890 3473 l]
906 3416 1026 3491 regione
1042 3422 1141 3475 autem
1163 3413 1256 3492 ipsius
1271 3413 1310 3487 A,
1335 3431 1403 3473 curu
1419 3411 1515 3491 longi-

170 3502 243 3563 tudo
267 3500 334 3561 axis
358 3499 470 3560 directe
496 3501 524 3562 in
541 3504 643 3564 Solem
666 3490 837 3583 porrigitur,
863 3503 922 3563 illic
945 3523 1095 3576 accessus,
1120 3504 1167 3564 hic
1192 3505 1264 3582 fuga
1281 3511 1329 3564 est
1344 3501 1518 3563 fortissima

173 3591 208 3653 Id
239 3609 310 3650 veru
339 3609 430 3668 supra
460 3594 657 3669 postulabant
690 3602 793 3653 nostru
825 3593 1055 3672 praesupposita
1088 3612 1125 3652 en
1151 3590 1412 3653 observationibus
1436 3589 1517 3651 deri-

171 3691 259 3750 vata,
293 3679 343 3740 ubi
372 3698 409 3738 ex
440 3701 491 3757 γκ,
525 3706 582 3756 κμ,
606 3680 652 3757 μζ
680 3683 813 3760 partibus
838 3681 1014 3755 librationis,
1040 3702 1115 3762 quae
1140 3680 1321 3761 respondent
1345 3678 1521 3758 aequalibus

174 3769 303 3829 arcubus
327 3769 467 3840 eccentri,
493 3773 609 3832 mediae
633 3782 735 3850 partes
760 3796 784 3843 a,
808 3796 830 3846 μ
853 3780 940 3832 erant
962 3771 1171 3850 longissimae,
1196 3769 1291 3830 exiles
1320 3787 1432 3829 versus
1451 3791 1474 3846 y,
1498 3762 1521 3840 ζ.

175 3856 237 3920 Sed
261 3865 292 3917 et
315 3856 389 3918 illud
417 3861 583 3935 consentit,
618 3862 694 3940 quod
727 3861 954 3921 observationes
984 3862 1090 3922 volunt
1118 3884 1163 3938 yn,
1190 3855 1237 3935 μζ
1263 3857 1423 3938 aequales,
1459 3874 1523 3918 cunt

175 3954 275 4008 tamen
310 3965 397 4007 arcus
431 3948 562 4025 ipsorum
585 3956 633 4027 yd,
658 3946 700 4023 εζ,
732 3950 778 4011 vel
809 3950 909 4029 potius
936 3950 964 4010 in
998 3950 1164 4011 eccentrico
1190 3946 1260 4021 CD,
1292 3946 1346 4009 EF
1378 3946 1522 4028 aequales

173 4035 380 4115 inaequalibus
415 4038 606 4099 conficiantur
637 4040 818 4118 temporibus
847 4048 878 4099 et
902 4039 956 4101 CD
984 4039 1130 4118 longiori;
1164 4039 1207 4099 sic
1232 4046 1264 4098 ut
1286 4060 1321 4115 yn
1354 4034 1524 4097 librationis

173 4144 245 4204 pars
269 4124 385 4185 tardius
413 4125 590 4188 absolvatur
618 4147 706 4207 <quam
729 4124 774 4202 μζ
800 4129 856 4207 ipsi
886 4130 1030 4207 aequalis.
1077 4129 1155 4190 h'am
1185 4128 1227 4187 sic
1252 4136 1282 4187 et
1304 4136 1464 4204 magnetes
1487 4142 1524 4186 ea

173 4213 334 4276 intervallo
359 4214 465 4292 majori
485 4216 594 4276 lentius
609 4219 646 4277 ad
667 4237 698 4277 se
715 4226 815 4278 mutuo
841 4219 996 4289 accedunt,
1021 4218 1147 4279 celerius
1167 4224 1198 4276 et
1213 4215 1336 4277 citatius
1350 4235 1368 4274 a
1383 4213 1522 4277 breviori.

263 4303 326 4362 Imo
351 4321 420 4363 vero
446 4302 542 4384 ipsam
566 4305 657 4367 etiam
681 4307 750 4380 vim,
775 4325 849 4386 quae
873 4307 983 4369 retinet
1006 4326 1091 4368 axem
1116 4305 1314 4385 magnetieum
1339 4304 1447 4366 insitu
1466 4322 1523 4386 pa·

172 4390 289 4462 rallelo,
314 4391 463 4470 derogans
487 4393 644 4456 directioni
668 4397 734 4457 aris
758 4397 788 4457 in
812 4395 923 4470 Solem,
949 4398 987 4458 ab
1012 4395 1207 4476 occupatione
1226 4393 1346 4466 mentis,
1369 4395 1419 4455 cui
1441 4392 1523 4456 illam

171 4480 262 4560 paulo
287 4489 356 4542 ante
380 4483 621 4560 permiseramus,
647 4485 684 4545 ad
709 4494 834 4547 naturae
857 4485 958 4546 munia
980 4486 1137 4547 traducere
1162 4503 1330 4563 possumus.
1368 4484 1450 4547 Nam
1466 4482 1523 4547 etei

172 4570 294 4631 obstare
319 4571 451 4644 videtur,
481 4574 560 4653 quod
583 4584 691 4634 natura
715 4595 772 4635 uno
796 4586 827 4633 et
851 4575 955 4636 eodem
979 4575 1066 4636 modo
1091 4583 1179 4656 agat,
1208 4574 1284 4635 haec
1307 4591 1379 4636 vero
1402 4573 1451 4635 vis
1473 4589 1523 4638 re·

173 4658 285 4720 tentrir
315 4660 451 4721 videatur
478 4662 547 4724 aliis
576 4664 760 4742 temporibus
784 4664 872 4725 aliter
896 4665 1090 4739 contendere,
1123 4670 1225 4745 utpote
1256 4670 1368 4725 annoto
1393 4662 1462 4725 axis
1484 4662 1521 4725 ad

175 4744 287 4822 Solem,
312 4749 359 4826 cui
383 4750 570 4830 impediendo
595 4761 770 4831 comparata
792 4763 848 4829 est,
875 4753 902 4815 in
928 4754 1161 4847 longitudinibus
1185 4752 1292 4815 mediis
1312 4766 1520 4827 evanescente.

174 4834 204 4898 in
231 4837 350 4919 aphelio
381 4857 450 4902 vero
481 4848 513 4904 et
538 4841 683 4924 perihelio
707 4842 872 4907 fortissimo
896 4844 1060 4908 existente:
1091 4850 1125 4906 at
1146 4841 1217 4927 quid
1241 4849 1339 4919 vetat,
1362 4843 1425 4909 mm
1444 4842 1520 4909 hm
