3374 5528
698 326 816 394 Epistola
826 328 986 385 dedleawrla
1451 326 1517 398 139

166 499 319 655 raltlionem
349 501 542 582 observavit,
581 503 681 570 omnia
707 507 850 571 consilia·
867 507 983 572 detexit
1012 507 1154 591 librisque
1191 510 1323 574 moriens
1349 510 1518 594 perscripta

163 610 199 654 m
224 597 376 752 quiiidbns
398 700 455 764 ego
478 682 563 747 libris
586 683 750 748 instructus
773 684 861 748 utin
888 685 976 750 hano
989 705 1090 768 curam
1112 687 1428 764 Braheo'succeesi,
1451 686 1515 769 pri-

163 789 248 834 mum
270 778 404 835 metuere
427 771 519 848 desii,
546 792 635 854 quem
651 773 716 854 jam
738 773 928 854 mediocriter
951 794 1169 855 cognoveram:
1200 776 1306 841 deinde
1330 776 1445 841 notatis
1465 777 1515 839 di-

163 858 297 942 ligenter
318 868 486 943 temporum
508 860 659 939 articulis,
684 862 790 944 quibus
813 863 864 926 ille
887 866 927 929 ad
949 866 1078 946 pristina
1108 868 1176 929 loca
1197 886 1252 929 ceu
1275 868 1314 929 ad
1337 865 1446 929 cubilia
1460 884 1518 928 sua
1612 928 1614 934 .

164 949 319 1016 ventitare
340 952 469 1029 soleret,
491 950 669 1015 Braheanas
688 971 723 1015 eo
739 952 903 1029 machinas,
923 954 1083 1019 subtilibus
1099 955 1264 1020 instructas
1276 955 1414 1037 dioptris,
1433 954 1517 1016 velut

165 1040 209 1102 ad
231 1047 346 1104 certum
368 1059 493 1122 scopum
506 1040 612 1113 direxi,
636 1060 811 1124 omnemque
834 1042 932 1106 locum
949 1043 1089 1126 indagine
1115 1044 1211 1120 cinxi,
1233 1045 1369 1107 curribus
1388 1061 1515 1124 magnae

164 1130 274 1193 matris
297 1128 426 1194 Telluris
447 1131 477 1193 in
501 1148 607 1214 gyrum
629 1131 828 1194 circumactis.

256 1219 325 1282 Non
347 1226 450 1283 tamen
474 1219 537 1282 sine
561 1220 670 1299 sudore
687 1222 841 1303 ¹suecessit
862 1221 1032 1301 negotium:
1058 1223 1128 1285 dnm
1152 1223 1323 1303 frequenter
1344 1222 1384 1284 ibi
1409 1220 1518 1283 desunt

170 1308 349 1386 machinae,
383 1310 433 1373 ubi
464 1309 641 1391 potissimus
672 1330 773 1374 earum
796 1330 867 1373 usus
891 1319 972 1387 erat,
996 1319 1050 1373 aut
1082 1312 1150 1374 dum
1173 1312 1232 1374 viis
1256 1312 1382 1387 lutosis,
1406 1329 1515 1390 magno

167 1397 332 1481 temporie,
363 1417 472 1479 magno
501 1406 652 1461 sumtuum
674 1399 842 1481 impendio,
871 1408 1117 1464 transvectantur
1147 1401 1185 1464 ab
1215 1400 1362 1480 imperitis
1395 1399 1516 1479 aurigis,

169 1494 226 1551 aut
248 1488 320 1552 dum
344 1487 731 1571 ejaculetus·quarundam,
755 1489 828 1550 mihi
851 1489 981 1552 noudum
1005 1490 1196 1571 exploratus,
1221 1489 1250 1551 iu
1274 1490 1404 1564 diversa,
1429 1507 1517 1571 quam

165 1584 365 1659 putaveram,
402 1578 469 1640 loca
492 1576 600 1642 tendit.
647 1577 746 1660 Saepe
770 1577 911 1658 splendor
934 1577 1016 1640 Solis
1044 1588 1098 1641 aut
1119 1580 1241 1653 Lunae,
1276 1598 1368 1659 saepe
1401 1579 1517 1641 coelum

167 1666 303 1731 nubilum
336 1666 495 1730 directoris
525 1667 620 1731 oculis
651 1666 810 1748 imposuit,
844 1667 965 1747 saepius
999 1669 1136 1749 objectus
1166 1668 1247 1732 aeris
1271 1668 1372 1748 vapidi
1396 1667 1516 1747 globum

167 1756 276 1820 elisum
301 1777 321 1818 a
342 1764 426 1820 recto
449 1756 571 1819 tramite
596 1757 734 1833 deflexit,
758 1774 812 1818 nee
836 1777 903 1819 raro
927 1757 1076 1837 parietes,
1099 1739 1302 1838 obliquiesime
1327 1757 1447 1837 objecti,
1472 1755 1515 1817 ir-

169 1845 249 1909 ritos
271 1846 350 1909 ictus
374 1855 557 1927 exceperunt
581 1847 772 1928 quantumvis
795 1845 926 1909 crebros.
963 1846 1107 1908 Accessit
1129 1846 1226 1908 hostis
1246 1846 1274 1907 in
1291 1842 1516 1908 excursionibus

166 1935 335 2011 industria,
360 1934 396 2012 in,
412 1934 530 1998 insidiis
544 1934 713 2016 vigilantia,
737 1934 824 1998 nobis
838 1936 1010 2016 plerumque
1028 1935 1260 2011 dormientibus3
1284 1936 1313 1998 in
1324 1934 1517 2017 repugnando

168 2023 300 2107 denique
323 2023 509 2106 pertinacia,
534 2025 584 2106 qni
607 2033 778 2106 expugnato
803 2033 855 2087 aut
878 2024 997 2106 prodito
1021 2026 1147 2088 castello
1171 2045 1229 2091 nuo
1257 2045 1324 2086 sese
1352 2024 1467 2105 recepit
1481 2022 1520 2086 ad

167 2114 270 2179 aliud:
303 2134 358 2178 nec
390 2114 496 2177 eadem
524 2114 654 2178 omnium
680 2114 873 2176 castellorum
900 2115 978 2176 ratio
1002 2114 1209 2195 expugnandi,
1242 2133 1297 2176 uec
1320 2114 1378 2176 iter
1400 2113 1439 2176 ab
1462 2130 1520 2176 uno

168 2204 211 2267 ad
234 2209 338 2267 cetera
361 2204 546 2284 expeditum,
580 2205 635 2266 sed
663 2212 715 2267 aut
737 2203 907 2267 fluminibus
930 2203 1137 2284 interceptum,
1162 2210 1215 2273 aut
1237 2201 1372 2266 sentibus
1391 2202 1519 2285 impedi-

168 2302 246 2368 tum,
271 2292 486 2374 utplurimum
509 2312 580 2355 vero
604 2293 804 2375 incognitum:
829 2312 905 2374 qnae
929 2292 1048 2374 singula
1071 2293 1134 2356 suis
1150 2291 1226 2356 locis
1249 2292 1279 2355 in
1299 2292 1517 2359 hoocommen-

167 2382 254 2465 urio
271 2383 441 2464 perscripta
463 2390 543 2446 suut
652 2402 657 2409 ·

260 2472 386 2536 Interim
408 2472 439 2535 in
458 2471 534 2534 meis
554 2471 665 2535 castris
689 2472 767 2552 quod
786 2470 891 2545 cladis,
917 2471 994 2553 quod
1011 2470 1194 2535 calamitatis
1209 2490 1303 2553 genus
1320 2490 1378 2534 nou
1392 2469 1521 2534 saeviit?

171 2561 345 2627 Clarissimi
368 2561 463 2625 Ducis
481 2562 620 2644 jactura,
657 2561 782 2638 seditio,
819 2559 930 2643 pestis,
955 2560 1064 2637 morbi,
1098 2561 1265 2623 domestica
1293 2560 1416 2641 negotia
1443 2560 1523 2624 bona

169 2654 331 2736 malaque,
355 2659 482 2734 emaque
515 2650 643 2733 tempori
671 2651 856 2715 extrahendo
885 2657 1075 2731 comparata:
1108 2670 1202 2713 novus
1230 2658 1263 2712 et
1285 2650 1465 2730 improvisus
1488 2656 1521 2713 et

170 2739 318 2806 terribilis
346 2761 367 2804 a
389 2748 476 2822 tergo
503 2740 617 2816 hostis,
650 2749 684 2803 ut
711 2739 800 2802 retuli
828 2740 858 2801 in
880 2738 957 2802 libro
981 2740 1017 2801 de
1040 2739 1129 2803 Nova
1152 2738 1271 2815 Stella:
1304 2739 1364 2802 alio
1387 2746 1521 2820 tempore

169 2833 273 2896 Draco
297 2830 487 2905 decumanus,
511 2829 690 2911 longissima
712 2829 818 2906 caude,
842 2847 965 2890 vomens
988 2828 1074 2909 ignes
1093 2848 1216 2910 meaque
1236 2836 1339 2891 castra
1357 2828 1522 2904 infestans:

170 2922 303 2986 militum
324 2918 463 3002 perfugia
485 2925 517 2982 et
537 2919 682 3000 penuria;
705 2914 843 3003 tyronum
866 2917 1035 2999 imperitia:
1060 2926 1091 2981 et
1114 2928 1205 3000 caput
1221 2919 1361 2993 omnium,
1384 2924 1521 2981 extrema

171 3017 395 3076 commeatuum
418 3008 568 3090 angustia

264 3099 400 3163 Tandem
421 3098 528 3175 hostis,
554 3097 604 3161 ubi
626 3117 674 3160 me
697 3096 860 3178 persistere
884 3094 960 3160 vidit
982 3096 1012 3160 in
1034 3097 1205 3178 proposito,
1235 3115 1268 3158 se
1292 3114 1363 3159 vero
1385 3094 1524 3178 nuspiam
1632 3128 1639 3135 ·

172 3190 206 3254 in
230 3189 316 3271 regui
338 3190 386 3252 sui
408 3187 534 3253 chunitu
556 3195 657 3252 tutum
680 3195 733 3250 aut
756 3204 906 3260 securum,
932 3187 1062 3249 animum
1081 3186 1120 3248 ad
1139 3186 1224 3268 pacis
1238 3185 1520 3262 consiliatradnxit,

172 3280 327 3360 missaque
350 3285 460 3342 natura
481 3285 607 3358 parente
630 3277 775 3340 victoriae
800 3274 873 3338 mihi
896 3275 1115 3339 confessionem
1137 3275 1260 3350 obtulit;
1295 3275 1522 3359 libertatemque

175 3377 287 3451 pactus
310 3368 389 3431 inter
412 3366 574 3430 arbitraria
596 3366 724 3442 vincula,
749 3363 833 3427 brevi
855 3372 927 3444 post
945 3366 1135 3428 arithmetica
1158 3374 1190 3428 et
1212 3365 1379 3446 geometria
1402 3365 1522 3448 stipan-

175 3459 275 3534 tibus,
299 3456 330 3519 in
354 3475 422 3518 mea
444 3464 548 3519 castra
570 3474 771 3536 magnacum
794 3453 953 3516 alacritate
976 3454 1126 3519 transivit.

267 3545 337 3610 Non
360 3545 480 3610 destitit
502 3553 613 3622 tamem
638 3564 676 3606 ex
699 3563 757 3624 quo
779 3542 931 3606 deditione
955 3544 1037 3608 lacta
1069 3544 1149 3607 domi
1170 3552 1293 3607 nostrae
1317 3543 1421 3625 aequis
1444 3543 1523 3608 ami-

173 3636 269 3700 citiae
292 3635 410 3716 legibus
424 3642 629 3711 conversatur,
654 3633 780 3696 occultis
795 3631 991 3710 illusionibus,
1017 3632 1124 3716 quippe
1143 3632 1252 3716 quietis
1266 3632 1412 3711 insuetus,
1436 3633 1523 3696 nobis

173 3725 258 3789 ultro
281 3723 384 3788 nescio
409 3742 483 3807 quoe
507 3725 579 3788 belli
602 3731 700 3787 metus
722 3723 874 3785 incutere:
899 3723 925 3784 si
945 3723 1023 3786 forte
1043 3722 1252 3803 perterrefacti
1274 3723 1390 3786 ridendi
1406 3722 1523 3806 copiam

171 3816 232 3896 ipsi
257 3815 435 3877 faceremus.
481 3815 526 3878 At
549 3821 582 3876 ut
605 3834 660 3875 nos
684 3812 782 3875 animo
807 3812 877 3874 forti
900 3812 984 3888 vidit,
1010 3812 1163 3876 uobiscum
1185 3811 1322 3875 habitare
1346 3813 1426 3875 serio
1448 3830 1522 3876 con-

175 3902 273 3968 sentit
294 3902 529 3985 hoetilitatisqne
553 3903 693 3984 deposita
723 3900 913 3965 simulatione
941 3903 1028 3965 tidem
1054 3923 1141 3966 suam
1163 3901 1248 3964 nobis
1272 3901 1461 3983 approbavit.

264 3992 384 4056 Unum
406 3992 462 4056 hoc
485 3993 570 4054 Mrem
591 3993 665 4053 Vm
687 3999 793 4073 rogat,
821 3997 855 4052 ut
885 3990 954 4072 quia
976 4011 1102 4074 magnas
1125 3993 1156 4056 iu
1178 3989 1348 4073 regionibus
1371 3989 1522 4055 aethereis

172 4082 334 4146 clientelas
356 4081 450 4144 habet
474 4077 540 4165 (est
562 4082 669 4163 quippe
693 4088 780 4161 pater
802 4079 860 4163 ipsi
883 4080 1019 4162 Jupiter,
1043 4102 1118 4145 avus
1141 4078 1300 4158 Saturnus,
1316 4081 1422 4144 Venus
1436 4097 1539 4143 soror-

175 4171 342 4254 eademque
379 4171 478 4235 amica
508 4172 623 4253 etjam
646 4171 717 4233 olim
739 4170 931 4251 praecipuum
955 4171 1139 4235 vinculorum
1161 4172 1368 4247 lenimentum,
1399 4170 1521 4233 Mercu-

173 4262 238 4325 rius
262 4261 357 4325 frater
379 4261 513 4342 fidusque
532 4260 726 4334 caduceator)
748 4278 905 4342 eorumque
920 4261 1032 4341 ipseet
1049 4261 1144 4342 ipsius
1158 4261 1203 4325 issi
1218 4259 1367 4323 desiderio
1382 4266 1523 4323 tenentur

174 4357 301 4435 propter
328 4370 442 4415 morum
465 4349 711 4412 similitudinem:
744 4349 893 4431 velletque
918 4358 949 4411 et
971 4350 1038 4413 illos
1062 4370 1164 4414 secum
1186 4350 1266 4414 inter
1288 4348 1423 4413 homines
1446 4367 1520 4411 con·
1573 4352 1582 4385 ⁸·

174 4440 293 4504 versari
317 4439 505 4520 honorisque,
531 4458 588 4520 quo
605 4438 735 4500 afficitur
752 4438 826 4519 ipse,
850 4438 914 4502 fieri
932 4457 990 4502 una
1002 4440 1184 4522 participes:
1207 4441 1281 4502 Meas
1301 4438 1351 4501 V·
1368 4435 1521 4520 quampri-

177 4548 259 4593 mum
282 4530 352 4593 illos
374 4528 434 4592 sibi
456 4529 578 4603 reddat,
604 4527 802 4608 expeditionis
825 4528 913 4609 hujus
928 4529 1070 4610 reliquiis,
1095 4549 1170 4613 qnae
1190 4529 1300 4611 sejam
1323 4526 1425 4589 dedito
1448 4525 1522 4589 nihil

176 4619 292 4684 habeut
312 4637 402 4703 porro
426 4616 561 4701 periculi,
585 4626 707 4681 strenue
726 4617 881 4681 confectis.
924 4615 1023 4689 Qnam
1038 4620 1154 4683 adrem
1171 4619 1226 4681 Me
1245 4617 1307 4678 vu
1328 4634 1450 4698 operam
1464 4635 1523 4678 nou

178 4708 316 4773 inutilem
340 4707 465 4793 (quippe
488 4707 672 4772 exercitatus
695 4706 723 4769 in
744 4705 976 4789 pugnacissime,
1000 4728 1168 4791 gnarusque
1182 4708 1330 4781 locomm)
1354 4725 1410 4769 nee
1424 4705 1521 4770 minus

180 4817 269 4880 quam
293 4805 385 4866 anua
406 4797 525 4863 fidelem
538 4805 674 4879 promtus
689 4796 796 4860 odero:
819 4799 876 4861 hoc
894 4798 980 4878 unice
994 4818 1083 4864 orans
1098 4806 1188 4882 atque
1207 4798 1369 4861 obsecrans
1387 4793 1522 4877 (quaudo

181 4885 260 4956 huuc
282 4906 399 4975 vocem,
420 4886 545 4973 perinde
568 4895 603 4953 ut
620 4886 786 4953 orationem
802 4886 958 4972 reliquam,
981 4887 1088 4955 erebra
1105 4906 1173 4954 cnm
1190 4884 1345 4966 militibus,
1369 4883 1521 4953 centurio·
