3374 5528
558 331 620 394 tta
639 330 728 393 Prima
767 330 848 407 Caput
864 326 913 394 Il.

632 573 752 671 Caput
783 572 845 646 IV

59 738 117 800 De
141 734 388 819 aequipollentia
411 734 594 818 imperfecta
616 734 699 797 iuter
722 730 881 815 duplicem
904 729 1112 836 epicyclarp
1098 750 1134 791 en
1153 726 1347 790 comentrico
1369 722 1418 787 cel

279 823 572 907 ecceatrepicqclum
594 831 624 885 et
644 823 729 885 iuter
751 821 972 902 aequantem'
958 842 993 883 aa
1015 816 1195 882 eccemtrico.

155 964 206 1026 Sic
236 965 328 1044 igitur
351 984 400 1027 res
424 962 565 1037 haberet,
603 963 628 1025 si
653 964 736 1024 lacus
760 971 842 1025 esset
864 961 1023 1044 hypothesi
1047 959 1176 1040 simplici
1200 954 1308 1037 capitis
1332 953 1417 1029 tertii

61 1057 90 1118 in
118 1055 265 1116 salvanda
289 1055 473 1135 superiorum
495 1054 685 1132 planetarum
709 1053 925 1132 inaequalitate
949 1052 1055 1131 prima.
1093 1050 1207 1110 Verum
1222 1046 1416 1109 Ptolemaeus

60 1146 99 1204 ad
126 1145 320 1246 planetarum
343 1144 470 1222 primam
495 1150 527 1203 et
549 1142 716 1221 simplicem
739 1141 989 1222 inaequalitatem
1017 1136 1283 1202 demonstrandam
1307 1153 1416 1215 opero-

59 1235 133 1294 siori
156 1233 250 1294 utitur
273 1231 444 1314 hypothesi.

153 1322 266 1385 Oentro
290 1322 315 1381 B
337 1324 499 1385 scribatur
528 1323 717 1385 eccentricus
739 1319 811 1394 DE,
845 1318 934 1404 cuijus
960 1317 1175 1382 ecceralrioitas
1239 1314 1294 1379 Frg.
1313 1309 1357 1361 ⁶²·

58 1413 102 1473 sit
124 1413 193 1485 BA,
217 1418 255 1473 ut
273 1411 305 1473 A
327 1413 370 1474 eit
392 1409 480 1474 aas
509 1409 601 1474 oculi.
648 1412 731 1472 Acta
763 1367 849 1471 liriea
866 1429 927 1490 per
948 1406 1005 1470 BA
1034 1407 1173 1470 ostada

60 1505 94 1562 in
118 1501 147 1560 D
169 1521 368 1583 apoqaeum,
398 1503 434 1563 ia
456 1498 789 1583 Fperiqaeum.1a
816 1499 876 1558 bac
907 1496 991 1559 linea
1022 1494 1172 1577 supraB

60 1590 204 1671 spatium
235 1588 329 1651 aliud
357 1589 411 1651 BC
444 1591 630 1653 ostendatur·
661 1587 791 1670 aequde
826 1587 890 1670 ipsi
919 1583 986 1647 BA.
1039 1586 1115 1650 Erit
1148 1581 1242 1682 Ο

57 1687 211 1761 peractum
248 1681 433 1760 aequantia,
466 1686 618 1762 punctum
653 1699 776 1761 nempe,
815 1677 903 1759 apud
933 1677 1016 1757 qood
1042 1636 1242 1758 plancta

60 1767 250 1849 aequalibus
278 1770 468 1873 temporibus
505 1767 628 1851 conficit
665 1765 814 1849 aequales
848 1765 997 1849 capulos,
1033 1766 1175 1846 quamuis
1392 1787 1411 1830 ι

60 1857 220 1920 circulum
240 1878 302 1919 aaa
325 1858 412 1920 circa
436 1858 460 1921 Ο
484 1859 541 1920 aed
564 1858 651 1920 circa
672 1856 699 1917 B
724 1856 856 1919 molinet.

153 1945 337 2028 Capernicas
373 1948 452 2009 hanc
488 1946 667 2028 hypothesin
712 1947 793 2025 (cap.
827 1940 857 2009 4.
875 1982 880 1990 ·
899 1942 951 2006 lib.
988 1943 1029 2005 V.
1068 1951 1103 2005 ut
1143 1951 1175 2005 et

60 2056 130 2116 cap.
157 2037 187 2098 7.
220 2035 270 2097 lib.
300 2036 373 2109 IV.)
405 2036 484 2097 inter
525 2042 627 2097 cetera
666 2034 723 2096 hoc
763 2051 877 2115 quoque
917 2031 1034 2093 nomine
1075 2039 1173 2107 notat,
1224 2081 1235 2100 .

62 2126 140 2206 quod
172 2137 279 2205 peccet
310 2125 341 2186 in
370 2125 517 2206 principia
552 2123 694 2207 physica,
735 2130 873 2185 statuens
907 2129 1006 2182 matus
1045 2123 1193 2187 coelorum
1230 2125 1419 2208 inaequales.

61 2214 205 2293 Eligatur
228 2212 307 2275 euim
330 2213 522 2294 Bpuuctum
545 2213 575 2274 in
600 2213 725 2287 circulo,
751 2232 837 2292 quem
860 2210 984 2291 planeta
1012 2230 1135 2290 corpore
1158 2224 1318 2295 peragrat,
1343 2237 1419 2279 can-

63 2311 263 2381 uectaturque
287 2321 352 2363 cum
378 2301 414 2376 Ο,
429 2303 466 2377 Β,
487 2304 537 2365 A:
563 2311 594 2364 et
616 2303 657 2363 sit
677 2301 741 2381 jam
765 2300 849 2363 DOB
872 2307 982 2372 rectus,
1007 2307 1041 2361 ut
1065 2308 1095 2362 et
1117 2299 1207 2367 ΕΟΕ.
1248 2305 1323 2369 Cum
1347 2325 1418 2387 ergo

62 2393 125 2453 sint
148 2392 249 2472 anguli
273 2392 303 2452 hi
326 2392 490 2471 aequales,
520 2392 678 2454 constituti
712 2410 816 2470 nempe
851 2388 1024 2469 aequalibus
1055 2392 1255 2468 temporibus,
1282 2401 1313 2457 et
1335 2393 1420 2459 1)οΕ

63 2482 196 2543 exterior
220 2489 329 2560 aequet
344 2479 434 2556 OBE,
453 2480 532 2546 OBB
556 2480 734 2542 interiores:
760 2498 830 2559 erga
853 2485 941 2557 parte
958 2474 1038 2539 CEB
1062 2478 1167 2542 ablata
1185 2482 1321 2546 residuus
1338 2482 1420 2547 CBE

63 2571 113 2631 vel
137 2569 221 2631 DBB
244 2569 340 2631 minor
363 2570 418 2632 erit
444 2590 531 2651 quam
555 2567 659 2644 DCE3
683 2569 784 2650 itaque
808 2567 887 2630 ΕΒΕ
910 2567 1006 2646 major
1035 2587 1122 2648 quam
1146 2569 1230 2634 DCB
1253 2571 1303 2634 vel
1326 2571 1419 2636 FCB.

64 2659 128 2722 Sed
150 2659 207 2720 DE
231 2677 318 2721 arcas
342 2660 465 2721 metitur
487 2658 571 2720 DBB
595 2659 748 2738 angulum,
781 2665 812 2719 et
834 2656 888 2718 ΕΕ
911 2675 998 2718 arcus
1031 2658 1171 2737 angulum
1194 2659 1293 2736 ΕΒΕ;
1326 2661 1422 2725 ιιιίιιοι

66 2767 140 2828 ergo
165 2747 221 2809 ΒΕ
246 2766 334 2828 quam
348 2748 477 2823 EF;et
464 2747 612 2809 ttrausit
634 2749 758 2827 planeta
775 2765 896 2827 pereas
921 2745 1096 2825 aequalibus
1120 2750 1313 2830 temporibus.
1338 2750 1421 2830 Erga

65 2839 145 2900 idem
171 2835 252 2898 orbis
275 2836 389 2898 solidus
412 2840 503 2917 (qaas
528 2838 666 2918 opinatur
683 2835 914 2917 Caperuicus)
907 2854 935 2895 m
952 2853 1008 2915 quo
1027 2834 1133 2898 haeret
1157 2839 1292 2916 planeta,
1316 2839 1423 2903 tardus

65 2936 125 2997 est,
149 2945 216 2986 curn
239 2927 363 3005 planeta
387 2926 459 2988 orbe
481 2934 586 2988 vectus
609 2926 723 2988 incedit
745 2925 860 2986 exD
852 2944 882 2986 m
898 2923 943 2999 B;
967 2924 1065 2999 velox,
1090 2945 1156 2988 cum
1180 2927 1205 2989 it
1228 2947 1265 2989 ex
1287 2927 1347 2990 Ε
1339 2949 1368 2990 ιιι
1386 2928 1421 2991 Ε.

64 3017 163 3077 Totus
187 3033 259 3094 ergo
283 3015 364 3077 orbis
388 3016 500 3078 solidus
521 3016 585 3095 jam
609 3017 712 3089 velox,
738 3016 840 3095 jamt
827 3014 932 3076 tardus
961 3019 1018 3076 est.
1066 3012 1155 3084 Quod
1180 3013 1365 3097 Gopsrnicus
1388 3024 1424 3080 ut

64 3104 227 3167 absurdum
251 3104 357 3183 rejicit.

157 3191 274 3263 Quodsi
296 3193 392 3254 virtus
416 3212 538 3255 moveas
561 3192 750 3272 praesideret
773 3192 836 3253 orbi
860 3173 956 3253 solida
973 3191 1161 3296 undiquaque
1177 3192 1334 3276 aequabili,
1358 3212 1419 3257 non

64 3302 139 3344 iero
173 3282 251 3343 nuda
280 3282 437 3362 planetae,
467 3283 573 3343 merito
607 3281 681 3343 haec
711 3287 744 3343 ut
772 3281 903 3343 absurda
933 3289 965 3342 et
992 3300 1048 3362 ego
1071 3281 1236 3361 rejicerem.
1281 3283 1328 3345 At
1351 3283 1422 3364 quia

65 3372 159 3434 solidi
183 3371 271 3432 arbes
294 3372 367 3433 nulli
391 3378 469 3446 sunt,
493 3371 561 3433 vide
586 3390 663 3432 nunc
678 3371 910 3433 concinnitatem
929 3371 1084 3453 physicam
1098 3371 1186 3451 hujus
1206 3372 1421 3455 hypotheseos,

66 3464 91 3522 si
117 3459 300 3540 paucissima
331 3467 502 3530 mutentur,
534 3461 570 3521 de
604 3460 709 3540 quibus
733 3460 820 3522 inira.
867 3460 987 3522 Etenim
1011 3459 1121 3522 statuit
1144 3461 1219 3523 baec
1242 3461 1421 3544 hypothesis

66 3548 223 3631 (quamvis
245 3549 351 3628 ignaro
375 3549 562 3622 Ptolemaeo)
588 3550 662 3611 duas
685 3547 813 3610 virtutes
837 3549 994 3623 matriceS,
1019 3550 1124 3628 quibus
1148 3551 1272 3630 planeta
1295 3549 1422 3633 quilibet

66 3641 205 3700 vehatur.
251 3638 367 3699 Harum
390 3640 515 3701 alteram
539 3638 623 3718 pouit
645 3639 675 3700 in
699 3637 729 3698 A
753 3656 875 3717 corpore
908 3639 1000 3720 (quod
1025 3638 1055 3701 in
1079 3636 1292 3703 reformatione
1316 3648 1420 3702 astro·-

66 3729 188 3791 uamiae
213 3726 383 3806 ipsissimus
407 3727 460 3790 Sol
477 3729 551 3801 erit)
575 3746 699 3807 eamque
724 3728 768 3789 ait
791 3728 859 3803 niti,
896 3737 929 3789 ut
952 3729 1105 3807 planetam
1129 3728 1316 3809 circumagat
1339 3729 1420 3792 circa

67 3839 112 3891 se,
152 3817 207 3880 sed
244 3817 355 3895 gradus
386 3816 497 3880 habere
529 3816 660 3878 infinitos
682 3835 736 3896 pro
760 3817 883 3879 infinitis
907 3818 1026 3897 punctis
1050 3817 1214 3879 distantiae
1239 3820 1277 3880 ab
1301 3819 1351 3882 A:
1375 3824 1418 3894 ut,

67 3910 147 3970 sicut
171 3914 220 3967 est
241 3906 306 3967 AD
330 3906 513 3983 longissima,
536 3906 592 3967 AF
614 3906 803 3981 brevissima,
827 3907 871 3969 sic
894 3907 1018 3987 planeta
1042 3925 1157 3988 quoque
1182 3906 1223 3969 sit
1244 3904 1276 3969 in
1300 3908 1328 3969 D
1351 3915 1419 3969 tar·
1444 3982 1446 3987 y

68 3997 226 4069 dissimus,
256 3994 285 4055 in
310 3995 336 4056 Ε
357 3995 583 4057 velocissimus:
617 4003 649 4056 et
671 3995 701 4056 in
725 3997 913 4070 universum,
939 4003 972 4057 ut
995 3996 1053 4057 AD
1077 3996 1115 4057 ad
1139 3995 1196 4058 ΑΕ
1220 3996 1264 4058 sic
1289 3997 1420 4060 tarditas

68 4086 148 4167 apud
173 4086 202 4147 D
227 4082 265 4143 ad
288 4084 462 4147 tarditatem
487 4084 565 4164 apud
589 4082 625 4158 Ε,
650 4091 684 4145 ut
705 4084 784 4146 infra
806 4087 920 4166 prolixe
945 4084 1199 4147 demonstrabitur
1213 4093 1301 4166 parte
1317 4084 1418 4148 tertia.

67 4177 209 4238 Alteram
234 4171 373 4234 virtutem
397 4175 551 4236 matricem
575 4171 679 4234 tribuit
701 4174 875 4255 hypothesis
899 4175 959 4236 ista
981 4176 1123 4255 planetae
1138 4173 1206 4254 ipsi,
1231 4174 1277 4236 cui
1295 4173 1417 4248 sufficit,

69 4275 103 4325 ut
126 4265 175 4326 vel
200 4261 375 4342 tortitudine
400 4264 575 4342 angulorum
599 4263 645 4323 vel
678 4262 785 4325 intuitu
809 4264 973 4326 crescentis
997 4271 1029 4325 et
1052 4263 1253 4325 decrescentis
1278 4259 1417 4325 diametri

69 4352 151 4415 Solis
180 4370 251 4415 suos
285 4369 425 4415 accessus
454 4353 503 4413 vel
530 4369 667 4412 recessus
696 4351 809 4415 aSole
838 4354 1008 4415 moderetur
1041 4352 1191 4433 faciatque
1216 4350 1417 4414 differentiam
1532 4404 1541 4416 ,

69 4443 186 4504 mediae
224 4440 388 4503 distantiae
426 4440 648 4519 alongissima
671 4449 702 4503 et
725 4441 904 4504 brevissima
935 4442 1091 4522 aequalem
1114 4440 1173 4520 ipsi
1198 4440 1264 4503 AB.
1310 4441 1418 4520 ltaque

69 4542 211 4613 punctum
235 4527 259 4591 C
292 4530 450 4611 aequantia
474 4530 546 4592 nihil
575 4530 656 4591 aliud
684 4539 733 4592 est
755 4550 843 4612 quarn
866 4530 1073 4610 compendium
1096 4528 1311 4609 geometricum
1335 4548 1421 4591 corn-

70 4622 195 4701 putandi
219 4621 415 4699 aequatioaes
440 4637 477 4681 er
499 4619 659 4701 hypothesi
682 4621 771 4700 plane
795 4621 929 4702 physica.
988 4617 1106 4692 Quodsi
1136 4626 1237 4680 tamen
1271 4617 1322 4678 via
1348 4616 1419 4697 pla-

70 4721 158 4773 netae
182 4711 226 4772 sit
248 4707 400 4788 perlectus
424 4708 560 4782 circulus,
583 4704 629 4770 uti
651 4707 771 4790 quidem
794 4709 966 4773 Ptolemaeo
985 4706 1109 4790 placuit,
1133 4712 1253 4788 oportet
1267 4707 1422 4787 planetam

71 4802 190 4882 insuper
220 4806 252 4863 et
285 4815 404 4860 sensum
433 4797 562 4879 aliquem
591 4794 704 4861 habere
734 4797 799 4878 ejus
823 4798 990 4887 celeritatis
1012 4802 1046 4861 et
1066 4794 1239 4872 tarditatis,
1273 4815 1332 4875 qua
1354 4795 1420 4879 ipse

70 4892 244 4971 provehitur
268 4886 308 4948 ab
332 4888 430 4950 altera
452 4895 578 4950 externa
597 4882 725 4965 rhtute,
753 4896 787 4951 ut
808 4887 848 4951 ad
868 4864 1159 4970 hujustirassbr'ipta
1172 4882 1266 4949 etiam
1281 4904 1352 4948 suos
1367 4904 1422 4947 ac-

959 5074 993 5159 A
