3368 5534
263 306 306 370 72
683 307 787 358 nm
804 307 909 371 Kepleri
930 307 1082 371 marmus
1098 312 1202 357 uos·

261 484 456 550 aequipollentia
483 482 620 548 aequaturi
649 485 688 534 rel
715 485 917 535 metendam
944 482 1278 550 prosdraphures'uhlaru's
1304 482 1433 533 &arvei
1458 496 1529 538 nou·
1556 493 1623 546 §¹⁸⁸

264 557 423 607 meuse
441 558 475 604 sit
492 554 591 606 ewra!

351 627 453 689 Quinto,
482 642 585 677 causam
603 626 765 676 miraculosae
785 636 810 676 et
828 632 866 677 rix
893 628 1014 677 credibilis
1038 629 1198 693 apparentiae
1222 629 1246 675 in
1269 626 1401 676 latitudine
1419 624 1510 675 Maras
1527 626 1623 689 sesqui·

260 715 347 751 nense
372 708 432 749 anto
460 701 639 763 oppositionem
657 699 831 761 acronychiarn
850 702 948 764 saepius
972 702 1078 763 expetii.
1106 714 1165 749 uanr
1192 699 1266 764 louge
1291 699 1338 750 hoc
1357 700 1497 748 sumitate
1519 697 1625 760 stipsis

262 772 473 823 mansoribus
492 771 609 820 resedere
627 773 726 819 omnino
744 780 812 833 puto.

350 843 434 900 Sexto,
452 843 556 892 schem
574 857 669 907 quoqne
683 850 709 891 et
720 845 840 891 rationem
860 841 951 893 cdcuh
963 851 1061 907 expeto.
1080 842 1200 907 quomodo
1213 858 1243 892 ex
1255 843 1333 892 trihus
1351 841 1521 905 parnllfflhns
1533 839 1624 889 Martie

261 915 379 966 edidero
397 916 530 964 eccenuici
557 924 675 978 punctum
694 914 767 963 lacus
785 912 969 963 semidiameter
985 916 1051 963 orbis
1079 916 1155 963 annui
1173 916 1329 977 inquiratur,
1355 915 1421 962 etsi
1439 914 1489 969 ris.
1510 911 1626 974 ampla

259 986 348 1037 talium
365 987 441 1035 trium
467 987 664 1036 observationum
688 986 748 1034 mihi
777 987 950 1042 communica;
978 1001 1037 1036 nam
1056 1001 1103 1051 ego
1121 1001 1172 1034 non
1194 984 1275 1034 haheo
1293 985 1357 1034 talia
1374 984 1496 1048 exempla
1535 984 1625 1034 raes·

261 1067 369 1123 gramm.
387 1059 409 1106 ai
426 1057 485 1106 mdri
504 1060 732 1107 communicaverit.

349 1128 379 1177 ln
396 1128 474 1178 litoris
492 1131 601 1192 proxime
618 1130 777 1193 equentibus
796 1125 833 1187 (d.
848 1128 872 1177 d.
892 1125 934 1176 ³0.
949 1128 1009 1177 Jan.
1027 1144 1049 1176 r.
1069 1135 1101 1176 st
1120 1124 1201 1187 1003)
1220 1135 1327 1192 accepta
1338 1128 1443 1191 Keplen'
1461 1127 1623 1191 κρούω

259 1199 323 1251 haec
347 1201 434 1249 scribit
452 1200 596 1250 Fabricius:
620 1201 692 1252 rideo
716 1208 787 1250 tuam
809 1200 958 1263 hypothesin
977 1201 1041 1248 hono
1064 1199 1228 1249 fundanaento
1247 1202 1308 1260 niti,
1327 1201 1376 1249 nisi
1393 1199 1459 1264 quod
1478 1206 1582 1249 moreat
1598 1203 1625 1246 le

261 1271 351 1335 duplici
370 1273 407 1320 nti
432 1270 581 1335 hypothi.
610 1287 665 1322 curn
685 1287 715 1322 ex
742 1286 793 1320 nna
814 1271 875 1320 illud
900 1272 953 1320 heri
982 1271 1120 1335 oportebat
1159 1269 1244 1331 Quare
1262 1272 1293 1321 de
1320 1287 1352 1321 en
1370 1279 1398 1322 ut
1420 1271 1507 1320 rideas
1525 1284 1624 1319 moneo.

262 1343 316 1410 Ego
329 1343 436 1409 gaudeo,
450 1343 594 1405 Tychonem
606 1344 683 1395 wem
695 1358 863 1392 successorem
882 1352 1043 1392 consecutum
1056 1358 1119 1399 esse,
1139 1345 1180 1406 qui
1193 1358 1249 1391 cum
1262 1345 1344 1393 fructu
1356 1352 1382 1393 et
1395 1343 1484 1393 decore
1497 1342 1626 1404 inceptam

261 1414 445 1464 restitutionem
463 1415 585 1477 complere
603 1417 688 1477 possit
727 1414 826 1473 Quaeso
845 1422 875 1462 ut
891 1416 977 1463 mitta
1001 1414 1095 1463 undam
1117 1414 1265 1478 hypothesin
1284 1413 1374 1464 hlartis
1396 1428 1453 1463 curu
1472 1413 1627 1462 dimensione

262 1486 408 1537 &culorum
428 1489 507 1548 justa.
529 1484 587 1616 ³S)io
613 1501 659 1553 ego
682 1487 800 1549 incipiam
824 1486 892 1534 illam
911 1485 944 1534 ad
969 1486 1152 1535 ohservationes
1176 1499 1246 1534 meas
1268 1485 1466 1537 accommodare.
1505 1483 1627 1547 (Reliqua

259 1556 316 1608 ride
335 1555 390 1605 Vol.
410 1554 431 1613 l,
449 1572 473 1620 p.
494 1553 527 1604 ³2

349 1627 452 1678 luserim
471 1627 625 1676 adrenernnt
641 1626 778 1691 Koplqri
797 1627 884 1676 literae
902 1629 1071 1690 responsoriae
1085 1627 1117 1677 nd
1129 1630 1222 1693 priores
1234 1628 1340 1679 Fabricii
1359 1629 1527 1694 quaestiones.
1549 1625 1626 1675 datae

259 1698 285 1751 d.
305 1696 331 1748 2.
351 1698 416 1750 Dec.
438 1696 515 1747 160².
544 1697 637 1762 (comp.
658 1698 713 1747 Vol.
733 1696 753 1748 1.
772 1714 796 1762 p.
818 1694 870 1746 312
888 1713 930 1758 sa,
959 1698 1016 1747 Vol.
1036 1699 1070 1759 ll,
1089 1714 1113 1763 p.
1133 1696 1179 1758 95,
1199 1696 1261 1757 ild,
1281 1696 1363 1762 ⁷5²),
1392 1701 1417 1749 in
1445 1699 1533 1764 quibus
1561 1697 1626 1747 haec

259 1770 390 1839 mmm:

353 1844 399 1904 De
423 1841 554 1903 anomali
577 1842 761 1904 incremento
783 1841 893 1903 Martis
908 1841 1098 1903 latitudinum
1117 1843 1165 1903 his
1188 1851 1272 1904 terve
1291 1844 1320 1907 in
1336 1842 1465 1905 diversis
1484 1840 1625 1922 epistolis

266 1933 433 2013 replicasti.
471 1933 579 1992 hlones
598 1951 655 2004 me,
680 1951 717 1992 ue
733 1932 854 1993 nimium
877 1932 1133 2010 speculationibus
1155 1933 1231 1994 meis
1255 1934 1394 1994 tribuam.
1431 1934 1476 1994 At
1501 1950 1570 2010 ego,
1593 1936 1626 1991 ut

263 2040 368 2084 rerum
391 2023 499 2094 fatear,
524 2021 590 2100 ejus
613 2021 656 2082 rei
680 2039 804 2082 cansam
827 2039 892 2081 cnm
915 2021 1170 2099 speculationibus
1194 2023 1270 2082 meis
1289 2022 1418 2082 nondum
1433 2041 1471 2082 ex
1485 2021 1625 2100 professo

264 2111 394 2184 contuli,
426 2111 485 2172 nisi
509 2111 588 2189 qnod
612 2110 694 2184 scio,
726 2110 893 2189 ubicunque
917 2109 1107 2172 latitudinem
1130 2121 1313 2193 computem,
1343 2129 1462 2190 semper
1495 2128 1534 2170 ex
1558 2127 1625 2169 mea

261 2199 423 2283 hypothesi
447 2198 641 2261 observatum
666 2200 762 2261 locum
786 2199 816 2259 in
846 2200 940 2260 latum
969 2200 1061 2261 etiam
1093 2200 1186 2261 reddi.
1232 2200 1340 2262 Habeo
1368 2201 1470 2280 itaque
1500 2198 1559 2260 hoc
1589 2216 1626 2259 ex

263 2289 415 2372 Tychonis
439 2289 711 2360 obsecrationibus,
734 2289 784 2370 qui
804 2309 831 2351 a.
852 2285 1052 2351 1593'mense
1065 2287 1129 2350 Jul.
1149 2299 1179 2351 et
1194 2291 1272 2370 Aug.
1291 2292 1376 2371 quasi
1396 2289 1534 2351 miraculi
1560 2289 1625 2350 loco

263 2388 407 2449 annotat,
436 2379 624 2439 latitudinem
659 2373 698 2440 td
722 2377 828 2439 diebus
860 2386 931 2438 ante
956 2382 982 2449 8
1008 2379 1175 2458 quadrante
1208 2381 1319 2459 gradm
1350 2381 1444 2440 luisse
1468 2379 1625 2456 maJorern.

262 2467 330 2548 Ego
355 2476 462 2548 postea
485 2468 682 2547 deprehendi,
712 2468 743 2528 id
767 2469 873 2527 mirum
896 2480 949 2527 aut
973 2486 1080 2558 novum
1105 2480 1157 2528 aut
1181 2490 1279 2530 rarum
1304 2488 1361 2529 non
1386 2488 1469 2535 esse,
1500 2486 1571 2527 nam
1597 2465 1625 2526 io

263 2562 294 2631 ,ἲ
317 2554 359 2620 45
379 2556 484 2619 diebus
507 2566 577 2617 ante
593 2560 620 2628 8
636 2556 694 2639 ipit
716 2555 854 2617 minimus
878 2574 1029 2617 excessus.
1067 2557 1151 2619 Idem
1176 2559 1393 2638 deprehensum
1417 2567 1467 2619 est
1489 2555 1627 2636 pauciori

265 2647 381 2708 dierum
405 2664 526 2706 numero
550 2655 583 2706 et
605 2646 633 2706 iu
658 2640 697 2707 3⁰
720 2656 754 2722 1η
778 2645 966 2722 oppositione
989 2647 1081 2707 lacta
1130 2647 1173 2708 Tu
1198 2654 1302 2726 potas,
1336 2647 1420 2708 idio
1445 2661 1477 2711 ee
1503 2653 1624 2709 tentum

263 2735 328 2798 fieri
352 2746 522 2817 propterea,
547 2734 624 2813 qnod
646 2731 685 2810 Θ
702 2733 731 2794 in
756 2752 891 2812 apogaeo
914 2753 1019 2814 pamm
1044 2741 1140 2796 mutet
1165 2735 1340 2797 distantiam
1363 2757 1383 2797 a
1401 2735 1506 2797 Terra
1547 2734 1626 2796 Sun-

248 2824 342 2909 ,picto
366 2835 423 2897 est,
449 2825 532 2884 nulla
555 2823 690 2902 legitima
713 2824 894 2902 conjectura,
920 2842 1007 2902 quam
1031 2826 1162 2886 numeris
1186 2827 1358 2907 probasses.
1406 2822 1487 2895 Quid
1509 2823 1626 2894 diati-

257 2910 419 2977 ‘ludinibus
443 2933 509 2974 cum
533 2932 668 2992 apogaeo
685 2908 746 2989 Θῖ
782 2913 831 2973 An
856 2921 890 2973 tu
911 2921 1012 2991 putas,
1036 2914 1062 2975 si
1079 2912 1117 2990 Θ
1134 2924 1256 2976 maneat
1279 2916 1309 2978 in
1334 2914 1452 2994 aequali
1478 2912 1628 2977 distantia

264 3004 402 3069 aTerra.
427 3003 559 3071 delium
584 3002 613 3063 iu
638 3001 756 3078 aequali
780 3001 926 3061 distantia
940 3023 959 3061 a
974 3000 1014 3079 Θ
1030 3023 1160 3076 manere,
1185 3005 1286 3084 itaque
1310 3023 1432 3065 manere
1450 2986 1627 3086 parallaxei

266 3093 347 3156 orbis
372 3093 460 3153 annui
485 3093 514 3153 in
531 3091 644 3153 latum?
681 3088 767 3159 Quae
782 3091 861 3151 enim
875 3110 968 3151 causa
986 3093 1059 3152 t'acit
1073 3092 1252 3154 diametmm
1267 3101 1293 3162 ο*
1308 3111 1455 3171 apparere
1470 3093 1626 3170 majorem,

262 3181 517 3264 appropinquatio
542 3181 665 3253 Terrae,
689 3180 795 3240 eadem
818 3199 909 3240 cansa
934 3181 1008 3241 lacit
1032 3192 1062 3241 et
1086 3182 1274 3244 latitudinem
1299 3199 1445 3262 apparere
1470 3182 1626 3258 majorem

265 3272 331 3335 nec
355 3282 454 3331 tamen
478 3271 628 3349 sequitur,
661 3269 686 3329 si
712 3269 807 3330 Terra
838 3270 1069 3350 appropinquet,
1104 3273 1181 3332 hanc
1211 3272 1241 3354 in
1270 3271 1455 3333 incremento
1480 3290 1566 3346 esse,
1601 3269 1627 3329 si

267 3360 420 3432 discedat,
445 3360 475 3422 in
500 3360 706 3420 decremento:
740 3369 868 3438 possunt
890 3361 969 3420 enim
992 3360 1075 3421 sinus
1100 3360 1325 3423 inclinationum
1352 3360 1463 3422 Martis
1486 3377 1627 3421 verarum

256 3460 300 3512 et
322 3449 548 3528 particularium
571 3448 735 3529 majoribus
759 3449 926 3509 increscere
949 3449 1202 3528 proportionibus,
1227 3470 1315 3531 quam
1334 3449 1500 3511 distantiae
1517 3449 1628 3510 Martis

267 3548 301 3600 ct
322 3539 435 3598 ‘l'errae
459 3539 638 3598 decrescunt
661 3550 693 3597 et
715 3547 831 3598 contra.
879 3536 980 3607 Quare
1004 3538 1060 3597 hoc
1089 3539 1313 3618 phaenomenon
1346 3558 1403 3599 non
1434 3538 1566 3618 contigit
1599 3538 1627 3599 iu

266 3626 433 3691 limitibus:
459 3638 528 3686 tunc
551 3626 628 3688 enim
652 3627 802 3705 oppositio
826 3636 857 3687 et
881 3625 1010 3687 latitudo
1034 3627 1165 3688 maxima
1188 3629 1322 3706 proxime
1348 3628 1538 3701 coincidunt;
1568 3645 1627 3688 non

267 3716 300 3781 in
322 3716 419 3788 nodis,
443 3725 514 3777 tunc
537 3716 615 3776 enim
638 3715 846 3795 proportiones
871 3715 1041 3777 diurnorum
1065 3717 1179 3778 sinuum
1204 3717 1408 3779 inclinationis
1432 3716 1627 3796 particularis

268 3825 328 3873 non
352 3805 431 3867 vinci
454 3816 581 3883 possunt
596 3805 634 3865 ob
653 3824 740 3865 suam
761 3804 997 3882 magnitudinem
1011 3825 1031 3864 a
1044 3804 1198 3868 distantiis
1214 3815 1240 3876 ὀ
1256 3827 1275 3868 a
1289 3807 1392 3874 Terra.
1408 3806 1480 3867 etsi
1497 3807 1628 3868 maxims

269 3896 471 3967 vincerentur,
502 3894 674 3954 insensibile
699 3904 792 3956 esset.
838 3894 888 3952 fit
911 3912 982 3972 ergo
1007 3895 1104 3955 medio
1129 3895 1194 3956 loco
1219 3897 1297 3957 inter
1320 3895 1415 3956 nodos
1439 3905 1473 3956 et
1495 3894 1626 3957 limites:

267 3984 398 4047 maxime
421 3984 450 4045 in
475 3989 514 4053 s.
537 3988 568 4057 ᾖ
595 3984 634 4042 ob
658 3983 843 4044 uicinitatem
866 3983 1019 4061 utriusque
1044 3983 1160 4045 itineris
1185 3993 1211 4054 d
1234 3995 1265 4046 et
1289 3996 1327 4060 ὁ.

357 4070 502 4153 Sequitur
523 4071 672 4152 quaestio,
697 4090 755 4151 qua
778 4070 892 4131 coelum
917 4071 1028 4132 Terrae
1052 4074 1161 4135 misces
1184 4084 1219 4135 te
1242 4093 1348 4154 meque
1380 4066 1570 4135 confundens
1596 4082 1630 4135 et

268 4180 332 4227 retu
356 4162 451 4244 ipsam
476 4163 645 4229 involvens,
675 4169 708 4220 ut
738 4160 768 4222 iu
792 4159 839 4221 his
862 4159 996 4221 tenebris
1021 4160 1070 4223 vix
1094 4163 1220 4225 luculum
1246 4182 1369 4245 eamque
1394 4161 1527 4241 maligne
1554 4181 1627 4243 per·

269 4251 404 4333 spiciam.
444 4249 573 4321 Quaeris
597 4270 635 4310 an
659 4260 794 4310 centrum
817 4249 975 4312 eccentrici
993 4256 1018 4319 0·
1034 4269 1064 4311 re
1081 4271 1153 4313 vera
1176 4254 1265 4314 mom
1289 4253 1331 4314 sit
1354 4253 1383 4314 iu
1400 4247 1463 4328 Θῗ
1491 4252 1626 4325 hlioime,

269 4342 424 4404 aliusnon
447 4350 532 4402 esset
554 4340 740 4400 eccentricus
763 4338 817 4399 sed
840 4339 1046 4399 concentricus
1072 4338 1123 4417 (ὅ).
1170 4341 1211 4402 Et
1243 4342 1347 4422 Tycbo
1375 4360 1433 4402 uon
1464 4341 1627 4404 eccentrici

270 4432 372 4512 (quom
396 4430 507 4493 nullom
531 4430 694 4509 agnoscit),
720 4427 773 4487 sed
797 4427 977 4488 concentrici
1000 4424 1232 4509 incre-riopopoo
1254 4442 1388 4493 centmm
1405 4432 1435 4491 in
1451 4429 1523 4492 Sole
1542 4432 1631 4511 ponit

271 4521 374 4588 haum
405 4528 438 4581 at
462 4540 517 4580 non
542 4518 665 4579 insero
690 4518 754 4578 loco
781 4512 830 4592 Θ,
855 4516 909 4576 sed
933 4517 962 4576 in
986 4519 1084 4580 medio
1109 4521 1173 4580 loeo
1198 4521 1280 4598 ejus:
1297 4521 1326 4581 h.
1344 4541 1370 4583 e.
1396 4525 1454 4583 nou
1479 4518 1509 4581 in
1533 4520 1629 4601 ipsis-

272 4610 348 4670 simo
364 4607 403 4685 (ο)
420 4610 474 4670 sed
497 4626 589 4688 prope
612 4607 719 4685 ipsum.
760 4606 849 4667 hosti
873 4606 951 4667 enim
975 4607 1051 4668 hanc
1076 4629 1143 4670 esse
1167 4611 1295 4689 priorem
1319 4608 1537 4693 quaestionem,
1560 4630 1628 4673 cum

272 4699 369 4759 adhuc
393 4700 579 4777 planetarum
604 4694 847 4757 eccentricitates
870 4695 1013 4775 cujusque
1037 4699 1173 4778 proprias
1197 4720 1217 4760 a
1234 4699 1381 4761 communi
1405 4708 1509 4762 centro
1533 4718 1628 4782 sepa-

272 4806 383 4858 ramus,
407 4788 525 4848 omnino
549 4798 583 4847 ut
604 4795 676 4845 ante
699 4786 798 4847 omnia
822 4804 1010 4864 quaeramus,
1035 4788 1166 4850 Temaoe
1190 4808 1228 4850 an
1253 4788 1307 4851 Sol
1330 4789 1373 4850 sit
1400 4789 1430 4850 in
1454 4789 1554 4853 medio
1578 4789 1628 4852 vel

272 4877 368 4957 quasi,
394 4877 422 4936 in
446 4885 548 4937 centro
571 4874 620 4936 vel
643 4874 728 4956 quasi
751 4875 842 4936 trium
865 4876 1058 4953 superiomm.
1090 4877 1283 4942 Ptolemaeus
1297 4878 1423 4942 Terram
1435 4878 1490 4957 ait,
1506 4881 1627 4962 (isper-
