3368 5534
790 318 931 379 DoLnua
1472 314 1536 383 683
1574 350 1578 359 -

280 500 330 564 Sit
353 497 462 561 deinde
486 499 573 561 Luna
599 499 677 561 inter
703 495 766 560 'duo
799 518 937 579 apogaea
960 498 1008 559 vel
1039 474 1117 559 inter
1148 497 1206 559 duo
1237 496 1380 576 perigaea
1403 508 1435 559 ut
1458 498 1487 559 in
1510 500 1536 561 Ι.

188 589 250 653 Hie
272 588 454 669 triangulum
476 588 594 650 solutae
618 596 665 649 est
679 588 751 648 BAl
775 587 803 648 iu
819 586 1004 650 semicirculo
1028 586 1145 647 solutae
1169 586 1359 661 ascendente,
1384 588 1536 649 at'triau-
1630 627 1632 631 ,

189 676 293 781 pulum
323 685 495 739 menstruae
527 685 575 739 est
597 674 669 739 cel
692 677 721 738 in
746 676 931 738 semicirculo
962 683 1132 737 menstruae
1165 674 1385 747 descendente;
1417 676 1537 741 valores

189 776 296 851 utaque
319 766 535 844 triangulorum
563 777 634 828 sunt
665 765 742 828 int-er
765 784 798 826 se
821 765 989 827 affectionis
1021 763 1209 837 contrariae,
1242 780 1334 843 quare
1358 763 1404 825 hic
1426 766 1537 845 ahgulo

188 856 269 920 nal
291 855 457 935 respondet
479 855 629 917 anomalia
651 854 750 917 media
772 864 916 916 constans
939 873 977 915 ex
999 854 1101 914 valore
1126 871 1214 913 areae
1229 851 1346 926 DKIA,
1369 853 1423 914 sed
1447 874 1537 935 aquo

190 944 356 1007 diminutus
381 944 422 1005 sit
440 943 527 1006 valor
550 961 637 1006 areae
653 941 735 1006 cla.
773 942 937 1005 'Hactenus
959 941 1134 1004 retinuimus
1153 939 1329 1032 distantiam
1349 942 1435 1005 DAF
1456 942 1538 1007 Solis

190 1032 324 1117 oppositi
347 1033 389 1095 ab
407 1051 542 1114 apogaeo
562 1033 665 1095 Lunae
690 1051 778 1093 unam
801 1042 832 1093 et
855 1031 997 1093 eandem:
1024 1051 1089 1093 curn
1112 1038 1214 1091 tamen
1237 1029 1389 1110 separatio
1412 1031 1453 1093 sit
1476 1032 1538 1094 lere

189 1140 301 1185 annua.
346 1120 521 1184 Notandum
545 1121 677 1203 ergo,·si
701 1140 867 1201 apogaeum
891 1120 985 1183 sitin
1009 1122 1035 1193 00
1059 1119 1108 1180 vel
1132 1113 1228 1195 ἅΘ,
1251 1119 1309 1180 hoc
1333 1127 1380 1181 est
1403 1120 1428 1181 si
1452 1120 1537 1183 coin·

190 1212 296 1273 cidant'
318 1210 377 1272 AD
401 1220 433 1272 et
454 1210 520 1286 AF,
543 1213 658 1273 tuncB
682 1220 814 1272 centrum
840 1208 997 1272 eccentrici
1023 1209 1081 1270 erit
1103 1208 1175 1270 iuL
1198 1206 1246 1269 vel
1264 1208 1300 1269 P.
1342 1209 1425 1270 Tunc
1448 1210 1538 1291 igitur

191 1300 295 1381 posita
316 1297 404 1362 Luna
426 1297 455 1362 in
479 1299 509 1361 H
531 1300 579 1362 vel
593 1299 632 1370 K,
656 1301 714 1362 erit
735 1319 806 1380 pars
829 1297 1017 1381 aequationie
1041 1297 1151 1378 optica,
1175 1303 1208 1358 nt
1230 1296 1385 1372 hactenus,
1411 1300 1538 1379 angulus
1574 1365 1579 1378 ,

190 1388 281 1452 Luc
304 1388 353 1449 vel
375 1386 481 1450 LKA:
505 1397 540 1450 at
561 1388 687 1471 physica
708 1408 779 1469 pars
808 1387 995 1471 aequationis
1018 1395 1082 1448 tam
1106 1385 1223 1448 solutae
1248 1404 1336 1466 qnam
1367 1395 1537 1451 menstruae

190 1476 389 1541 communiter
413 1486 462 1539 eet
484 1477 668 1540 desumenda
691 1497 729 1538 ex
751 1497 823 1539 area
844 1476 932 1540 ΒΗΑ
955 1477 1004 1538 vel
1026 1475 1114 1539 LKA
1137 1473 1185 1536 his
1209 1484 1318 1537 sumta.
1366 1472 1445 1545 Quia
1468 1495 1539 1557 per·
1587 1506 1590 1511 ·

189 1563 395 1649 pandiculeris
418 1564 472 1630 Bc
504 1575 574 1628 tnnc
608 1574 655 1628 est
687 1566 784 1639 nulla,
824 1566 931 1648 quippe
964 1564 1162 1627 absumta'in
1194 1572 1334 1644 punctum
1357 1564 1402 1640 L,
1434 1574 1468 1628 ut
1495 1565 1539 1628 sic

191 1666 351 1736 utrumque
384 1655 563 1736 triangulum
587 1664 650 1719 tarn
677 1657 793 1717 solutae
823 1674 911 1736 quam
938 1663 1109 1717 menstruas
1140 1652 1265 1713 eandem
1294 1651 1427 1731 habeant
1453 1655 1539 1717 basin

192 1745 262 1809 AL.
301 1744 446 1807 Vicissim
471 1744 497 1806 si
521 1763 687 1825 apogaeum
709 1746 738 1806 D
763 1741 855 1807 sitin
880 1745 1001 1826 quadris
1025 1753 1057 1805 et
1078 1741 1205 1822 angulus
1228 1741 1318 1807 D‘AF.
1337 1750 1444 1817 rectus,
1470 1752 1540 1806 tuno

190 1833 450 1916 perpendicularis
466 1832 519 1897 BG
543 1834 626 1895 cadit
643 1832 672 1895 in
693 1837 721 1896 A
741 1841 874 1896 centrum
890 1834 1011 1908 Terrae,
1036 1850 1125 1912 qnare
1150 1829 1360 1893 ecoentricitas
1382 1834 1540 1913 aequantia

191 1920 251 1987 Ac
277 1931 323 1984 est
346 1923 443 1999 nulla,
467 1921 558 2002 igitur
581 1933 612 1984 et
635 1923 773 2003 aeqna‘tio
802 1931 957 1984 menstrua
979 1932 1050 1984 tunc
1073 1920 1155 1983 nulla
1176 1927 1240 1981 toto
1265 1919 1380 1983 orbitae
1404 1921 1538 1986 circuitu.

191 2013 244 2075 Ita
266 2011 342 2073 satis
365 2011 477 2073 clarum
502 2011 642 2086 efficitur,
672 2011 845 2073 tarditatem
869 2011 976 2073 sideris
999 2029 1037 2072 ex
1060 2015 1148 2071 aucto
1176 2008 1335 2070 intervallo
1359 2029 1427 2091 csse
1450 2010 1539 2093 duplo

180 2101 339 2182 'majorem
362 2100 442 2162 circa
465 2119 631 2181 apogaeum
657 2101 684 2162 in
708 2101 822 2178 copulis
846 2120 934 2182 quam
957 2100 1005 2163 vel
1029 2099 1058 2161 in
1082 2096 1213 2179 planetis
1243 2098 1352 2161 ceteris
1376 2100 1424 2162 vel
1448 2101 1541 2163 etiam

190 2190 223 2253 in
247 2190 314 2269 ipsa
337 2190 424 2251 Luna
446 2189 527 2253 circa·
550 2209 716 2270 apogaeum
740 2190 768 2251 in
792 2190 924 2271 quadris.
970 2190 1012 2251 Et
1033 2188 1109 2250 haec
1133 2185 1340 2268 intelligantur
1363 2189 1400 2251 de
1424 2209 1539 2274 aequa·

190 2276 325 2342 tionibus
348 2297 385 2340 en
409 2279 530 2359 antiquo
554 2279 692 2358 cognitis,
717 2288 833 2341 remota
852 2279 917 2359 jam
941 2277 1108 2341 variatione
1124 2276 1310 2360 Tychonica,
1340 2277 1377 2339 de
1400 2299 1460 2361 qua
1482 2279 1539 2343 hnc

190 2387 287 2449 usque
311 2367 384 2429 nihil
407 2367 528 2430 dictum.
574 2366 634 2430 Sed
658 2369 790 2431 notanda
814 2377 861 2430 est
882 2368 958 2430 haec
981 2368 1060 2430 ratio
1084 2365 1177 2446 dupli,
1202 2366 1272 2447 qnia
1294 2370 1397 2430 oculos
1420 2368 1540 2431 videtur

189 2456 309 2539 aperire
338 2457 419 2518 circa
451 2475 560 2518 causas
592 2466 723 2518 motuum
754 2457 897 2538 physicas
926 2456 1123 2537 indagandas.
1175 2454 1331 2518 Hactenus
1362 2457 1539 2540 hypothesis

175 2556 350 2608 renovata.
396 2547 432 2610 ln
454 2545 651 2628 Ephemeride
675 2553 706 2606 et
728 2565 781 2627 per
803 2547 858 2608 bos
881 2565 977 2608 annos
1000 2544 1194 2608 intermedios
1218 2544 1365 2625 duplicem
1389 2548 1538 2611 ecoentri-

190 2636 317 2721 citatem
340 2635 453 2696 statui:
488 2644 529 2710 nt,
554 2635 631 2697 sicut
653 2635 683 2695 i'n
708 2637 808 2697 solnta
833 2635 1121 2716 prosthaphaereses
1149 2640 1290 2696 causatur
1319 2637 1539 2711 ecoentricitas,

190 2725 306 2806 partim
328 2724 426 2803 optice
449 2724 559 2804 partim
582 2724 714 2806 physice,
737 2723 780 2785 sio
804 2726 896 2786 etiam
920 2725 950 2786 in
964 2732 1119 2788 menstrua
1141 2722 1433 2804 prosthaphaereses
1458 2725 1539 2787 divi-

189 2816 334 2877 derentur
356 2813 435 2875 inter
458 2811 614 2894 physicam
637 2823 667 2874 et
690 2812 831 2892 opticam,
855 2822 887 2875 et
910 2822 944 2875 nt
965 2812 1091 2894 physica
1112 2810 1280 2875 retardatio
1308 2813 1430 2875 solitam
1455 2833 1539 2876 suam

190 2920 315 2967 eausam
347 2901 492 2976 haberet,
524 2901 718 2963 mutationem
750 2902 867 2964 scilicet
895 2902 1047 2965 intervalli
1069 2900 1174 2964 Lunae
1202 2909 1234 2963 et
1256 2901 1378 2964 Terrae.
1425 2904 1540 2967 Verum

163 2992 236 3055 ¹sic
260 2991 471 3054 ecoentricitas
504 2991 674 3070 copularum
705 2991 775 3053 mihi
803 3000 876 3053 nata
904 2991 961 3053 fnit
990 2987 1090 3063 6543,
1123 2990 1250 3071 simplex
1278 3008 1331 3052 seu
1361 2992 1540 3073 quadrarum

189 3076 289 3145 4362.
331 3078 427 3160 Atqui
448 3099 486 3140 ex
500 3080 636 3159 diligenti
659 3081 840 3142 tractatione
864 3081 1020 3162 eclipsium
1044 3079 1236 3161 deprehendi,
1260 3078 1449 3151 retinendam
1472 3102 1538 3145 esse

190 3169 285 3233 etiam
300 3169 331 3233 in
345 3168 459 3249 copulis
483 3169 647 3250 simplicem
667 3169 923 3232 ecoentricitatem
942 3165 1039 3243 4362,
1064 3178 1097 3231 ot
1116 3168 1177 3231 sint
1195 3169 1226 3231 in
1244 3170 1359 3249 copulis
1375 3171 1538 3235 distantiae

190 3258 231 3321 ad
250 3276 379 3339 unguem
394 3258 518 3320 eaedem
532 3279 551 3319 a
564 3259 667 3333 Terra,
687 3277 762 3337 quas
776 3259 888 3340 reperit
900 3260 1038 3321 Braheus
1052 3259 1082 3320 in
1098 3258 1231 3337 quadris,
1249 3258 1538 3325 semidiametromm

188 3350 319 3425 Terrae
335 3368 355 3409 a
383 3343 426 3412 59
457 3347 486 3408 in
515 3341 566 3410 54.
612 3347 678 3409 Hoc
710 3346 811 3427 itaque
841 3354 931 3427 pacto
963 3354 1117 3409 menstrua
1147 3348 1428 3428 prosthaphaeresis
1461 3370 1537 3413 nunc

189 3437 284 3501 hahet
307 3436 432 3499 formam
453 3454 534 3497 mere
557 3435 729 3517 physicam,
763 3455 821 3497 non
844 3455 914 3498 vero
939 3446 972 3498 nt
994 3435 1056 3499 illa.
1075 3435 1157 3514 prior
1180 3455 1217 3497 ex
1241 3436 1364 3500 dimldio
1395 3439 1536 3519 opticam.

187 3527 231 3591 Et
255 3532 356 3588 tamen
379 3526 453 3595 haec
476 3524 601 3607 physica
633 3524 798 3587 retardatio
830 3544 953 3587 causam
980 3524 1072 3587 habet
1104 3524 1299 3589 consimilem.
1348 3526 1435 3590 Sicut
1457 3529 1537 3592 enim

187 3615 221 3678 in
250 3614 351 3677 soluta
382 3614 593 3677 ecoentricitas
622 3614 698 3688 AB,
733 3633 847 3694 angens
878 3613 1040 3676 distantias
1073 3613 1177 3675 Lunae
1210 3636 1228 3676 a
1259 3614 1341 3678 fonte
1377 3626 1477 3679 motus
1507 3620 1537 3681 A

188 3702 338 3786 superius,
363 3711 454 3784 auget
477 3703 569 3765 etiam
592 3703 732 3786 physicos
763 3714 881 3765 motus:
910 3703 953 3765 sic
976 3720 1052 3764 nuno
1077 3703 1106 3764 in
1130 3713 1292 3779 menstrua,
1318 3705 1387 3788 quia
1409 3707 1535 3770 circulus

187 3791 418 3857 illuminationis
442 3812 558 3873 semper
580 3792 834 3873 perpendicularis
859 3792 916 3873 ipsi
930 3790 987 3854 FG
1010 3792 1156 3854 rationem
1180 3792 1272 3855 fontis
1296 3793 1406 3872 habet,
1431 3796 1536 3859 eadem

187 3882 399 3947 ecoentricitas
414 3882 470 3945 AB
490 3882 581 3944 habet
599 3902 684 3944 snam
704 3891 819 3944 certam
842 3881 1031 3944 altitudinem
1045 3901 1134 3963 snper
1152 3881 1274 3960 planum
1297 3883 1534 3956 illuminationis,

168 3990 266 4054 ,quae
290 3970 419 4033 altitudo
443 3979 490 4032 est
514 3970 585 4045 Ac,
610 3980 641 4032 et
664 3980 804 4053 operatur
832 3971 961 4033 elevatio
983 3968 1040 4034 Ao
1064 3969 1218 4053 physicam
1247 3973 1479 4037 retardationem
1505 3975 1533 4036 ln

186 4068 344 4125 menstrua
374 4060 535 4124 maximam
567 4059 646 4121 circa
669 4061 712 4134 F,
736 4079 793 4122 non
827 4061 924 4123 minus
954 4078 1043 4141 quam
1065 4060 1101 4120 in
1126 4059 1227 4121 soluta
1256 4061 1323 4141 ipsa
1355 4062 1532 4126 elevatioB

187 4170 280 4232 super
311 4150 341 4223 A
380 4159 521 4229 operatur
556 4149 789 4211 retardationem
826 4150 986 4211 maximam
1023 4149 1103 4212 circa
1139 4148 1177 4210 D.
1242 4150 1345 4232 ltaque
1382 4151 1534 4232 triangula

188 4236 278 4305 GHA
309 4239 362 4302 hc.
396 4258 471 4320 quae
505 4257 571 4300 oum
601 4238 679 4300 areis
708 4239 770 4299 snis
803 4239 971 4317 significant
1002 4238 1238 4301 retardationem
1269 4240 1442 4321 physicam,
1475 4261 1532 4303 non

187 4336 294 4391 urent
316 4348 373 4390 sua
394 4329 486 4389 otiam
518 4347 628 4401 causa,
661 4328 739 4408 quod
772 4327 916 4388 hacteuus
945 4347 992 4389 me
1016 4335 1148 4390 torserat
1180 4328 1277 4409 adque
1309 4329 1533 4410 confingendam

186 4415 370 4499 peculiarem
393 4415 647 4479 ecoentricitatem
676 4416 829 4495 adegerat.
876 4413 1021 4479 Omnibus
1044 4418 1156 4491 modis,
1180 4416 1341 4478 Maestline
1371 4427 1531 4499 praestan-

188 4506 320 4581 tissime,
353 4506 437 4567 dives
462 4514 565 4568 estet
588 4504 644 4567 sibi
668 4505 725 4584 ipsi
753 4504 1006 4568 sufficientissima
1037 4506 1163 4587 physica
1196 4505 1361 4585 speculatio
1391 4516 1531 4571 motuum.

187 4594 331 4677 Sequitur
352 4594 445 4675 igitur
469 4594 611 4656 calculus.
649 4594 684 4657 In
709 4613 744 4654 eo
763 4593 819 4655 hoc
843 4612 931 4655 unum
945 4595 1041 4670 deest,
1065 4596 1142 4676 qnod
1165 4594 1239 4657 data
1263 4596 1413 4659 anomalia
1434 4597 1534 4659 media

187 4704 256 4749 non⁴
271 4685 360 4748 aliter
383 4683 532 4747 invenitur
553 4683 703 4745 anomalia
727 4692 903 4763 coaequata,
928 4684 985 4745 nisi
999 4703 1052 4763 per
1076 4683 1145 4745 falsi
1170 4684 1312 4763 regulam,
1337 4693 1371 4747 ut
1393 4685 1422 4747 in
1438 4685 1533 4750 Com·

187 4775 346 4839 meritoriis
367 4773 477 4836 Martis
510 4773 673 4835 luculenter
703 4772 831 4834 ostendi.
878 4772 928 4834 Ad
951 4773 1084 4835 Tabulas
1115 4791 1185 4835 vero
1216 4775 1432 4838 constmendas
1460 4774 1534 4837 nihil

178 4883 244 4931 nos
266 4862 392 4947 impedit
413 4862 544 4945 incipere
568 4861 607 4927 ab
630 4860 781 4925 anomalia
803 4861 948 4939 ecoentri,
971 4880 1048 4945 quas
1076 4862 1147 4927 mihi
1168 4871 1219 4926 est
1241 4863 1411 4946 quantitate
1433 4865 1535 4929 media
