3368 5534
278 320 343 391 314
527 379 535 392 ,
758 315 798 373 De
815 315 925 372 lioubns
943 314 1037 373 Stollss
1054 316 1144 375 uuus

275 502 358 577 tale,
382 507 416 563 nt
443 499 584 580 planeta,
618 496 644 559 si
677 496 707 559 in
738 497 842 559 eadem
866 519 885 561 s
908 496 980 561 Sole
1003 497 1168 561 remotione
1199 506 1350 574 maneret,
1385 499 1627 583 aequabilissime

276 591 537 664 circumferretur,
570 589 682 650 nullam
714 607 856 649 sensurus
888 588 1104 663 intentionem,
1143 588 1255 650 nullam
1287 588 1498 654 remissionem
1532 601 1628 654 motus

276 679 406 743 Solaria.
444 677 533 750 Quod
557 686 658 739 autem
681 675 882 757 inaequalitas
907 677 1008 758 aliqua
1030 678 1166 756 inopere
1190 677 1279 757 hujus
1301 678 1423 741 virtutis
1447 689 1499 742 est
1521 681 1628 762 depre-

275 769 380 845 bensa,
405 768 433 829 id
459 767 571 829 accidit
589 786 626 828 ex
650 785 695 838 eo,
719 767 798 845 quod
820 767 945 847 planeta
968 785 1005 826 ex
1029 766 1090 826 alia
1109 787 1126 826 a
1142 762 1213 828 Sole
1237 767 1384 829 distantia
1406 769 1435 829 in
1459 770 1553 832 aliam
1576 770 1630 832 init

277 858 504 939 transpositus3
528 875 585 936 quo
608 864 698 936 pacto
722 855 751 915 in
775 855 867 916 alium
890 865 981 935 atque
1005 856 1097 916 alium
1120 855 1245 933 gradum
1271 857 1455 920 fortitudinis
1481 858 1571 939 hujus
1593 878 1628 920 ex

275 947 347 1010 Sole
367 945 488 1010 virtutis
511 944 625 1007 incidit.
664 941 829 1014 Quaeritur
844 963 924 1024 ergo,
949 943 975 1004 si
994 944 1083 1009 orbes
1107 943 1195 1006 solidi
1210 945 1282 1007 nulli
1306 956 1385 1022 suut,
1410 947 1490 1028 quod
1505 947 1628 1010 demon·

275 1036 386 1099 stravit
407 1035 562 1104 Brahens‚
596 1034 672 1096 unde
698 1033 833 1108 eveniat,
867 1044 901 1095 nt
924 1033 1047 1113 planeta
1070 1054 1089 1093 a
1112 1031 1184 1103 Sola
1215 1035 1361 1097 ascendet
1384 1045 1416 1097 et
1438 1036 1629 1099 descendat?

275 1146 345 1189 num
370 1125 460 1187 etiam
484 1125 541 1186 hoo
564 1143 601 1185 ex
624 1122 720 1185 Sole?
765 1121 838 1196 Est,
872 1122 1010 1202 inquam,
1034 1122 1181 1204 quomodo
1206 1142 1243 1184 ex
1267 1121 1361 1200 Sole3
1394 1133 1458 1200 est,
1483 1126 1628 1206 quomodo

275 1235 333 1278 uon
357 1235 394 1276 ex
418 1214 499 1277 Sole.

365 1302 506 1366 Clamant
523 1320 622 1363 rerum
645 1298 825 1362 naturalium
845 1299 984 1379 exempla
998 1299 1118 1361 ethaeo
1138 1299 1285 1361 hactenus
1305 1300 1439 1362 delibata
1453 1302 1629 1365 coelestium

276 1413 340 1458 cum
365 1394 411 1455 his
434 1391 628 1454 terrestribus
643 1389 793 1468 cognatio,
818 1389 965 1468 simplicis
981 1391 1114 1468 corporis
1139 1407 1195 1468 quo
1219 1390 1437 1452 communiores
1460 1400 1533 1453 sunt
1555 1410 1627 1472 ope-

275 1484 417 1557 rationes,
441 1483 498 1544 hoc
521 1499 589 1542 esse
621 1479 834 1560 simpliciores;
867 1478 1032 1540 varietates
1055 1495 1143 1552 vero,
1178 1478 1205 1540 si
1235 1497 1310 1558 quae
1340 1490 1412 1541 sunt
1438 1481 1508 1562 ejus
1530 1483 1580 1553 (ot
1602 1481 1627 1541 in

275 1582 357 1635 motu
386 1573 575 1654 planetarum
597 1569 718 1630 diversa
741 1588 760 1628 a
782 1566 855 1629 Sole
878 1567 1027 1629 distantia
1056 1586 1109 1630 seu
1133 1568 1375 1644 ecoentricitas)‚
1409 1570 1448 1632 ab
1479 1570 1628 1632 extraneis

276 1662 375 1725 causis
398 1661 530 1722 existere
553 1657 807 1720 concurrentibus.

364 1750 415 1813 Sic
439 1750 467 1811 is
492 1749 611 1811 flumine
627 1747 754 1827 simplex
778 1764 874 1825 aquae
897 1745 1068 1825 proprietas
1084 1751 1142 1819 est,
1166 1744 1204 1805 ad
1220 1752 1354 1807 centrum
1370 1747 1483 1808 Terrae
1504 1747 1628 1810 descen·

276 1842 356 1903 dere.
402 1839 483 1911 Quia
505 1856 576 1898 vero
601 1837 658 1898 iter
681 1836 745 1915 ejus
770 1835 915 1896 directum
937 1853 996 1895 non
1021 1843 1083 1906 est,
1109 1834 1240 1895 declinat
1264 1835 1351 1908 illac,
1376 1854 1434 1915 qua
1455 1836 1628 1916 depressum

276 1929 389 1992 invenit
422 1929 555 2000 alveum;
589 1932 730 2003 stagnat,
765 1923 813 1985 ubi
847 1924 875 1984 in
909 1923 965 1985 soli
995 1921 1241 2002 aequabilitatem
1272 1923 1391 1998 incidit;
1426 1925 1545 2005 rapitur
1566 1944 1629 1988 cum

276 2019 423 2098 strepitu,
456 2035 516 2097 qua
538 2014 725 2077 libramentis
751 2012 893 2074 incitatur
916 2011 1104 2092 pronioribus
1112 2030 1121 2085 ;
1150 2022 1198 2073 est
1221 2011 1269 2073 ubi
1295 2021 1409 2075 rotetur
1433 2015 1462 2076 in
1487 2016 1630 2095 gurgites,

278 2109 304 2172 si
327 2106 486 2189 perniciori
515 2106 601 2183 lapsu
630 2104 659 2164 in
688 2110 897 2183 procurrentes
925 2101 1066 2180 scopulos
1096 2100 1263 2180 impegerit.
1310 2102 1369 2165 Ubi
1397 2122 1476 2184 aqua
1509 2104 1579 2184 ipsa
1605 2103 1629 2164 ri

280 2198 373 2261 insita
395 2195 468 2258 nihil
491 2194 548 2257 nisi
574 2193 749 2254 descensum
774 2190 894 2253 molitur
917 2190 955 2251 ad
981 2190 1091 2252 Terrae
1115 2199 1250 2251 centrum
1280 2190 1409 2271 simplici
1436 2192 1630 2275 proprietate,

281 2287 411 2366 simplex
435 2303 525 2364 opus;
558 2281 719 2343 declinatio
742 2299 813 2341 vero
836 2289 868 2340 et
898 2279 1051 2358 stagnatio
1079 2286 1112 2340 et
1134 2287 1237 2341 aestus
1266 2289 1295 2341 et
1325 2280 1456 2343 vortices
1482 2291 1514 2343 et
1538 2282 1631 2344 omnis

280 2377 416 2438 varietas
444 2394 464 2434 a
491 2373 591 2435 causis
624 2370 789 2449 assignatis
820 2389 872 2430 seu
902 2367 1054 2430 extraneis
1079 2377 1110 2429 et
1141 2368 1314 2430 adventitiis
1344 2370 1447 2431 oritur.
1495 2371 1630 2452 Inprimis

279 2465 414 2548 jucunda
445 2472 475 2524 et
505 2470 607 2522 nostro
635 2460 757 2538 negotio
786 2456 1059 2521 accommodatiora
1085 2457 1264 2520 exhibentur
1286 2461 1462 2537 spectacula
1492 2460 1521 2522 in
1547 2460 1630 2521 uari-

283 2555 400 2636 giorum
423 2551 612 2632 impulsione.
650 2548 787 2610 Silonis
803 2567 855 2609 seu
878 2547 988 2609 rudens
1002 2565 1092 2625 super
1116 2548 1223 2609 flumen
1248 2556 1440 2609 transversus
1464 2549 1494 2611 in
1516 2549 1630 2612 sublimi

280 2643 415 2725 pendeat
447 2660 484 2702 ex
508 2648 633 2719 utraque
664 2637 730 2716 ripa
758 2655 866 2710 nexus,
900 2645 932 2697 et
954 2636 1090 2697 trochlea
1113 2654 1166 2716 per
1195 2637 1350 2699 rudentem
1381 2636 1553 2700 discurrens
1577 2640 1630 2700 alio

284 2735 355 2796 inne
370 2731 507 2814 cymbam
526 2728 555 2789 in
579 2726 698 2790 flumine
717 2735 889 2787 versantem
905 2725 1047 2798 retineat,
1072 2725 1200 2804 portitor
1213 2744 1284 2789 vero
1303 2726 1427 2808 cymbae
1444 2729 1630 2806 gubernacu-

285 2823 345 2884 lum
369 2841 421 2883 seu
445 2837 558 2882 remum
581 2815 699 2879 decenti
722 2815 809 2900 modo
829 2814 1012 2894 religaverit,
1037 2823 1140 2875 cetera
1163 2815 1297 2894 quietus:
1323 2816 1429 2897 cymba
1451 2817 1483 2878 vi
1506 2816 1630 2897 simplici

283 2910 414 2974 fluminis
429 2910 568 2971 deorsum
591 2905 689 2967 euntis
712 2905 779 2984 ipsa
793 2904 989 2965 transversim
1004 2910 1101 2982 rapta,
1126 2925 1145 2964 a
1167 2903 1233 2982 ripa
1256 2925 1315 2966 una
1330 2906 1358 2966 in
1376 2906 1504 2967 alteram
1531 2916 1630 2969 unns·

281 3001 415 3082 ponitur,
448 2997 585 3059 trochlea
608 3014 661 3073 per
686 2996 784 3055 funem
799 2993 957 3054 sublimem
980 2993 1166 3054 decurrente.
1205 2994 1240 3054 ln
1264 2994 1421 3056 latioribus
1444 3012 1517 3057 vero
1535 2997 1630 3057 flumi-

281 3090 367 3153 nibus
382 3088 505 3170 cymbas
528 3087 556 3146 in
572 3104 662 3167 gyros
687 3093 788 3161 agunt,
814 3083 868 3142 buc
893 3083 962 3143 illuc
985 3081 1146 3160 trajiciunt,
1173 3083 1252 3143 mille
1276 3083 1359 3145 lusus
1375 3092 1529 3158 exercent,
1554 3085 1628 3146 nullo

280 3180 364 3241 fundi
389 3185 442 3238 aut
465 3177 582 3237 litorum
607 3181 703 3247 tactu,
739 3172 793 3232 sed
817 3171 883 3232 sola
912 3170 985 3232 remi
1020 3189 1075 3250 ope
1113 3172 1269 3233 decursum
1302 3173 1432 3234 fluminis
1463 3174 1582 3235 unicum
1605 3184 1630 3233 et

281 3266 537 3347 simplicissimum
561 3263 590 3325 in
615 3283 670 3323 sua
692 3270 765 3322 vota
788 3266 1007 3322 convertentes.

373 3339 562 3418 Ad⁶eundem
587 3353 648 3413 fere
665 3351 782 3411 modum
806 3350 900 3411 virtus
925 3368 961 3409 ex
977 3347 1047 3409 Sole
1072 3349 1099 3409 in
1125 3349 1265 3410 mundum
1289 3369 1343 3429 per
1365 3351 1497 3429 speciem
1512 3371 1632 3431 emessa

282 3446 405 3525 rapidus
421 3443 540 3524 quidam
564 3451 681 3502 torrens
696 3447 753 3512 est,
773 3438 821 3518 qui
845 3440 985 3517 planetas
1009 3457 1112 3498 omnes
1128 3439 1262 3518 adeoque
1285 3449 1380 3499 totam
1405 3442 1508 3502 forsan
1533 3461 1630 3503 auram

283 3536 456 3597 aetheream
480 3532 518 3593 ab
542 3550 651 3592 occasu
675 3529 704 3590 in
728 3538 823 3589 ortum
849 3527 942 3606 rapit,
977 3546 1008 3587 se
1033 3527 1097 3605 ipso
1121 3547 1178 3589 non
1203 3537 1290 3607 aptus
1314 3547 1440 3606 corpora
1469 3531 1508 3592 ad
1533 3530 1630 3593 Solem

283 3626 430 3686 adducere
455 3623 503 3682 vel
527 3620 564 3681 ab
580 3638 615 3680 eo
631 3617 747 3698 longius
771 3617 952 3696 propellere;
977 3617 1054 3695 quod
1070 3624 1152 3677 esset
1177 3617 1308 3678 infinitae
1323 3618 1536 3681 sollicitudinis
1551 3639 1629 3699 opus.

283 3714 417 3778 Necesse
451 3730 521 3788 ergo
546 3720 607 3781 est,
638 3718 670 3768 ut
701 3708 842 3785 planetae
867 3706 923 3784 ipsi
953 3723 1006 3765 ceu
1039 3707 1185 3784 quaedam
1217 3706 1339 3787 cymbae
1370 3709 1540 3786 peculiares
1573 3710 1630 3771 vir·

287 3814 368 3865 tutes
393 3802 532 3862 metrices
560 3799 645 3879 quasi
669 3796 815 3878 quosdam
836 3804 972 3856 vectores
998 3814 1049 3855 seu
1074 3795 1235 3873 portitores
1258 3796 1400 3871 babeant,
1425 3816 1549 3876 quorum
1565 3816 1631 3878 pro·

286 3892 422 3954 videntia
445 3909 502 3952 uon
528 3898 643 3950 tantum
658 3905 798 3947 accessus
824 3886 861 3945 ad
879 3883 980 3946 Solem
1005 3892 1034 3943 et
1058 3902 1195 3945 recessus
1210 3904 1228 3944 a
1244 3883 1325 3957 Sole,
1351 3886 1518 3947 sedetiam
1543 3886 1632 3968 (qnod

285 3981 448 4043 secundum
479 3985 684 4057 argumentum
713 3994 779 4036 esse
808 3976 914 4054 queat)
943 3972 1157 4033 declinationes
1191 3973 1380 4034 latitudinum
1412 3975 1630 4048 administrant,

286 4082 318 4134 et
341 4071 427 4152 (quasi
451 4068 489 4129 ab
514 4087 572 4129 una
595 4067 660 4145 ripa
684 4065 712 4125 in
732 4064 833 4136 aliam,
858 4083 876 4122 a
899 4062 1101 4140 septentrione
1127 4063 1244 4142 iuquam
1268 4062 1296 4123 in
1317 4073 1452 4125 austrum
1467 4076 1500 4126 et
1519 4074 1629 4135 contra,

287 4164 397 4224 flumen
426 4159 481 4220 boc
506 4160 553 4228 (se
577 4156 642 4234 ipso
672 4154 767 4214 solum
792 4151 948 4232 eclipticas
973 4157 1103 4211 tractum
1133 4152 1276 4230 sequens)
1301 4151 1463 4232 trajiciunt.
1512 4150 1632 4217 Certum

285 4251 363 4313 enim
388 4257 435 4309 est
459 4266 496 4307 ex
520 4244 689 4317 antedictis,
714 4243 865 4313 virtutem,
891 4259 965 4320 quae
990 4259 1026 4299 ex
1046 4239 1127 4312 Sole,
1153 4239 1318 4318 simplicem
1343 4262 1421 4303 osse.
1469 4242 1542 4306 Jam
1565 4262 1631 4305 vero

284 4337 443 4403 eccentrioi
475 4335 633 4415 planetam
695 4350 752 4393 non
786 4340 902 4391 tantum
934 4328 1086 4391 declinant
1120 4328 1159 4391 ab
1191 4329 1347 4409 ecliptica,
1382 4331 1436 4392 sed
1474 4333 1570 4395 etiam
1605 4333 1630 4392 iu

284 4430 385 4492 varias
416 4427 524 4507 plagas
548 4431 633 4496 eunt,
682 4424 733 4483 eie
764 4431 865 4481 mutuo
889 4428 920 4478 ct
950 4417 1118 4497 eclipticam
1151 4418 1380 4481 interserentes.
1428 4420 1527 4501 lgitur
1559 4423 1631 4484 aliae

285 4538 395 4582 causae
419 4515 522 4578 virtuti
547 4511 664 4576 uictrici
687 4530 724 4571 ex
747 4508 818 4570 Sole
841 4508 1068 4586 conjunguntur.
