3368 5534
276 284 341 357 662
886 286 1025 373 napum..

277 478 360 533 motu
383 466 526 546 simplici,
551 468 606 530 sed
629 467 753 529 duorum
776 476 982 547 respectnum:
1013 475 1159 550 quatenus
1182 469 1273 549 igitur
1296 467 1443 549 simplex,
1469 468 1526 531 dat
1547 488 1631 530 unam

276 564 393 640 partem
417 556 622 636 aequationis,
647 557 786 636 opticam,
813 564 960 636 quatenus
985 557 1107 621 duomm
1130 566 1330 639 respectuum,
1352 559 1409 619 dat
1431 557 1512 620 duas
1533 568 1631 638 partes

277 646 466 729 aequationis
483 645 636 726 physicae.
676 643 738 707 Sed
762 664 836 725 quae
861 666 962 721 causa,
987 648 1065 728 quod
1083 648 1266 710 tantundem
1289 646 1365 708 facit
1389 647 1525 708 elevatio
1548 666 1632 727 super

157 732 161 744 ¹
277 755 405 816 corpus,
437 754 525 815 quam
554 752 643 812 super
674 734 816 796 circulum
840 734 1093 799 illuminationis?
1138 736 1186 798 An
1219 735 1333 798 circulo
1364 735 1423 797 toti
1457 735 1631 797 tantundem

278 825 385 887 virium
402 833 460 897 εει,
484 831 626 904 quantum
641 825 754 884 Terrae
770 833 803 885 ut
822 825 963 906 corpori?
1001 823 1063 888 Cur
1086 843 1158 903 ergo
1181 844 1238 886 non
1263 823 1355 886 etiam
1376 824 1475 887 trahit
1499 823 1632 893 circulus.

278 915 347 996 quia
362 912 499 994 ponimns
514 912 771 973 eccentricitatem
786 913 897 974 nullam
918 933 1025 976 novam
1040 914 1123 975 lieri?
1159 915 1208 976 An
1228 913 1339 975 tractio
1358 932 1521 994 corporum
1543 915 1632 975 allec·

278 1014 326 1066 tus
352 1012 409 1076 est,
433 999 569 1062 incitatio
590 1001 679 1062 etiam
703 1001 831 1075 luminis,
856 1021 928 1063 sane
953 1003 1022 1082 quia
1045 1022 1098 1082 per
1121 1003 1250 1083 speciem
1274 1002 1409 1083 corporis
1433 1012 1631 1073 emanantem,

230 1111 235 1120 ·
277 1102 311 1155 ut
334 1090 485 1175 etlumen
509 1098 558 1150 est
582 1090 721 1169 species?
768 1090 824 1150 llla
848 1109 920 1152 vero
945 1093 1053 1153 tractio
1083 1102 1132 1154 est
1154 1110 1206 1171 per
1236 1091 1446 1172 cognationem
1478 1092 1631 1153 internam.

277 1181 391 1245 Incitat
412 1178 505 1258 igitur
528 1177 626 1239 lumen
642 1179 782 1250 Telluris,
806 1189 895 1259 prout
910 1181 956 1240 vel
974 1182 1091 1243 cavitas
1111 1182 1159 1242 vel
1182 1180 1288 1260 gibbus
1312 1181 1350 1242 ab
1375 1180 1517 1243 exilitate
1540 1179 1631 1241 lineae

277 1271 307 1333 in
330 1267 556 1350 amplitudinem
580 1267 744 1348 ellipticarn
768 1280 799 1328 et
823 1269 949 1348 denique
972 1270 1148 1335 circularem
1167 1268 1322 1332 excrescit.
1359 1268 1501 1345 Dicerea,
1525 1268 1632 1331 incita-

278 1359 389 1422 tionem
418 1355 482 1418 fieri
510 1375 564 1436 pro
587 1357 706 1418 ratione
731 1356 875 1435 plraseos‚
908 1366 940 1420 ut
968 1358 1037 1438 quia
1059 1359 1089 1420 in
1114 1357 1239 1420 dimidia
1262 1357 1484 1421 illuminatione
1507 1357 1632 1439 simplex

277 1456 326 1510 εει
348 1445 505 1520 incitatio,
538 1445 630 1525 igitur
660 1447 688 1506 in
714 1447 802 1524 plena
825 1447 912 1507 Luna
936 1455 984 1508 εει
1007 1449 1118 1529 dupla,
1149 1456 1180 1510 et
1210 1449 1281 1528 quia'
1303 1449 1333 1509 in
1357 1444 1486 1509 dimidia
1509 1446 1633 1509 obscura

277 1536 417 1618 simplex,
440 1536 470 1596 in
495 1542 561 1596 tota
585 1534 677 1613 igitur
700 1534 828 1596 obscura
851 1536 951 1617 dupla.
988 1538 1066 1599 Nam
1083 1536 1232 1600 accrescit
1254 1536 1408 1599 dimidium
1431 1536 1542 1598 eadem
1565 1554 1630 1617 pro·

276 1626 424 1708 portione,
449 1642 508 1703 qua
524 1624 655 1704 duplum,
679 1623 709 1684 id
733 1632 780 1685 est
804 1624 883 1685 linea
906 1644 960 1704 per
983 1633 1066 1697 totas
1089 1627 1210 1706 ellipses
1233 1626 1265 1688 in
1289 1634 1387 1697 totum
1403 1625 1562 1689 circulum.
1593 1628 1631 1689 At

277 1716 382 1777 obstat
404 1714 462 1775 hoc
479 1712 605 1787 dicturo,
630 1713 717 1793 quod,
744 1713 769 1774 si
793 1713 938 1775 obscurae
960 1714 1020 1775 uiro
1046 1715 1144 1777 tribuo
1168 1715 1334 1778 luminosae
1357 1715 1532 1794 aequalem,
1556 1732 1631 1777 sem-

276 1824 330 1886 per
353 1803 446 1882 igitnr
468 1793 560 1862 co'rnu
585 1800 741 1862 obscurum
758 1820 823 1862 cum
837 1802 926 1881 gibbo
947 1803 1102 1878 luminoso,
1127 1812 1159 1865 ct
1181 1803 1315 1865 vicissim
1339 1821 1430 1864 cornu
1457 1803 1631 1864 luminosum

278 1913 344 1957 oum
358 1891 502 1971 gibbosas
520 1888 596 1951 facie
613 1891 740 1951 obscura
756 1891 869 1951 laciunt
883 1900 979 1952 totum
994 1893 1145 1955 circulum.
1183 1893 1250 1953 Nou
1275 1890 1367 1971 igitur
1391 1891 1514 1953 ratione
1537 1892 1630 1972 dupli·

278 1982 338 2044 cati
361 1980 411 2063 vel
434 1979 554 2040 luniinis
578 1981 625 2041 cel
656 1980 773 2040 obscuri
803 1989 981 2059 conspectus
1011 1983 1151 2059 provenit
1181 1980 1334 2062 duplicata
1363 1980 1553 2055 retardatio,
1584 1981 1629 2047 sed

278 2070 396 2133 rationo
420 2067 624 2131 inclinationis
649 2068 750 2129 circuli
774 2068 1011 2143 illuminationis,
1035 2072 1124 2150 plane
1149 2079 1183 2132 nt
1205 2071 1234 2131 in
1258 2068 1435 2131 variatione.

366 2160 415 2221 An
439 2158 518 2218 idenr
543 2157 585 2219 sit
613 2158 766 2235 negotium
796 2157 971 2218 variationis
1004 2171 1037 2221 ει
1064 2159 1178 2222 nutus?
1223 2157 1308 2220 Idem
1342 2157 1464 2238 quidem
1499 2157 1628 2220 circellus

277 2249 362 2312 utilis
386 2256 451 2323 est,
481 2247 510 2308 in
536 2247 726 2307 incrementis
750 2246 887 2325 quidem,
919 2247 1001 2309 sinus
1024 2246 1095 2324 FB,
1120 2247 1196 2322 OG,
1220 2246 1248 2308 in
1274 2247 1384 2309 effectu
1409 2265 1484 2309 vero
1508 2245 1566 2310 BG
1588 2247 1628 2308 rel

277 2337 354 2403 HC:
388 2337 468 2399 idem
500 2335 590 2398 etiarn
622 2335 750 2396 circulus
782 2335 1007 2398 illuminationis
1038 2338 1154 2417 utrique
1184 2356 1355 2399 mensuram
1378 2336 1512 2417 praebet
1534 2336 1627 2398 eodem

277 2427 385 2502 modo,
414 2445 481 2487 narn
506 2433 588 2486 totus
612 2425 740 2486 circulus
765 2425 847 2486 valet
870 2423 898 2484 in
926 2424 1115 2488 incrementis
1139 2426 1234 2488 sinum
1257 2426 1330 2500 FB,
1361 2425 1392 2487 in
1416 2427 1532 2489 effectu
1553 2426 1627 2497 nibil,

277 2517 388 2600 quippe
410 2512 597 2596 principium,
622 2514 700 2575 sicut
716 2513 808 2575 etiam
833 2514 862 2575 in
886 2522 968 2588 nutu,
993 2515 1040 2577 ubi
1065 2524 1146 2577 totus
1170 2523 1217 2577 εει
1239 2515 1369 2577 circulus
1394 2514 1626 2579 illuminationis.

182 2602 185 2607 ’
278 2607 321 2671 ibi
345 2623 511 2685 apogaeum
536 2611 584 2664 est
607 2602 748 2683 aequatio
769 2602 860 2677 nulla,
884 2602 1068 2664 incrementa
1083 2604 1221 2666 maxima.
1259 2608 1304 2666 nt
1327 2603 1466 2667 vicissim
1489 2605 1567 2667 haec
1587 2618 1626 2665 est

279 2694 457 2768 differentia,
484 2693 562 2773 quod
585 2693 615 2754 in
639 2700 712 2754 nutu
735 2692 881 2753 distantia
900 2693 926 2763 J)
951 2713 970 2753 a
992 2696 1016 2769 ὅ
1041 2703 1144 2772 partes
1167 2693 1259 2774 capit,
1284 2702 1317 2756 ut
1335 2692 1372 2755 de
1397 2691 1533 2775 integris
1554 2689 1625 2763 30οι

278 2786 310 2848 in
332 2783 499 2846 variatione
523 2801 593 2844 rero
618 2791 722 2861 partes
746 2781 835 2842 aliter
859 2781 926 2860 capi
950 2802 1009 2844 non
1033 2791 1167 2863 possent,
1191 2801 1279 2862 quam
1303 2781 1341 2843 de
1364 2778 1424 2845 11ο
1438 2782 1562 2848 minna:
1582 2794 1626 2845 aut

278 2876 303 2938 si
327 2873 455 2936 maxime
479 2890 532 2950 pro
557 2869 794 2933 accumulatione
819 2871 935 2932 sinuum
959 2867 1001 2935 90
1026 2890 1236 2951 usurparemus
1259 2871 1343 2933 sinus
1373 2878 1459 2935 totos
1484 2866 1547 2949 90,
1578 2890 1626 2933 non

276 2965 366 3045 plane
390 2960 512 3041 duplum
533 2960 585 3021 fiet
607 2956 657 3031 id,
688 2960 725 3020 de
755 2978 811 3039 quo
834 2968 938 3038 partes
966 2969 1087 3040 caperet
1115 2968 1214 3024 nutus.
1261 2959 1447 3032 Quaerenda
1470 2971 1523 3023 εει
1544 2960 1626 3041 igitur

277 3070 379 3132 causa,
400 3069 453 3112 cur
468 3048 496 3110 in
517 3057 589 3111 nutu
604 3048 732 3110 circulus
750 3046 978 3110 illuminationis
995 3050 1095 3112 valcat
1109 3058 1204 3112 toturn
1224 3050 1286 3123 (rel
1302 3049 1460 3112 dimidium
1475 3050 1624 3119 fortasse),
1648 3104 1653 3115 .

279 3143 311 3204 in
333 3139 501 3202 variatione
526 3138 629 3199 ualeat
651 3138 748 3200 minus
772 3157 860 3217 quarn
884 3132 954 3200 20⁰.

819 3331 870 3395 tu.
895 3335 971 3414 Apr.
999 3328 1093 3396 1620.

366 3496 455 3557 Anne
472 3492 601 3555 variatio
621 3491 777 3552 deducitur
792 3512 811 3551 a
835 3492 982 3570 quadrato
1006 3490 1099 3573 ipsius
1127 3487 1176 3565 19,
1201 3491 1279 3572 quod
1298 3498 1347 3553 est
1370 3487 1461 3555 361?
1487 3494 1556 3575 quia
1579 3512 1628 3555 non

280 3586 392 3648 Terrae
417 3590 533 3645 tanturn
557 3580 749 3655 illuminatio,
774 3581 827 3640 sed
852 3580 943 3641 etiam
967 3581 1070 3642 Lunae
1094 3580 1327 3656 consideranda,
1352 3582 1564 3662 agendumque
1585 3600 1630 3663 per

281 3673 397 3736 sinuum
420 3673 583 3753 quadrata,
618 3679 649 3731 ut
674 3670 769 3748 major
792 3671 845 3730 fiat
869 3678 967 3747 motus
990 3669 1018 3731 in
1044 3670 1174 3749 copulis.
1204 3669 1301 3731 minor
1324 3669 1443 3733 duratio
1469 3673 1628 3753 eclipautn.

283 3763 362 3846 quod
385 3762 541 3842 postulant
565 3758 801 3821 observationes.

370 3850 537 3931 Computa:
563 3847 756 3911 Acceleratio
772 3847 947 3928 quadrantis
964 3854 1012 3907 est
1026 3841 1065 3908 2⁰
1077 3841 1132 3909 40‘
1146 3843 1211 3910 59“
1234 3865 1287 3908 seu
1305 3842 1426 3923 9659‘2
1449 3848 1495 3910 sit
1518 3844 1630 3913 9000”.

281 3940 377 4022 Igitur
400 3941 548 4020 quadrata
572 3940 687 4000 sinuum
711 3933 754 4000 90
778 3936 880 3998 valent
903 3936 979 3997 hauc
1003 3954 1157 3997 summam.
1205 3935 1282 4008 Quis
1312 3935 1433 4000 docebit
1461 3957 1521 4001 nos
1550 3938 1630 4001 colli·

282 4049 353 4110 gere
377 4029 509 4091 breviter
533 4029 680 4108 quadrata
703 4026 845 4088 sinuum?
891 4024 1081 4086 Extendatur
1110 4025 1259 4106 quadrans
1290 4024 1319 4086 in
1344 4036 1459 4088 rectum
1484 4046 1553 4091 cunr
1576 4027 1631 4089 suis

283 4118 408 4180 sinibus.
443 4117 572 4179 Videtur
593 4117 800 4194 rectanguluru
816 4115 967 4177 continere
984 4133 1128 4175 summam
1143 4115 1356 4195 quadratorum
1370 4115 1503 4178 sinuum.
1536 4116 1630 4180 Facile

283 4208 317 4269 fit
337 4206 509 4289 pericnlum.
547 4208 626 4285 Aug.
652 4202 713 4267 30⁰
737 4215 784 4266 est
813 4200 843 4288 Ἰ,
875 4205 910 4264 de
935 4201 1004 4274 90⁰,
1028 4203 1093 4283 ejus
1117 4204 1200 4265 sinus
1224 4211 1271 4264 est
1302 4197 1332 4284 ¹l,
1362 4203 1399 4264 de
1423 4212 1505 4266 toto.
1542 4207 1631 4270 Atio

284 4296 459 4372 rectangulo
484 4295 565 4356 sinus
589 4313 660 4373 pars
685 4294 824 4356 abscissa
847 4294 905 4355 erit
932 4293 1023 4355 etiam
1054 4287 1106 4375 ¹l„
1138 4311 1204 4354 cnm
1231 4301 1332 4354 tamen
1362 4293 1484 4373 quidem
1510 4296 1577 4376 ejus
1596 4296 1633 4359 sit

290 4379 337 4465 ¹14.
373 4386 486 4445 Peccat
508 4383 599 4463 igitur
613 4382 793 4463 triangulum
808 4403 945 4444 excessu.
983 4381 1035 4443 Sic
1058 4400 1182 4461 agemus
1205 4400 1258 4462 per
1281 4380 1491 4461 logarithmoa.
1530 4384 1632 4466 Dupli-

286 4472 419 4534 cabimus
444 4473 640 4552 logarithmos
665 4473 793 4534 omnium
818 4473 1001 4552 integrorum
1031 4473 1175 4552 graduum
1204 4471 1397 4552 quadrantis,
1430 4492 1499 4535 cum
1524 4475 1561 4537 iis
1584 4494 1632 4535 ex·

286 4579 441 4640 carpemus
465 4581 602 4625 numeros
627 4581 736 4642 eosque
761 4562 915 4635 addemus,
939 4561 1023 4625 initio
1049 4554 1129 4624 facto
1153 4581 1172 4622 a
1195 4561 1334 4623 maximo.

375 4650 514 4713 Praecise
539 4651 725 4733 assequimur
749 4670 901 4713 numerum
926 4647 968 4715 90
991 4663 1022 4713 ει
1049 4651 1146 4730 prima
1173 4650 1318 4713 summula
1347 4661 1395 4713 est
1420 4651 1545 4715 ultimae
1568 4672 1632 4733 pars

288 4731 362 4800 45¹⁸.
400 4738 433 4801 Si
448 4741 626 4803 acceleratio
642 4736 784 4814 200000‚
809 4750 921 4821 quanta
944 4741 1044 4803 estin
1071 4736 1116 4814 1⁰,
1141 4750 1307 4802 sumeretur
1322 4741 1482 4821 nonagies,
1507 4742 1632 4822 prodiret

292 4820 473 4909 18000000,
498 4829 619 4913 duplum
643 4848 774 4895 summae
798 4849 836 4893 ea
855 4826 899 4894 90
921 4828 1127 4914 inaequalibus
1151 4829 1307 4908 collectae,
1330 4831 1403 4919 quia
1427 4850 1549 4915 semper
1571 4831 1632 4905 doc,
