3368 5534
165 304 207 370 12
599 300 1074 354 heomessaiiassaoeallma

162 502 219 565 ego
241 492 275 544 et
296 481 368 544 olim
391 480 518 560 etjam,
542 480 611 542 viro
635 490 667 542 et
688 482 808 543 conscio
831 482 984 563 Tychone,
1008 481 1168 563 Copernici
1191 501 1300 564 sequor
1321 481 1517 564 hypotheses.

165 575 271 654 ltaque
293 581 347 632 aut
369 570 522 632 diversum
545 571 584 631 ab
606 590 642 632 eo
665 571 745 653 quod
760 572 866 633 -sentio
889 571 919 633 in
946 570 1141 653 philosoplis
1165 571 1401 648 defendendum,
1424 582 1519 634 anta

163 661 353 742 Tengnaglio
375 659 590 721 discedendum
612 660 680 733 erit,
704 671 848 740 quantum
869 660 1031 741 prospicio.
1067 664 1170 742 Atque
1189 659 1264 722 illud
1285 681 1435 744 nunquam
1461 663 1519 723 ieci

164 770 221 813 nec
242 769 334 831 porro
356 749 533 823 admittam3
557 749 614 810 hoc
636 749 681 810 ita
703 750 822 825 (aciani,
845 761 879 810 ut
901 750 1060 824 dissidere,
1082 770 1142 812 non
1166 750 1267 812 odisse
1290 751 1392 812 dicas:
1418 762 1519 813 utrum

164 841 245 902 idem
268 850 301 899 et
323 838 375 899 ille
398 838 440 899 sit
462 838 597 899 facturus
619 837 732 900 nescio.
778 841 890 900 Tomos
920 838 1165 901 observationum
1194 841 1359 920 impressos
1389 841 1521 921 ipsemet

162 946 357 1010 percuperem
364 948 374 1002 ;
402 947 491 1009 quam
514 947 585 989 vero
608 947 692 1008 spem
715 928 772 990 tibi
795 929 832 990 de
855 929 1036 1008 Tengnaglii
1068 928 1223 989 voluntate
1246 930 1369 1002 faciam,
1402 931 1516 991 nescio.

165 1018 242 1080 aiiii
265 1027 380 1079 certum
402 1027 468 1092 est,
498 1017 556 1077 etsi
586 1017 795 1097 imprimantur
823 1018 904 1079 haud
938 1018 1028 1079 facile
1060 1030 1213 1097 repertum
1236 1018 1292 1092 iri,
1321 1020 1371 1099 qui
1394 1038 1433 1079 ex
1457 1019 1519 1080 illis

163 1108 285 1169 tabula
307 1106 461 1181 conficiat,
492 1106 552 1167 nisi
579 1118 712 1168 extreme
744 1107 901 1186 impudens
924 1116 956 1167 et
978 1109 1077 1169 famae
1100 1108 1277 1187 negligens3
1307 1128 1376 1169 nam
1399 1127 1520 1188 semper

165 1196 211 1258 illi
234 1216 313 1277 aqna
335 1196 473 1258 haerebit
494 1195 660 1277 quicunque
675 1196 809 1257 laborem
832 1198 1009 1277 susceperit.
1046 1197 1155 1260 tunm
1173 1196 1253 1258 idem
1266 1206 1300 1258 et
1313 1198 1520 1277 Tengnaglius

168 1286 210 1348 eit
229 1304 404 1366 persuasus,
427 1285 540 1346 nescio.
566 1320 607 1331 —

259 1371 1520 1439 camnembetsssuesdsosisrsbslmltnsolpninmpensntesigm

165 1442 565 1511 tenporsrpauusssprodiisse
592 1444 782 1494 modernum
809 1440 1029 1503 Νησαίη).
1058 1444 1520 1510 quamquanliaudparuuitecere

169 1515 533 1572 &unitasdiffieulm
552 1517 682 1581 dequibus
701 1516 1026 1581 aliolsooaguduiaerit.
1050 1515 1517 1581 Teaguaghrareron'uiineparein

165 1587 1520 1723 wammam

165 1730 283 1791 sinislra
298 1732 412 1788 ariaireu,
430 1676 670 1787 ramichvusssey,
689 1730 845 1780 viesolclies
863 1729 1003 1797 μῶυ
1017 1729 1105 1779 sollte:
1124 1729 1250 1783 danici.
1268 1732 1366 1780 rusie
1385 1731 1519 1796 &peutlicb

166 1825 253 1875 seyen,
271 1813 309 1861 sis
325 1813 406 1861 veui.
444 1811 478 1873 (ε
496 1811 572 1861 literis
589 1811 613 1861 d
633 1811 658 1860 d.
677 1806 703 1858 d.
722 1808 781 1859 Jusi
803 1807 894 1871 ¹⁸⁰3.)
930 1801 1018 1872 Quod
1032 1802 1179 1863 haeredes
1194 1804 1304 1864 attinet
1319 1803 1519 1882 Tychonicos,

164 1903 288 1966 nespas
305 1901 428 1966 Keplerus
450 1898 487 1962 (d.
507 1899 532 1948 5.
550 1898 625 1961 sul),
643 1911 719 1951 unus
733 1900 782 1951 est
800 1891 897 1952 instar
911 1892 1042 1952 omnium
1057 1891 1237 1952 franciscus
1254 1890 1397 1954 Gansneb
1413 1892 1518 1970 'leng-

164 1983 247 2063 nagl,
270 1983 364 2045 nobili
386 2000 495 2062 genere
518 1980 719 2062 Westphalns
742 1988 774 2040 et
795 1981 825 2041 in
847 1999 993 2061 praesens
1012 1979 1183 2044 Caesareae
1199 1980 1358 2061 Majestati
1380 1980 1519 2041 minister

163 2072 280 2135 aulicus
287 2092 297 2147 ;
329 2071 561 2135 mathematicus
590 2069 669 2132 enim
692 2088 751 2130 non
775 2069 841 2131 iult
862 2069 977 2130 audire.
1023 2068 1107 2132 Nihil
1130 2068 1254 2132 honoris
1278 2069 1335 2130 hae
1366 2070 1518 2131 mentione

164 2160 208 2223 E
232 2162 575 2314 Tffimmffiinin
593 2249 619 2297 is
641 2206 718 2296 nesi
735 2246 838 2310 uepres
857 2253 883 2294 e
901 2245 1008 2294 nissen
1031 2247 1130 2294 nomn.
1168 2245 1295 2295 rosen
1312 2246 1398 2296 mss
1414 2245 1519 2307 (nuso

164 2318 369 2386 lleepleaeo,
380 2330 473 2385 quanto
486 2321 578 2385 gaudio
590 2322 670 2382 ipsum
682 2318 813 2368 allatius
821 2316 988 2378 „Tycbouici'
1002 2317 1107 2366 Erikseu
1116 2326 1144 2366 et
1154 2316 1339 2382 Teuguagelius
1351 2332 1379 2367 se
1391 2319 1519 2367 usitautu

165 2395 348 2458 aurataque
368 2392 510 2454 „iucunda‘
529 2393 561 2440 de
573 2390 676 2453 Kepleri
694 2399 761 2438 statu
780 2388 871 2451 (comp.
884 2388 941 2436 voi
955 2387 987 2447 ll,
1000 2404 1026 2452 p.
1038 2385 1103 2448 432)
1122 2388 1240 2452 additque
1257 2388 1295 2437 liis
1308 2389 1394 2439 laudes
1412 2392 1519 2438 usitatas

164 2464 276 2528 Kepleri.
295 2464 394 2514 moduni
413 2464 464 2512 iere
482 2463 639 2512 excedentes.
666 2460 760 2520 Quibus
778 2469 859 2508 motus
879 2459 1000 2522 Keplerus
1019 2460 1094 2508 dubia
1111 2460 1142 2509 de
1160 2461 1303 2509 sinceritate
1322 2462 1395 2510 amici
1413 2464 1518 2523 rescrip-

164 2538 227 2585 sisse
246 2536 348 2593 ridetur,
370 2535 402 2583 ad
415 2549 479 2599 quae
492 2533 618 2582 Fabricius
637 2534 672 2580 sic
691 2533 816 2594 respoudit
828 2529 910 2591 (issi.
924 2532 981 2594 Aug
1005 2528 1100 2589 iton:
1121 2530 1222 2585 Scribis,
1241 2546 1280 2580 rue
1292 2531 1354 2581 iuste
1373 2534 1517 2596 instigatum

166 2607 242 2656 luisse
262 2621 279 2656 a
296 2606 328 2656 D.
342 2605 513 2670 Tengnagelio
532 2605 564 2653 ad
583 2614 609 2652 te
627 2603 786 2652 laudandum.
823 2602 896 2650 Absit
913 2602 959 2650 boc
979 2615 995 2649 a
1012 2617 1053 2650 uie
1073 2600 1105 2650 D.
1120 2601 1236 2665 Keplese.
1254 2617 1301 2652 uec
1319 2605 1447 2667 quisquam
1466 2604 1518 2651 tale

164 2676 587 2742 tilideiaspersuadeatrelim,
614 2673 838 2727 rneessetalem
866 2673 1042 2736 quiiuullius
1069 2674 1333 2737 pratiamrelodiuni
1355 2675 1517 2738 diquenirel

164 2749 317 2801 laudandum
335 2750 373 2798 rel
392 2747 579 2812 vituperandum
603 2747 727 2808 suscipere
750 2745 845 2794 rellem.
883 2744 957 2793 Esset
978 2744 1038 2792 illud
1060 2743 1165 2794 bominis
1183 2760 1232 2793 nou
1255 2746 1340 2794 insulsi
1364 2746 1455 2805 solum,
1474 2745 1518 2793 sed

165 2821 329 2871 muriunt
367 2818 439 2880 Quae
458 2819 501 2868 tibi
520 2818 592 2866 tribui
612 2826 638 2867 et
656 2818 798 2865 etiamnunc
816 2815 910 2869 tribuo,
934 2814 992 2864 illud
1011 2816 1097 2863 merito
1116 2815 1144 2864 fit
1162 2824 1188 2864 et
1202 2819 1258 2878 jure
1276 2819 1382 2881 optimo;
1407 2832 1446 2866 res
1464 2819 1519 2880 ipsa

131 2886 134 2891 ’
164 2893 260 2956 probat
297 2891 439 2940 Ostenduut
456 2890 483 2939 id
500 2890 554 2937 libri
572 2890 608 2937 tui
627 2888 696 2941 editi.
715 2888 781 2949 pleni
800 2886 943 2934 eruditionis
962 2887 1091 2935 abstrusae
1104 2885 1149 2936 dc.
1175 2886 1263 2936 Testor
1280 2903 1349 2943 sane,
1367 2887 1516 2953 Tenpnage.

165 2957 1442 3026 liuisituncteruporisoptimointeluisseaiiimo.etquidemtalimodo,ntprosimescripsi.
1469 2960 1516 3018 Qui

164 3050 223 3084 saro
241 3037 335 3083 tactum
353 3035 435 3087 tuerit.
454 3033 688 3081 utillaaniuiaruui
706 3031 856 3078 amicissima
871 3030 934 3076 atui
948 3042 1032 3079 amore
1049 3028 1169 3077 destituta
1186 3030 1267 3085 luerit,
1286 3045 1333 3095 ego
1347 3045 1409 3080 sane
1421 3032 1517 3079 odorari

163 3120 214 3156 auu
231 3101 339 3170 maun.
356 3120 402 3155 aec
422 3120 451 3154 ex
468 3103 639 3168 praesentilm
654 3100 818 3167 Teugnagelii
838 3100 916 3149 literis
934 3101 967 3150 ad
984 3114 1025 3149 me
1043 3100 1081 3149 rel
1099 3103 1225 3150 minimum
1243 3116 1392 3167 cognoscere
1409 3117 1517 3166 possum

168 3180 278 3227 animun
295 3179 373 3241 ipsius
391 3177 526 3225 alienatum
546 3189 609 3223 esse.
646 3172 711 3222 Sunt
727 3173 796 3221 baud
818 3172 891 3220 dubie
909 3173 934 3222 iu
951 3174 999 3221 isto
1017 3173 1067 3220 viro
1085 3171 1177 3221 heroici
1203 3174 1278 3221 animi
1296 3182 1377 3222 motus
1395 3175 1517 3223 subitanei

166 3251 193 3298 b
209 3259 341 3313 atramque
359 3255 464 3311 partem.
484 3257 510 3296 et
528 3247 620 3311 ingenii
639 3245 755 3294 diviuitas
773 3243 896 3308 quaedam
914 3246 940 3293 iii
958 3245 1011 3307 ipso
1029 3251 1075 3292 est
1101 3243 1178 3308 Spero
1196 3245 1289 3308 itaque,
1307 3244 1363 3293 illas
1380 3245 1517 3294 simultatn

167 3321 247 3369 nesso
266 3328 364 3369 umas
382 3319 524 3382 mosum
543 3319 580 3366 iri

257 3400 297 3449 Aa
314 3400 379 3452 haee
397 3398 520 3463 Keplerus
537 3399 573 3447 sie
594 3395 720 3463 responde
737 3393 774 3459 (t.
793 3394 850 3444 Oea
871 3390 970 3454 teon:
989 3383 1181 3448 Offensiones
1209 3407 1275 3449 cum
1304 3389 1518 3467 Tengnagelio,

168 3480 246 3564 quod
277 3481 403 3555 scribis,
435 3488 553 3557 tempus
583 3486 615 3538 et
646 3495 714 3537 mea
744 3476 787 3539 uti
820 3496 907 3557 spero
931 3474 1090 3555 integritas
1118 3485 1149 3537 et
1177 3477 1291 3538 candor
1321 3477 1517 3558 dispulerunt.

168 3570 343 3634 liubecnlas
366 3579 467 3631 tamen
490 3586 609 3648 semper
632 3564 750 3645 aliquas
769 3567 895 3628 exhalat
916 3565 999 3628 locus
1024 3564 1185 3627 lacunosus
1201 3595 1244 3609 -
1261 3566 1376 3648 reliqua
1398 3566 1518 3646 inquam

171 3659 296 3721 (smilis.
341 3661 388 3722 De
412 3657 515 3738 genesi
539 3666 639 3717 tamen
662 3655 728 3734 ejus
751 3656 826 3717 haec
850 3654 958 3735 scripsi
981 3655 1079 3715 serio:
1105 3654 1255 3717 Saturnus
1278 3656 1413 3717 elevatus
1438 3656 1467 3716 in
1492 3659 1518 3727 8

171 3749 282 3811 Martis
306 3748 517 3810 infelicitatem
539 3747 629 3806 affert
650 3756 682 3804 et
704 3745 845 3806 duritiem
875 3743 984 3815 animi;
1018 3744 1040 3817 b
1063 3744 1093 3804 in
1116 3748 1146 3820 <s
1168 3741 1189 3821 li
1213 3746 1409 3824 suspiciones.
1457 3745 1519 3806 Sed

170 3838 241 3921 qnia
264 3838 356 3900 etiam
380 3845 405 3906 ο·
430 3838 458 3899 in
484 3836 586 3901 sextili
612 3834 654 3907 ’4,
687 3833 732 3893 ita
763 3846 796 3894 nt
819 3836 859 3895 sit
883 3838 917 3903 Δ
937 3829 957 3898 ᾗ
980 3831 1024 3905 Ἰ,
1054 3833 1144 3913 plane
1175 3835 1217 3894 uti
1250 3834 1357 3895 scribis
1387 3833 1518 3894 divinum

170 3937 256 3989 notat
280 3928 445 4007 ingenium,
469 3925 547 4007 quod
571 3934 674 3985 natum
697 3923 739 3984 sit
760 3943 869 4004 magna
893 3924 922 3983 in
945 3920 1062 3983 artibus
1085 3942 1223 3999 morere,
1247 3923 1272 3983 si
1296 3924 1458 3984 infelicitas
1482 3942 1519 3982 ei

170 4013 191 4095 Β
215 4037 275 4079 non
299 4018 444 4078 obstaret.
482 4015 612 4077 Occasio
637 4014 860 4075 contentionum
884 4032 921 4072 ex
940 4010 1029 4071 malis
1053 4012 1185 4074 familiae
1209 4010 1341 4075 moribus
1364 4025 1395 4073 et
1417 4014 1518 4093 suspi-

169 4106 310 4181 cacitate,
333 4115 365 4167 et
379 4126 446 4167 mea
469 4105 601 4166 vicissim
626 4103 804 4182 impotentia
822 4111 853 4163 et
869 4101 1033 4162 insultandi
1056 4101 1189 4162 libidine.
1224 4102 1282 4164 His
1304 4102 1518 4182 superi-eniens

169 4195 392 4276 Tengnagelius
419 4204 596 4274 argumenta
619 4212 691 4253 sane
715 4212 773 4254 non
804 4191 882 4254 lesia
914 4190 1047 4264 ini-enit,
1080 4190 1158 4252 mule
1191 4191 1229 4251 de
1257 4210 1303 4252 me
1333 4190 1515 4271 suspicandi.

169 4284 370 4349 Possidebam
393 4283 629 4357 observationes,
654 4302 833 4360 negaveram
856 4300 904 4342 me
928 4299 964 4340 ea
979 4279 1175 4360 possessione
1198 4300 1351 4342 cessurum
1375 4281 1516 4342 haeredi·

169 4375 245 4451 bus;
269 4395 351 4438 eram
375 4375 404 4437 in
428 4394 480 4454 spe
505 4372 627 4434 salarii:
652 4371 710 4452 ipsi
735 4371 867 4433 vicissim
891 4388 928 4430 ex
945 4370 1015 4430 aula
1038 4369 1112 4430 nihil
1135 4370 1331 4450 accipiebant.
1362 4369 1424 4431 Sed
1444 4371 1518 4430 illud

171 4465 308 4545 peccavit
322 4465 511 4535 franciscus,
536 4461 613 4543 qnod
632 4469 703 4542 post
726 4479 842 4523 omnem
866 4458 1104 4520 satislactionem
1129 4479 1186 4520 non
1210 4459 1370 4540 acquievit,
1394 4460 1447 4519 secl
1472 4480 1519 4520 nie

170 4554 334 4615 terroribus
349 4553 444 4615 illatis
459 4552 497 4612 ad
515 4551 643 4612 levicula
665 4549 776 4629 aliqua,
800 4569 875 4630 quae
890 4547 962 4609 mihi
978 4547 1135 4609 restabant
1151 4547 1343 4628 praestanda,
1368 4567 1516 4628 nunqnnin

171 4643 254 4722 prius
277 4642 420 4704 monitum
444 4661 481 4703 ex
505 4640 631 4719 abrupto
647 4635 776 4717 'adigere
800 4637 966 4711 contendit,
995 4635 1120 4719 perinde
1143 4656 1178 4697 ac
1201 4637 1228 4697 si
1252 4637 1310 4698 sile
1337 4639 1517 4718 mancipium

170 4732 317 4869 fu'minaliii
335 4819 472 4884 Kepleros.
495 4832 538 4883 per
561 4816 653 4881 aliquot
677 4829 754 4864 anuos
773 4828 824 4864 sein
848 4815 969 4866 intactam
993 4813 1133 4878 relinquen
1155 4812 1253 4862 demum
1271 4824 1337 4863 auno
1359 4809 1434 4860 isos.
1455 4814 1519 4863 redit

173 4890 206 4943 ad
224 4890 269 4941 bas
287 4891 434 4947 molum,
454 4889 565 4940 Fabricio
583 4888 711 4953 quaerenti
731 4884 778 4943 ,ds
794 4892 862 4936 statu
874 4884 1084 4949 belismum·
1104 4885 1129 4935 d.
1143 4882 1168 4934 7.
1182 4881 1254 4936 fabr.
1272 4883 1336 4936 base
1353 4884 1518 4950 mntem:
