3368 5534
577 314 639 375 Pars
654 315 746 374 Prima.
785 319 867 387 caput
884 312 918 371 V.

69 502 191 566 itineris
216 499 378 582 planetarii
400 498 667 582 aequipollentem,
692 501 829 563 diversae
854 508 954 562 tamen
983 519 1079 580 appa-

70 593 213 665 rentiae;
250 591 340 672 idque
376 590 597 672 praestabimus
629 590 827 653 translatione
863 591 947 651 visus
983 609 1020 651 ex
1051 615 1081 653 α.

70 683 240 744 Possemus
273 680 351 742 idem
384 697 438 760 per
466 679 554 742 linem
587 678 694 758 capitis
718 679 791 754 llI.,
821 679 912 741 etiarn
941 688 1081 742 manente

67 773 138 832 uisu
155 771 186 833 in
203 795 223 831 α
238 777 270 831 et
288 770 440 831 translato
464 767 640 842 eccentrico,
666 768 812 849 lineisque
835 769 990 846 parallelis
1014 789 1080 831 ma-

67 861 221 933 nentibus,
246 868 281 921 ut
296 859 340 920 ita
356 858 514 920 eccentrioi
529 857 698 938 quantitate
714 866 853 918 manente
873 858 950 919 situs
966 858 1080 920 solum-

68 950 160 1011 modo
183 949 327 1011 varietur.
374 947 463 1019 Quod
487 955 586 1009 autem
615 946 679 1025 jam
708 947 909 1020 instituimus,
941 947 984 1008 sic
1008 965 1079 1026 per-

42 1039 219 1103 .ticiemns.
275 1037 423 1118 Suscepto
462 1037 528 1098 loco
565 1034 647 1096 visus
685 1044 772 1097 extra
802 1035 932 1114 priorem
970 1036 1079 1098 lineam

69 1127 221 1208 apsidum,
245 1127 295 1206 qni
319 1127 361 1187 sit
373 1128 402 1204 β,
425 1133 459 1187 ut
474 1127 513 1204 βγ
536 1125 576 1187 sit
596 1125 749 1205 quantitas
774 1126 835 1186 alia
859 1126 896 1186 ab
912 1148 958 1202 ay,
983 1145 1078 1187 novae

70 1216 193 1280 scilieet
230 1214 468 1278 eccentricitatis
496 1215 545 1275 vel
576 1232 671 1275 novae
701 1213 916 1276 semidiametri
954 1216 1079 1296 epicycli

70 1305 213 1386 majoris,
247 1324 372 1385 agemus
395 1323 449 1384 per
471 1305 510 1383 βγ
532 1321 640 1365 novam
673 1303 783 1364 lineam
813 1304 948 1383 apsidum
972 1305 1022 1380 βᾶ,
1047 1313 1080 1365 et

70 1397 133 1457 ind
154 1394 322 1456 scribemus
343 1394 508 1474 epicyclum
526 1392 618 1472 priori
637 1395 804 1471 aequalem,
843 1391 988 1463 Quamvis
1007 1412 1077 1455 vero

70 1493 207 1547 centrum
232 1483 357 1565 epicycli
380 1482 492 1547 hiosit
511 1481 573 1543 ind
596 1482 710 1562 apside,
734 1491 911 1543 nontamen
935 1502 1078 1561 ponemus

66 1575 131 1653 jam
162 1574 319 1654 planetam
341 1572 371 1633 in
403 1577 513 1650 puncto
545 1570 639 1651 ipsiy
668 1572 803 1651 proximo
832 1580 867 1633 ut
893 1573 994 1651 prius,
1024 1574 1077 1634 sed

70 1663 263 1725 considerato
292 1661 400 1741 angulo
429 1665 499 1740 spo,
533 1660 653 1740 duplum
681 1659 709 1720 ei
739 1669 906 1723 statuemus
938 1663 1079 1741 angulum

71 1757 137 1831 007
159 1770 268 1814 versus
291 1773 316 1826 a,
341 1759 372 1812 ct
394 1751 547 1830 planetam
570 1749 600 1810 in
623 1755 648 1810 θ
671 1750 846 1823 locabimus,
870 1751 986 1831 quando
1011 1752 1076 1831 epi-

70 1843 174 1924 cyclus
204 1849 253 1902 est
275 1840 304 1902 in
329 1845 347 1901 d
376 1839 479 1919 apside
488 1859 497 1914 ;
527 1839 570 1900 sic
602 1838 680 1900 enim
711 1840 909 1902 collocaretur
937 1842 1070 1921 planeta,
1096 1845 1217 1907 etiamsi
1241 1847 1323 1911 visus
1347 1850 1377 1912 in
1403 1876 1423 1914 a

70 1943 101 1993 et
124 1931 280 2012 epicyclus
302 1929 333 1991 in
353 1934 371 1991 t
393 1938 485 1990 esset.
524 1928 590 1989 Hoc
613 1928 715 2009 itaque
740 1938 830 2008 pacto
850 1930 889 1991 ad
908 1949 1036 2008 unguem
1058 1935 1165 1997 eadem
1188 1937 1302 1999 veritas
1326 1950 1427 2003 manet

70 2020 232 2100 compositi
253 2018 373 2081 itineris
394 2017 570 2099 planetarii,
602 2017 781 2096 apparentia
807 2038 879 2081 vero
906 2028 1059 2084 mutatur:
1091 2025 1209 2103 quando
1234 2027 1311 2089 enirn
1335 2029 1425 2091 incli-

71 2119 182 2172 nantur
204 2108 302 2171 lineae
326 2107 470 2183 visoriae,
504 2116 538 2168 nt
564 2106 613 2168 hic
636 2107 694 2183 βθ,
718 2112 769 2169 αθ
791 2110 840 2171 uel
863 2111 912 2187 βη,
937 2132 995 2187 aq,
1026 2122 1096 2175 tunc
1131 2114 1224 2176 etiarn
1243 2116 1277 2177 in
1302 2118 1423 2182 diversa

72 2201 138 2262 loca
162 2198 219 2261 snb
242 2198 308 2261 lixis
332 2197 476 2259 incidunt.

160 2286 316 2368 Objicias,
344 2287 436 2349 etiam
464 2304 530 2347 cnm
561 2283 690 2348 visoriae
719 2286 815 2348 lineae
845 2287 1011 2367 parallelae
1042 2299 1124 2366 sunt,
1157 2292 1188 2362 in
1211 2292 1333 2357 diversa
1355 2294 1424 2358 loca

71 2378 125 2440 sub
149 2378 218 2439 lixis
241 2377 389 2450 incidere;
412 2395 469 2437 nou
494 2375 585 2454 igitur
607 2393 681 2454 opus
706 2394 772 2436 esse
797 2377 836 2437 ad
860 2378 924 2451 hoc,
950 2386 984 2439 nt
1007 2380 1045 2441 ad
1069 2400 1101 2442 se
1118 2388 1220 2444 mutuo
1236 2383 1425 2449 inclinentur.

72 2466 274 2548 Respondeo:
306 2484 409 2527 verum
436 2464 555 2545 quidem
580 2464 635 2526 hoc
660 2473 722 2538 est;
746 2465 800 2525 sed
824 2473 894 2528 tnnc
920 2467 1117 2549 interceptum
1146 2471 1276 2550 spatium
1300 2474 1425 2548 fixarum

73 2558 151 2618 inter
180 2563 336 2636 utramque
367 2554 476 2616 lineam
499 2573 591 2635 penes
614 2553 712 2615 visum
735 2574 793 2616 non
818 2565 866 2617 est
889 2557 1044 2634 sensibile,
1070 2560 1128 2621 nisi
1152 2562 1299 2624 distantia
1320 2565 1425 2643 paral·

70 2646 200 2708 lelorum
223 2645 265 2706 sit
287 2645 327 2706 ad
351 2643 606 2705 semidiametrum
628 2645 752 2705 lixarum
776 2645 937 2708 sensibilis.

158 2735 196 2796 In
220 2726 459 2796 consideratione
482 2732 616 2815 physica,
641 2740 761 2812 praeter
785 2753 829 2807 ea,
856 2754 931 2815 quae
956 2756 1022 2817 cap.
1038 2738 1095 2800 ΙΙΙ.
1119 2736 1209 2813 dlc'ta,
1235 2739 1290 2801 hoc
1306 2756 1424 2823 quoquc

71 2827 109 2886 ad
132 2823 356 2905 impetrandam
378 2823 454 2887 hanc
476 2820 593 2885 itineris
617 2821 807 2885 identitatem
831 2823 861 2885 in
876 2825 994 2888 variata
1013 2828 1191 2906 apparentia
1205 2828 1262 2891 erit
1281 2837 1422 2893 statuen-

71 2915 155 2988 dum,
187 2921 332 2988 mentem,
366 2912 414 2975 cui
437 2911 532 2975 minor
555 2911 705 2993 epicyclus
729 2920 779 2973 est
800 2915 993 2989 commissus,
1023 2917 1166 2978 adalind
1190 2927 1333 2999 punctum
1356 2940 1424 2983 am-

71 3005 152 3065 bitus
176 3003 341 3082 respicere,
372 3022 461 3084 quam
489 3008 621 3062 mentem
647 3001 768 3081 majoris
797 3002 937 3086 epicycli:
968 3005 1137 3068 restituitur
1165 3008 1244 3069 enim
1275 3008 1425 3090 epicyclus

71 3094 169 3173 major
196 3093 247 3153 vel
275 3092 482 3156 eccentricitas
512 3091 542 3153 in
566 3090 698 3152 secunda
719 3090 869 3170 positione
893 3094 932 3155 ad
955 3095 1066 3156 lineam
1088 3097 1147 3173 βὸ,
1170 3097 1266 3159 minor
1289 3117 1360 3158 vero
1385 3099 1425 3161 ad

71 3184 184 3244 lineam
206 3203 266 3257 ca,
295 3201 354 3243 non
376 3183 549 3263 pervisum
574 3187 790 3256 transeuntem,
815 3184 885 3262 qnia
908 3184 989 3246 visus
1012 3185 1042 3246 iu
1066 3186 1199 3246 secunda
1220 3186 1372 3266 positione
1394 3188 1425 3250 in

70 3274 89 3348 β
110 3271 251 3352 ponitur,
284 3290 351 3333 cum
374 3272 404 3333 in
426 3271 524 3352 prima
546 3269 694 3348 positione
719 3270 800 3342 (visu
820 3272 848 3332 in
873 3297 892 3334 α
916 3274 1098 3347 constituto)
1123 3283 1247 3355 uterque
1271 3277 1422 3358 epicyclus

71 3361 109 3422 ad
132 3361 262 3422 eandem
286 3383 329 3423 aa
352 3361 569 3422 restitueretur.
608 3359 677 3420 Non
700 3358 802 3438 itaque
826 3361 1003 3443 simpliciter
1026 3363 1132 3425 eadem
1156 3365 1252 3426 forma
1276 3366 1425 3446 hypothe-

72 3469 140 3512 seos
175 3449 299 3532 physice
329 3458 447 3524 manet,
475 3459 508 3511 ut
535 3448 614 3510 idem
647 3447 704 3509 iter
735 3449 877 3528 planetae
911 3453 1090 3514 obtineatur.
1136 3451 1253 3523 Quodsi
1282 3456 1371 3517 etiarn
1395 3455 1425 3517 in

72 3541 207 3602 secunda
230 3538 378 3618 positione
402 3540 480 3601 idem
504 3538 640 3599 imitatus
664 3538 756 3599 fueris
788 3540 974 3603 restituendo
1007 3550 1164 3623 utrumque
1199 3544 1363 3625 epicyclum
1387 3544 1427 3606 ad

72 3630 199 3692 eandem
223 3628 332 3691 lineam
357 3629 493 3709 apsidum
508 3630 560 3705 βό,
584 3645 655 3706 ergo
674 3636 813 3689 manente
833 3629 937 3693 eodem
961 3632 1128 3693 eccentrico
1146 3632 1295 3714 utrinque,
1320 3634 1424 3715 eodem

72 3720 165 3781 etiam
195 3717 357 3800 epicyclio,
390 3718 465 3781 situs
496 3718 636 3798 planetae
660 3716 690 3777 in
714 3717 858 3800 epicyclio
889 3721 946 3783 erit
979 3720 1056 3782 alins
1087 3731 1177 3802 atque
1207 3723 1284 3784 alins
1308 3742 1366 3785 nno
1391 3730 1423 3786 et

72 3810 179 3871 eodem
202 3815 370 3882 momento;
393 3808 495 3889 itaque
519 3823 663 3885 expressa
686 3807 792 3868 eadem
811 3809 907 3871 forma
930 3810 1132 3892 hypotheseos
1154 3811 1359 3874 Ptolemaicae
1383 3814 1424 3874 ad

72 3917 201 3978 unguem
224 3897 255 3959 in
279 3898 411 3960 secunda
443 3896 608 3978 positione,
641 3895 699 3957 iter
726 3897 822 3976 ipsum
851 3900 993 3978 planetae
1027 3899 1202 3963 variabitur.
1248 3901 1327 3963 Hinc
1351 3921 1423 3983 ergo

28 4043 32 4049 .
72 3987 220 4051 inferetur
242 3987 330 4060 iufra,
356 3988 472 4069 qnando
496 3984 615 4067 quidem
644 3985 741 4064 prima
773 3988 960 4066 planetarum
989 3988 1191 4070 inaequalitas
1216 3992 1334 4053 omuino
1359 3993 1424 4054 sal-

72 4079 174 4140 vanda
195 4076 240 4138 sit
261 4094 316 4155 per
346 4076 542 4158 compositam
571 4074 752 4155 hypothesin
775 4095 841 4159 cap.
867 4079 922 4152 IV,
953 4078 1044 4158 igitur
1073 4098 1131 4154 uon
1162 4097 1251 4159 posse
1276 4081 1356 4156 fieri,
1391 4089 1425 4141 ut

71 4169 170 4247 prima
192 4165 396 4246 inaequalitas
427 4165 613 4248 expendatur
643 4183 737 4245 aeque
762 4163 790 4226 in
814 4168 913 4229 media
936 4187 970 4228 ac
995 4166 1023 4228 in
1048 4169 1205 4248 apparenti
1236 4170 1424 4251 oppositione

72 4257 265 4338 planetarum
288 4274 354 4317 cum
377 4254 468 4319 Sole:
501 4253 559 4315 nisi
588 4251 676 4314 simul
701 4254 748 4315 vel
771 4254 839 4334 ipsa
870 4257 969 4319 orbita
1000 4257 1142 4337 planetae
1173 4258 1235 4319 situ
1259 4278 1312 4321 suo
1337 4277 1423 4321 emo·

72 4355 180 4409 reatus
202 4344 391 4419 (differenter
413 4366 433 4407 a
454 4342 574 4409 circulis
602 4341 737 4404 theoriae
761 4342 858 4421 Solis)
882 4347 931 4409 vel
953 4355 1085 4409 mutetur
1114 4349 1211 4409 torma
1234 4348 1424 4411 Ptolemaica

75 4435 183 4519 capitis
204 4433 263 4497 lV.
1199 4498 1201 4503 .

159 4524 265 4605 Atque
290 4523 347 4585 hac
371 4524 467 4587 torma
488 4520 734 4602 transpositionis
757 4521 978 4588 Maestlinns
1008 4532 1057 4586 est
1083 4542 1170 4599 usus,
1205 4544 1270 4587 cnm
1302 4524 1332 4586 in
1355 4542 1423 4589 meo

76 4614 230 4946 llffi
245 4610 500 4695 Cosmograpbico
524 4610 763 4675 tabulamillam
786 4613 895 4693 capitis
917 4615 989 4678 XV.
1019 4614 1191 4677 conficeret.
1238 4612 1423 4694 Oopemicus

78 4705 119 4853 efiu'
226 4721 275 4765 um
297 4701 483 4766 Ptolemaica
511 4703 542 4766 in
574 4719 659 4764 suam
688 4702 1096 4793 generalem-,hypothesium
1125 4703 1252 4764 sormam
1282 4703 1423 4778 traducit,

231 4811 282 4854 nm
303 4793 500 4856 constitutum
524 4812 591 4855 esse
615 4788 645 4850 in
664 4798 775 4871 puncto
795 4778 1047 4879 affino‘proxims
1067 4789 1168 4853 Solem
1182 4809 1257 4870 pene
1269 4792 1422 4869 immobili,

81 4899 115 4962 qu
211 4889 246 4946 ta
268 4879 386 4946 Solaria
408 4883 490 4947 orbis
504 4878 729 4946 eccentricitate
745 4878 983 4946 dietetvcentro
998 4880 1140 4965 ipsissimi
1151 4880 1422 4966 corporirsolaris.
