3368 5534
187 301 350 408 19⁴63w1
660 331 1053 409 DelictibusStellaeMnrtis
1093 304 1099 379 ‚¹

147 574 152 585 ,
184 518 284 582 medii·
298 524 399 579 motus
414 513 495 585 Solis
519 517 561 594 νβ
584 509 613 586 i'n
629 514 744 591 Ariete,
771 515 852 577 linea
869 533 941 576 vero
966 513 1090 579 visionis
1113 516 1254 592 planetae
1277 511 1308 573 in
1325 511 1421 575 Libra
1443 532 1538 594 prae·

125 631 134 685 '.
186 608 247 671 eise
271 605 315 667 illi
339 606 495 685 opposita,
526 624 632 683 nempe
656 629 715 669 vo.
764 603 840 667 Cum
862 603 953 682 igitur
975 628 1014 666 on
1037 604 1079 676 sil.
1107 604 1188 664 altre
1211 603 1256 678 νβ
1285 600 1384 693 magis
1407 601 1438 664 in
1462 621 1537 665 con·

186 695 354 778 sequentia,
378 713 528 779 apparens
551 693 641 774 igitur
655 692 736 763 Solis
759 694 842 754 locus
867 701 916 754 est
933 693 1013 755 ultra
1035 694 1174 774 planetae
1198 690 1388 778 oppositum
1412 700 1538 754 etcum

104 836 106 841 .
180 785 268 865 o1sit
282 784 386 859 Terra,
409 778 492 846 visus
508 783 698 857 domicilium,
722 792 753 844 et
775 807 799 844 ω
822 782 957 863 planeta,
980 791 1011 844 et
1030 790 1154 862 uterque
1178 781 1365 853 descendant
1386 799 1494 861 versus
1509 781 1538 855 ξ,

48 906 53 913 -
99 876 108 905 '·
183 864 317 943 velocius
351 879 451 935 tamen
475 897 493 933 o
515 870 625 945 Terra;
657 873 738 957 linea
768 891 838 951 ergo
868 895 917 932 υω
945 871 1104 951 posteriori
1136 878 1270 947 tempore
1304 869 1403 932 adhuc
1438 872 1539 950 magis

157 983 163 994 ·
185 963 347 1027 inclinatur
368 963 409 1039 ad
427 963 537 1044 lineam
560 984 602 1029 oe
624 961 753 1027 visibilis
777 959 948 1023 incisoris:
973 959 1139 1023 antecessit
1151 958 1244 1038 igitur
1267 966 1419 1038 apparens
1438 978 1538 1041 oppo-

122 1112 125 1121 .
155 1064 157 1069 '
186 1052 257 1129 sitio
279 1052 418 1114 mediam.
457 1051 603 1130 'Ilempore
627 1050 728 1127 igitur,
754 1040 832 1130 quo'd
851 1050 1003 1134 antecedit
1025 1056 1205 1111 momentum
1229 1047 1380 1127 signatum
1404 1069 1459 1129 per
1481 1052 1536 1127 tie,

92 1156 95 1161 ’
122 1213 126 1220 ,
158 1200 161 1207 ,
185 1141 264 1223 qndd
288 1140 328 1203 eit
351 1142 409 1217 βθ,
433 1139 617 1219 planetain.
634 1140 742 1201 lineam
766 1134 804 1201 ex
827 1163 843 1201 κ
864 1157 918 1219 per
940 1144 966 1200 θ
993 1139 1130 1200 eductam
1160 1136 1292 1210 incidet,
1326 1154 1433 1217 nempe
1450 1139 1486 1209 ¹in
1511 1137 1536 1212 ζ

79 1280 83 1287 .
164 1231 225 1305 ,Εἰ
247 1237 318 1292 tunc
340 1225 392 1302 θζ
410 1227 490 1292 linea
520 1228 646 1290 visionis
678 1229 819 1309 planetae
853 1229 946 1308 (quod
975 1227 1200 1291 inexercitatior
1232 1225 1341 1306 aliquis
1372 1226 1537 1306 diligenter

183 1321 286 1393 notet)
310 1319 378 1398 plus
392 1319 430 1391 ,in
455 1318 670 1399 consequentia
693 1318 793 1396 vergit
815 1312 960 1393 snb'fixis,
986 1336 1074 1397 quam
1098 1340 1148 1378 νω
1171 1315 1316 1394 temporis
1337 1317 1533 1394 posterioris:

86 1456 91 1463 .
184 1409 255 1489 quia
279 1407 336 1470 etsi
359 1404 408 1480 θζ
427 1404 583 1487 praecedit
605 1407 715 1468 lineam
740 1431 786 1468 oo)
809 1408 839 1471 iu
859 1407 1079 1479 antecedentia,
1103 1415 1204 1466 tamen
1223 1401 1351 1483 'perinde
1374 1414 1424 1467 est
1447 1427 1483 1466 ac
1508 1406 1535 1469 si

183 1503 218 1573 θ,
243 1521 261 1558 ν
283 1505 315 1559 et
330 1496 429 1558 omnia
453 1498 572 1574 omninq
594 1504 707 1574 puncta
724 1516 778 1576 per
792 1497 903 1557 Terrae
928 1496 1067 1558 circulum
1092 1513 1179 1555 unum
1192 1501 1335 1580 puuctum
1351 1502 1383 1555 et
1395 1506 1535 1558 centrum

154 1646 157 1651 Α
186 1588 336 1667 sphaerae
358 1586 483 1647 lixarum
508 1593 629 1646 essent:
662 1605 752 1664 quare
777 1606 833 1646 non
856 1585 1010 1647 distantia
1038 1583 1232 1646 terminorum
1254 1587 1290 1655 θ,
1312 1607 1341 1656 o,
1365 1584 1420 1645 sed
1445 1584 1534 1646 incli-

126 1698 132 1712 ·
184 1677 269 1738 natio
293 1676 436 1737 linearum
459 1671 515 1749 θζ,
539 1698 587 1735 oo
611 1674 721 1750 elficit,
754 1674 907 1737 utlineae
931 1675 960 1735 in
989 1674 1111 1734 diversa
1139 1672 1254 1734 zodiaci
1288 1673 1356 1734 loca
1385 1674 1533 1750 incidant,

184 1766 292 1827 eodem
315 1765 354 1825 ad
379 1783 499 1826 sensum
513 1763 708 1839 coincisurae,
727 1763 754 1825 si
771 1763 909 1843 paralleli
933 1762 1068 1826 luissent.
1107 1760 1250 1823 inclinari
1268 1770 1369 1824 autem
1388 1757 1408 1835 ζ
1427 1781 1533 1826 versus

145 1892 147 1899 ,
183 1878 208 1915 ω
231 1861 320 1934 patet
350 1853 438 1925 inde,
471 1852 548 1933 quod
581 1848 666 1913 idem¹
689 1861 807 1933 tempus
839 1853 1032 1932 supponitur,
1064 1869 1121 1930 quo
1153 1851 1277 1930 planeta
1299 1870 1336 1911 ex
1359 1847 1379 1922 ζ
1399 1853 1428 1914 in
1453 1876 1479 1914 ω
1501 1862 1531 1915 et

183 1943 280 2004 Terra
301 1961 338 2003 ex
361 1946 386 2003 θ
407 1942 437 2003 in
462 1966 480 2002 o
502 1951 647 2003 movetur.
694 1944 788 2003 Terra
810 1960 881 2003 vero
911 1941 1041 2003 velocior
1063 1948 1111 2001 est
1136 1940 1270 2021 planeta.
1316 1941 1418 2020 Majus
1442 1941 1531 2021 igitur

167 2025 318 2113 'spatium
341 2035 388 2093 θν
411 2030 505 2092 Terra
528 2030 655 2106 conficit,
681 2051 768 2112 quam
792 2038 840 2092 est
863 2028 908 2103 ζω
932 2030 1061 2111 spatium
1085 2030 1236 2109 planetae.

152 2148 157 2160 ·
273 2119 335 2183 Sed
364 2139 432 2181 esse
460 2119 613 2205 planetam
644 2120 834 2182 antecedenti
865 2127 997 2199 tempore
1021 2119 1089 2199 plus
1112 2117 1387 2198 inconsequentia,
1412 2118 1529 2182 facilius

184 2210 277 2271 etiam
302 2210 400 2271 doceri
425 2216 545 2289 potest,
573 2228 639 2271 cum
663 2210 718 2272 sub
742 2209 962 2288 oppositionem
987 2209 1028 2270 sit
1050 2206 1260 2288 retrogradus,
1289 2208 1368 2286 quod
1392 2209 1528 2270 omnibus

35 2304 40 2325 '
136 2324 144 2335 ·
185 2307 315 2361 constat.
362 2299 501 2378 Apparet
528 2299 644 2377 itaque,
676 2298 744 2378 quid
775 2299 804 2360 in
833 2299 890 2360 hac
913 2298 1086 2360 reductione
1110 2319 1128 2358 a
1151 2295 1248 2359 medio
1272 2296 1310 2358 ad
1333 2307 1527 2377 apparentem

185 2386 268 2450 Solis
292 2394 405 2449 motum
428 2387 457 2447 in
482 2387 556 2448 locis
580 2387 794 2468 inaequalitate
817 2389 949 2450 secunda
972 2388 1070 2448 exutis
1092 2387 1274 2448 immutetur.
1386 2414 1391 2423 ·

268 2472 347 2539 Nam
370 2477 401 2539 in
425 2500 441 2537 τ
460 2485 490 2538 et
509 2477 648 2556 opposito
667 2478 732 2539 loco
748 2479 876 2558 pristina
895 2478 962 2539 loca
976 2483 1096 2538 manent
1113 2476 1142 2537 in
1162 2471 1181 2548 ζ
1191 2475 1239 2537 vel
1262 2493 1302 2536 o:
1326 2473 1449 2536 additur
1463 2476 1524 2537 loco

179 2566 256 2638 viso,
281 2565 351 2645 quia
373 2561 424 2636 et
444 2568 492 2635 (ut
515 2567 627 2627 dictum
650 2570 712 2640 est)
736 2568 833 2646 magis
857 2568 888 2629 in
911 2566 1125 2647 consequentia
1147 2565 1247 2643 vergit
1265 2583 1353 2643 quam
1373 2585 1438 2625 om:
1459 2566 1523 2626 adi·

181 2654 272 2717 mitur
300 2655 427 2734 tempori
457 2654 639 2734 interlapso,
672 2658 742 2738 quia
764 2654 815 2729 θζ
833 2664 882 2718 est
910 2656 984 2717 visio
1013 2664 1147 2734 tempore
1169 2654 1252 2727 prior
1274 2672 1363 2732 quam
1386 2679 1446 2716 om.
1492 2658 1522 2718 lu

181 2743 322 2824 opposito
346 2745 411 2805 loco
434 2744 468 2804 fit
491 2745 682 2820 contrarium,
707 2747 836 2825 tempori
860 2746 974 2807 scilicet
993 2745 1123 2818 additur,
1144 2744 1208 2804 loco
1225 2743 1375 2806 adimitur.
1423 2746 1523 2826 Atque

180 2832 226 2894 ita
249 2833 317 2894 loca
339 2833 414 2894 haec
438 2834 577 2912 planetae
603 2855 621 2894 a
643 2836 778 2915 pristinis
800 2837 922 2896 multum
938 2834 1095 2895 dissident.
1139 2830 1240 2904 Quare
1257 2843 1289 2893 et
1307 2832 1336 2894 in
1352 2835 1523 2912 operatione

180 2921 217 2982 de
249 2940 327 2982 novo
351 2921 492 2984 instituta
515 2924 638 2984 effectus
662 2926 809 3005 prodeunt
832 2924 924 2985 multo
949 2923 1009 2985 alii.
1060 2924 1175 3001 Nempe
1199 2940 1265 2983 curn
1288 2922 1384 2984 visum
1408 2923 1525 2985 fictione

179 3010 209 3072 iu
234 3035 250 3073 κ
273 3008 376 3073 Solem
400 3012 641 3074 transtulerimus
666 3015 716 3085 (eo
741 3014 818 3092 quod
842 3014 995 3092 planetam
1018 3012 1048 3072 iu
1072 3033 1089 3072 r
1110 3021 1142 3071 et
1157 3006 1185 3083 ff
1202 3011 1332 3090 positum
1348 3013 1524 3094 inspexere·

179 3118 255 3168 mus,
280 3099 375 3160 Terra
398 3100 426 3160 in
450 3100 535 3161 lineis
559 3122 599 3161 nr
621 3111 653 3163 et
676 3099 720 3176 κζ
738 3111 889 3176 versante,
914 3102 1030 3164 scilicet
1053 3102 1081 3162 in
1098 3102 1352 3180 punctisyetd),
1377 3103 1525 3166 eccentri-

182 3188 261 3250 cilas
285 3189 378 3267 igitur
396 3189 460 3268 jam
485 3209 504 3249 a
527 3215 542 3251 κ
566 3202 736 3270 consurget.
784 3192 829 3253 At
853 3211 945 3271 supra
968 3191 1067 3269 capite
1083 3191 1122 3251 V.
1147 3199 1301 3251 ostensum
1324 3200 1382 3264 est,
1408 3193 1474 3254 visu
1490 3213 1524 3255 er

181 3279 201 3356 β
224 3279 252 3338 ἰι]
278 3302 293 3338 κ
317 3278 468 3339 translato
492 3286 523 3338 et
547 3298 582 3339 ex
608 3305 622 3340 κ
646 3299 700 3359 per
723 3287 740 3341 d
762 3289 904 3360 punctum
929 3279 1124 3358 aequalitatis
1147 3280 1523 3360 pristinumlineaejecte,

180 3366 335 3447 perhanc
359 3386 467 3428 novam
493 3368 671 3448 hypothesin
695 3389 802 3431 novum
827 3370 944 3449 quidem
969 3369 1166 3430 eccentricum
1191 3369 1275 3438 strui,
1299 3370 1353 3430 sed
1377 3372 1427 3450 qui
1452 3371 1524 3435 visui

180 3456 210 3517 iu
239 3456 370 3534 liquam
394 3457 527 3536 proxime
552 3477 624 3517 suas
648 3458 779 3520 visiones
808 3479 911 3520 omues
941 3457 1174 3537 imperturbatus
1208 3458 1365 3563 relinquat.
1431 3458 1525 3541 Im’tsr

181 3544 324 3606 connexis
348 3550 402 3620 rte
426 3554 457 3606 et
481 3545 559 3607 linea
574 3546 673 3608 divisa
696 3547 724 3608 in
748 3575 778 3623 μ,
803 3549 847 3609 sic
871 3558 904 3609 ut
927 3551 964 3608 ol
989 3547 1030 3607 sit
1053 3547 1091 3606 ad
1116 3552 1157 3620 dp
1181 3556 1214 3606 ut
1237 3548 1278 3622 δβ
1299 3546 1341 3609 sil
1364 3554 1413 3622 de,
1439 3558 1526 3610 etex

181 3659 202 3710 μ
227 3632 385 3712 designato
408 3652 485 3697 novo
515 3637 682 3697 eccentrico
707 3659 758 3712 qe,
784 3638 832 3717 qui
857 3638 947 3718 priori
971 3635 1009 3717 ξχ
1032 3637 1074 3696 sit
1096 3636 1240 3716 aequalis,
1266 3646 1335 3698 acte
1359 3639 1450 3700 etiam
1474 3656 1525 3717 per

182 3727 233 3795 vad
256 3741 334 3786 nova
358 3724 435 3785 linea
449 3722 595 3804 apsidum,
621 3736 782 3805 consurget
804 3726 979 3808 hypothesis
1003 3744 1089 3800 nova,
1113 3726 1195 3804 cujus
1220 3727 1302 3804 apsis
1325 3728 1355 3788 in
1379 3750 1406 3804 η.
1440 3728 1525 3791 Prius

183 3820 283 3873 autem
306 3838 323 3893 χ
347 3813 471 3874 abusive
495 3833 661 3892 apogaeum
685 3815 873 3888 dixeramus,
904 3836 938 3877 eo
963 3816 1040 3896 quod
1065 3815 1093 3875 in
1119 3815 1199 3876 linea
1220 3817 1265 3895 χβ
1288 3816 1526 3896 Cupernicauuru

184 3909 317 3963 centmm
348 3903 418 3978 (lin
445 3903 539 3963 lucum
564 3903 675 3965 Terrae
698 3903 914 3966 Ptolemaicum
939 3913 1138 3965 successerat.
1185 3904 1255 3965 Jam
1288 3906 1381 3983 igitur
1415 3925 1525 3986 ppro-

181 3989 247 4071 pria
277 3991 395 4051 notione
427 3993 507 4063 (cum
532 3991 560 4053 in
587 3991 795 4072 Gopernicana
818 3994 977 4076 hypothesi
1006 3996 1122 4064 sumus)
1147 3994 1297 4072 aplrelium
1320 3995 1405 4076 eique
1430 4015 1525 4076 oppo-

183 4078 273 4141 situm
297 4086 437 4156 punctum
461 4081 635 4159 perihclium
660 4083 802 4155 dicemus,
828 4103 863 4143 co
887 4085 965 4163 quod
989 4082 1040 4144 Sol
1065 4109 1080 4145 κ
1105 4083 1278 4162 longissime
1302 4083 1341 4145 ah
1360 4087 1524 4163 precedat

271 4167 390 4228 Dictum
424 4178 485 4244 est,
520 4170 589 4249 quid
622 4172 746 4253 physice
780 4173 919 4234 differant
951 4174 1008 4234 hae
1032 4173 1166 4252 geminae
1190 4172 1363 4255 opiniones,
1396 4194 1467 4238 mea
1496 4184 1526 4234 et

183 4262 348 4319 auctorum.
405 4255 568 4322 Ostensum
603 4262 694 4322 etiarn
726 4271 792 4333 est,
826 4263 971 4340 quomodo
995 4263 1026 4323 iu
1050 4263 1146 4323 forma
1170 4260 1379 4342 Ooperuicsus
1400 4272 1525 4346 utraque

181 4345 362 4427 geometrice
387 4346 561 4412 delineetur.
610 4351 712 4411 Tertio
737 4361 767 4411 ct
790 4351 864 4412 illud
888 4352 1082 4425 inculcatum,
1112 4352 1312 4415 astronomice
1333 4352 1366 4417 in
1390 4353 1524 4419 articulis

181 4434 424 4515 conjunctionum
449 4444 480 4497 et
502 4439 723 4518 oppositionum
747 4440 819 4500 nihil
844 4441 911 4501 illos
935 4441 1052 4502 differre
1078 4440 1155 4519 quod
1180 4441 1338 4505 admodum
1361 4443 1465 4523 magni
1486 4443 1525 4504 sit

184 4524 364 4587 laciendum.
410 4523 551 4606 Sequitur
573 4536 619 4600 ut,
649 4530 727 4605 quod
751 4548 843 4609 supra
866 4550 931 4608 cap.
954 4529 994 4589 V.
1020 4528 1232 4608 inexplicatum
1255 4532 1374 4606 mansit,
1401 4533 1523 4594 demon·

183 4623 293 4688 strem,
331 4613 451 4677 omnino
479 4633 621 4695 ‚magnam
655 4617 785 4697 aliquam
809 4619 1005 4680 differentiam
1040 4620 1225 4680 intercedere
1263 4621 1341 4681 inter
1370 4632 1523 4704 utramque

182 4701 379 4785 hypothesin,
417 4703 444 4765 si
475 4722 512 4764 ex
540 4704 577 4765 iis
610 4713 698 4767 extra
729 4708 819 4768 situm
843 4708 1040 4790 acronychion
1066 4709 1207 4788 planetae
1232 4711 1327 4771 locum
1352 4726 1523 4793 computare

177 4791 322 4871 jubearis.

272 4881 373 4944 Docta
394 4880 485 4962 igitur
506 4899 560 4962 per
581 4884 608 4958 t,
627 4906 650 4960 μ
672 4892 776 4946 centra
798 4885 1031 4951 eccentricomm
1050 4887 1131 4951 linea
1151 4888 1316 4969 parallelos
1338 4887 1397 4971 ipsi
1420 4892 1470 4969 βε,
1493 4904 1522 4955 et
