3374 5528
459 297 490 351 de
509 296 695 353 Commentariis
713 300 745 354 ds
761 308 831 369 motu
848 300 937 355 muas
954 299 1051 355 liudt-
1360 301 1422 375 105

70 475 103 539 io
136 474 173 554 Υ
204 475 335 539 volvitur
367 476 448 540 eirea
480 496 568 539 axem
600 499 619 540 a
651 479 856 559 septentrione
887 497 940 561 per
972 480 1124 561 regionem
1149 476 1189 556 Θ
1215 479 1242 542 in
1277 489 1422 557 austmm,

69 573 180 628 centn
202 566 233 629 in
256 576 313 632 a
359 565 479 647 Ergone
502 567 577 628 baec
609 587 702 630 causa
734 587 887 643 recessus,
920 569 973 633 illa
1005 588 1097 632 causa
1125 588 1265 630 accessus
1295 571 1335 632 ad
1359 568 1422 648 Θῖ

69 656 151 718 Item
173 654 203 718 iu
227 655 264 734 Υ
286 663 317 719 et
340 665 388 721 ἓ
411 655 476 718 dies
499 664 664 737 aequantur
687 657 824 720 noctibus
846 659 877 721 in
909 667 973 721 toto
1002 657 1108 739 globo,
1142 659 1171 720 in
1195 673 1238 733 ee,
1263 664 1295 732 ᾗ
1319 673 1423 740 partes

69 743 155 823 globi
186 752 292 807 carent
323 745 397 808 luce.
442 745 492 808 An
516 745 607 825 igitur
639 746 728 809 baec.
744 766 838 810 causa
861 747 1021 810 accessus?
1055 749 1094 820 (in
1106 756 1232 822 margine:
1253 748 1321 812 NB.
1345 751 1423 813 reier

69 832 102 894 iu
126 829 379 908 Commentario)

147 918 224 986 ‚Sed
247 923 342 987 mbsa
363 923 394 985 in
417 941 560 1003 praesens
584 922 641 985 hac
664 921 854 1003 inquisitione
877 924 1034 987 redeamus
1066 923 1105 986 ad
1134 924 1257 988 schema
1288 926 1421 1006 corporis

68 1008 186 1075 Martii.
232 1010 301 1075 Duo
332 1010 409 1074 dixi:
450 1010 483 1087 1)
516 1011 611 1074 sinum
642 1029 761 1073 versum
789 1012 832 1075 IN
861 1014 958 1076 metiri
989 1012 1206 1094 portiunculam
1241 1014 1421 1090 librationis,

69 1107 207 1164 testante
228 1100 286 1164 hoe
300 1101 486 1182 experientia
500 1100 750 1164 observationum.
787 1099 823 1174 2)
842 1099 948 1165 Sinum
962 1111 1074 1164 rectum
1091 1101 1155 1175 CN,
1172 1102 1274 1183 vigore
1290 1104 1417 1167 demon-

68 1188 228 1253 strationis
250 1190 282 1253 iu
306 1188 426 1271 Opticis
453 1190 586 1270 positae,
619 1190 717 1253 metiri
750 1189 959 1275 fortitudinem¹
986 1210 1127 1253 accessus
1159 1193 1207 1255 vel
1242 1193 1419 1257 librationis.

69 1277 158 1341 Haec
180 1279 238 1342 duo
261 1278 368 1361 putavi
391 1279 535 1343 hacteuus
558 1297 627 1340 esse
650 1278 816 1352 contraria,
844 1287 877 1341 at
899 1280 1018 1343 videtur
1040 1280 1119 1362 quod
1141 1299 1211 1342 ooo.
1256 1282 1336 1344 Nam
1360 1282 1422 1345 alia

69 1375 120 1431 est
141 1387 284 1432 mensura
307 1367 491 1432 fortitudinis
515 1366 699 1440 librationis,
733 1367 794 1430 alia
823 1388 964 1432 mensura
981 1369 1045 1449 jam
1077 1369 1232 1431 confectae
1256 1371 1421 1450 particulae

70 1455 255 1521 libratoriae.
293 1457 359 1522 Illic
373 1456 416 1520 Iu
429 1463 639 1538 repraesentat
658 1456 847 1519 librationem
870 1465 977 1527 totam,
999 1458 1046 1521 IN
1060 1465 1177 1538 partem
1200 1469 1420 1540 competentem

69 1546 240 1609 anomaliae
277 1546 408 1610 eccentri
438 1565 492 1626 per
523 1542 565 1608 10
599 1546 746 1626 signatae.
800 1546 857 1610 Hic
889 1546 944 1609 DB
976 1554 1188 1627 repraesentat
1215 1548 1419 1613 fortitudinem

67 1635 241 1710 maximam,
266 1632 323 1699 CN
347 1635 549 1698 fortitudinem
580 1635 610 1698 io
643 1635 743 1715 anguli
768 1632 837 1698 CBI
861 1645 1022 1698 momento.
1067 1638 1114 1699 At
1135 1645 1167 1698 ut
1192 1637 1247 1699 DB
1270 1656 1329 1699 uon
1353 1637 1418 1719 sig·
1488 1642 1491 1647 '

67 1725 297 1805 nilipat·÷omoes
322 1724 512 1787 tortitudines
531 1724 667 1805 junctim,
691 1725 735 1786 ita
758 1744 812 1786 nec
829 1724 885 1788 CN
904 1725 1095 1787 fortitudines
1119 1743 1223 1787 omnes
1245 1745 1300 1806 per
1322 1735 1419 1791 totum

67 1833 172 1877 mcum
187 1812 356 1877 anomaliae
371 1812 422 1878 01.
456 1814 501 1877 At
515 1815 540 1875 si
556 1813 682 1893 colligas
697 1833 841 1877 summam
856 1806 972 1887 sinuum
986 1810 1039 1889 90,
1058 1834 1134 1896 quae
1149 1823 1196 1877 est
1210 1811 1418 1891 578943110,

66 1903 143 1966 baec
168 1912 217 1966 est
238 1922 379 1966 mensura
402 1902 617 1977 fortitudinum,
641 1921 765 1983 quarum
788 1903 906 1983 quidem
930 1904 1054 1965 effeetus
1078 1904 1244 1966 communis
1261 1913 1309 1967 est
1322 1905 1418 1970 libra·

66 1990 160 2055 tionis
179 1993 334 2056 dimidium
352 1993 402 2056 vel
415 1991 468 2054 Bi.
495 1992 545 2054 Ita
558 2010 630 2071 ergo
645 1991 738 2054 etiam
756 1990 783 2054 si
797 1991 922 2073 colligas
946 2011 1092 2055 summam
1115 1989 1230 2055 sinuum
1254 1994 1293 2057 ad
1315 2013 1418 2058 omues

66 2080 182 2162 grsdm
205 2081 235 2144 iu
260 2079 317 2156 01,
351 2080 425 2143 baec
458 2082 598 2143 metietur
628 2081 845 2160 portiunculam
877 2081 1033 2143 coniectae
1066 2080 1247 2159 librationis,
1281 2102 1357 2164 qnae
1391 2084 1418 2147 si

66 2178 188 2235 matam
210 2171 320 2251 prodet
341 2170 477 2245 lineam,
497 2165 611 2250 qdanta
633 2176 681 2231 est
702 2169 750 2232 NI
772 2188 876 2232 versus
899 2171 993 2244 sinus,
1016 2189 1110 2251 aquo
1133 2179 1197 2233 stat
1220 2172 1417 2252 experientia,

66 2268 138 2322 tunc
168 2257 392 2322 conciliavimus
416 2258 632 2341 experientiam
655 2277 721 2320 cunr
744 2258 999 2321 demonstratione
1021 2258 1127 2321 librae.
1165 2258 1339 2325 Videamus.
1369 2259 1419 2324 Sit

65 2345 108 2412 10
130 2348 261 2429 primum
284 2344 353 2413 30⁰.
400 2345 526 2411 Summa
548 2348 665 2410 sinuum
689 2344 732 2410 30
754 2347 915 2426 primomm
943 2356 992 2409 est
1014 2343 1207 2423 79259831;
1230 2346 1417 2415 578.....;

70 2430 574 2502 100000--792....;13691.
620 2439 664 2498 At
693 2437 775 2498 sinus
805 2455 910 2499 versus
934 2432 1003 2523 ι30ο
1021 2444 1069 2500 est
1098 2431 1214 2514 13397,
1250 2438 1419 2503 differentia

66 2525 244 2610 perexigua.
290 2524 341 2590 Sit
372 2526 502 2590 secundo
535 2523 576 2588 10
607 2520 676 2600 60⁰,
710 2525 768 2587 erit
798 2524 854 2589 sin.
887 2546 978 2589 vers:
995 2526 1040 2588 IN
1063 2522 1181 2602 50000,
1215 2527 1270 2590 sed
1301 2546 1418 2593 summa

67 2616 187 2679 sinuum
219 2611 263 2681 60
294 2623 342 2678 est
373 2610 584 2689 290801743,
622 2614 712 2696 paulo
739 2614 808 2695 plus
837 2614 959 2678 dimidio
993 2615 1029 2677 de
1062 2611 1128 2678 578
1138 2660 1226 2691 .....
1260 2619 1339 2699 quod
1370 2626 1418 2683 est

68 2700 279 2771 289471570·
326 2711 424 2777 (comp.
444 2711 506 2778 cap.
525 2709 619 2773 LVII.)
1205 2777 1208 2783 ¹

156 2794 236 2857 Rem
260 2794 351 2875 igitur
371 2795 453 2857 intra
476 2812 582 2856 seusus
608 2792 861 2874 propinquitatem
890 2793 1067 2856 adduximus
1090 2792 1212 2874 optimis
1242 2793 1415 2872 rationibus,

66 2881 293 2948 concludamus
316 2883 421 2964 igitur,
456 2902 563 2964 corpus
594 2884 734 2963 planetae
764 2883 808 2945 sic
838 2900 907 2944 esse
929 2882 1192 2959 considerandum,
1227 2902 1262 2946 ae
1285 2884 1311 2946 si
1335 2893 1418 2947 esset

65 2973 279 3055 magneticum,
304 2973 383 3053 qood
406 2973 534 3035 accedat
555 2973 602 3033 vel
628 2972 724 3051 fugiat
747 2972 814 3050 lege
837 2979 982 3046 staterae,
1007 2980 1039 3033 et
1056 2971 1233 3035 diametrum
1251 2973 1417 3037 virtuosam

64 3061 180 3144 porrigi
203 3061 234 3125 in
258 3062 459 3143 longitudines
483 3061 607 3125 medias.
653 3062 741 3124 Illam
763 3079 834 3122 vero
858 3061 1056 3141 objectionem
1080 3061 1117 3123 de
1141 3060 1269 3124 Telluris
1297 3081 1354 3125 axe
1385 3063 1416 3127 in

67 3151 207 3232 apsidum
225 3151 335 3214 lineam
348 3151 556 3214 inconstanter
570 3160 670 3212 tamen
689 3157 828 3229 porrecto
842 3150 958 3229 superis
974 3149 1190 3213 discutiendam
1205 3150 1415 3231 relinquemus.
1438 3149 1442 3157 ’

67 3241 191 3304 Addam
214 3247 315 3302 autem
338 3249 371 3302 et
399 3240 455 3303 hoc
485 3240 707 3320 geometricum.
754 3239 789 3300 In
821 3237 982 3319 principio,
1015 3258 1081 3300 curn
1115 3239 1197 3301 siuns
1229 3249 1299 3302 sunt
1330 3242 1416 3321 parvi

65 3348 233 3412 parumque
256 3329 294 3390 de
317 3323 475 3392 libratione
499 3330 671 3408 decerpunt,
697 3347 800 3389 versus
823 3326 906 3389 sinus
929 3335 977 3391 est
1000 3327 1121 3389 dimidio
1145 3327 1241 3391 minor
1269 3330 1417 3395 summula

66 3419 236 3482 librationis
259 3437 298 3479 ex
321 3419 444 3481 summis
468 3419 583 3479 sinuum
606 3418 762 3491 collectae,
793 3425 827 3477 ut
848 3436 964 3481 summa
985 3417 1101 3479 sinuum
1122 3413 1166 3481 90
1180 3438 1188 3479 :
1203 3415 1268 3481 578
1361 3420 1416 3482 dat

70 3505 212 3582 100000,
237 3502 746 3589 quidsin10-1745?·Sequitur
769 3502 821 3568 30.
870 3505 985 3569 Contra
1007 3505 1089 3567 sinus
1113 3525 1218 3568 versus
1237 3501 1273 3569 1⁰
1290 3517 1338 3572 est
1363 3507 1413 3586 15,

67 3596 233 3662 dimidium.
279 3595 408 3677 Exque
432 3596 525 3672 disco,
549 3596 627 3677 quod
651 3594 723 3657 alibi
741 3594 804 3676 jam
827 3594 917 3657 habui
941 3596 1142 3676 exploratum,
1165 3614 1224 3658 uon
1248 3615 1322 3677 opus
1346 3616 1429 3661 esse·

65 3694 100 3748 ut
121 3704 255 3749 summas
279 3685 394 3748 sinuum
418 3685 559 3767 colligam
583 3693 615 3746 et
637 3685 749 3755 deinde
765 3703 821 3764 per
841 3685 976 3765 regulam
999 3685 1036 3746 de
1063 3686 1104 3747 tri
1135 3703 1254 3765 operer,
1279 3695 1414 3750 tautum·

64 3774 153 3838 modo
177 3775 279 3837 danda
297 3784 345 3837 est
363 3793 463 3857 opera,
488 3783 522 3837 ut
536 3775 634 3855 aliquo
649 3773 774 3835 artifieio
790 3774 947 3836 nanciscar
961 3774 1111 3856 quadrata
1123 3782 1272 3837 reetomm
1285 3776 1411 3843 sinuum.

65 3864 145 3927 iiam
169 3883 272 3927 eorum
295 3864 400 3928 eadem
424 3870 473 3926 est
494 3864 656 3944 proportio,
681 3882 756 3943 quae
780 3882 960 3926 summamm
974 3865 1087 3926 harum.
1125 3863 1180 3940 At,
1205 3864 1312 3946 inquis,
1336 3884 1413 3948 qoo-

65 3954 154 4017 modo
178 3953 338 4016 osnoisear
360 3954 508 4034 quadrata
530 3953 703 4016 rectorum?
747 3952 813 4013 Hoc
835 3960 867 4014 te
890 3952 1003 4015 docebo
1032 3972 1069 4015 ex
1091 3951 1253 4036 Byrgianis
1281 3952 1413 4017 sontibus

65 4043 206 4107 marato
221 4042 328 4106 rivulo.
361 4042 451 4106 Sinus
464 4061 570 4104 versus
585 4040 710 4121 alicujus
726 4060 813 4104 arcus
830 4036 879 4103 es't
898 4041 1049 4104 dimidium
1062 4042 1201 4123 quadrati
1217 4042 1254 4105 de
1268 4041 1413 4108 subtensa

65 4132 276 4215 complemeoti
299 4129 319 4195 5
343 4131 455 4194 ultimis
478 4131 610 4211 rejectis.
647 4129 697 4193 Sit
710 4149 796 4193 arcus
810 4126 880 4205 60⁰,
905 4132 960 4195 sin.
981 4126 1100 4202 86603,
1125 4131 1180 4194 sin.
1195 4150 1274 4195 vers.
1293 4129 1411 4208 13397,

64 4221 174 4304 compl.
189 4217 261 4296 30⁰,
278 4220 431 4283 dimidium
453 4216 519 4294 15⁰,
544 4219 599 4283 sin.
615 4216 734 4293 25882,
759 4220 878 4300 duplum
898 4216 1007 4284 51764
1025 4229 1073 4283 est
1089 4220 1203 4284 eborda
1224 4220 1311 4284 a'rcus
1334 4214 1411 4296 30⁹3

65 4312 188 4392 quadra,
212 4310 345 4391 reperies
368 4305 478 4373 26794
502 4310 622 4390 duplum
644 4328 687 4372 se.
712 4309 806 4389 ipsius
832 4305 948 4373 13397.
986 4317 1083 4384 (eomp.
1097 4333 1148 4369 ma
1168 4313 1226 4378 ut.)

150 4398 239 4482 Ego,
261 4399 303 4462 mi
325 4398 460 4475 Fabrici,
486 4418 543 4461 non
566 4397 670 4459 literas
693 4398 732 4460 ad
756 4406 786 4459 te
810 4399 907 4461 scribo
931 4399 984 4461 sed
1007 4399 1229 4462 commentaria.
1274 4396 1322 4460 Ex
1352 4412 1410 4479 quo

66 4489 184 4553 cessavi
211 4488 359 4565 scribere,
388 4496 506 4551 tantum
537 4487 682 4567 temporis
714 4494 763 4548 est
794 4488 943 4567 elapsum,
972 4496 1005 4551 ut
1030 4489 1094 4570 jam
1122 4488 1173 4551 vix
1202 4487 1266 4570 ipse
1289 4504 1410 4550 sensum

71 4579 187 4662 capiam
209 4577 390 4661 scriptorum
412 4577 470 4642 nisi
493 4583 633 4640 accurate
660 4574 801 4656 relegam.
847 4576 915 4640 Non
947 4578 1029 4641 lubet
1053 4597 1123 4658 ergo
1153 4595 1207 4640 nec
1238 4582 1410 4657 pertexam3

68 4688 134 4733 nam
155 4687 262 4732 verum
286 4668 436 4750 estquod
463 4667 508 4730 ais
532 4665 643 4741 (literis
667 4662 697 4729 3.
718 4666 793 4745 Apr.
815 4667 905 4742 datis,
930 4686 1004 4749 quas
1027 4666 1114 4728 bodie
1130 4661 1162 4729 1.
1177 4665 1258 4727 Juoii
1281 4664 1409 4747 accepi),

67 4758 235 4824 mmulatur
255 4757 331 4823 mibi
352 4756 553 4839 respondendi
571 4755 665 4826 labor,
687 4773 747 4818 oon
766 4755 916 4833 minuitur,
938 4756 1101 4820 dumalias
1127 4763 1217 4837 atque
1240 4753 1318 4818 aliae
1337 4763 1409 4821 tuas

67 4847 170 4914 literae
191 4844 418 4932 superveniunt,
441 4846 547 4930 quibus
569 4844 658 4929 bodie
681 4842 815 4929 acceptis
837 4846 878 4910 ad
900 4852 1034 4910 tenorem
1056 4843 1256 4929 respondendi
1276 4843 1363 4911 redii.
