3368 5534
638 352 699 406 Para
716 352 809 408 I'artla.
846 352 927 421 (laput
943 349 1055 407 xxm

649 586 655 591 ’
684 524 806 687 Caput
831 584 1012 663 XXXVI.

172 742 248 823 Quo
270 766 421 812 memoro
440 746 540 810 virtrcs
561 765 601 809 aa
624 743 700 809 Sole
721 748 839 811 measa
858 767 918 830 per
938 747 1052 811 maadi
1074 745 1316 853 amplitudinem
1339 753 1521 847 metuebas.

262 885 408 969 Sequitur
416 889 516 952 altera
522 889 653 970 objectio
663 890 753 969 pardo
762 886 915 961 difficilior,
927 898 995 950 orta
1004 909 1041 951 ex
1051 909 1096 966 eo,
1109 890 1188 970 quod
1198 908 1288 971 supra
1296 906 1362 968 cap.
1370 886 1523 952 XXXIII.

170 975 238 1038 loco
263 978 396 1039 seeundo
421 977 478 1041 luit
501 978 669 1058 oppositum
694 976 867 1059 cognatIoni
890 978 966 1040 lucis
989 986 1021 1040 et
1042 978 1165 1042 virtutis
1188 978 1338 1053 motricis,
1370 979 1424 1040 sed
1448 996 1525 1059 quae

171 1083 240 1128 oum
264 1074 372 1128 nostra
395 1067 505 1149 speciei
536 1067 757 1130 immateriatae
782 1066 1034 1148 contemplatione
1063 1087 1196 1150 pugnare
1224 1068 1342 1130 videtur
1370 1066 1525 1142 intensius,

172 1173 309 1236 quaeque
332 1175 379 1218 me
403 1157 453 1219 diu
477 1156 620 1237 fatigavit
642 1156 848 1237 improvidum.

265 1244 514 1308 Demonstratum
528 1254 578 1308 est
591 1264 657 1326 cap.
677 1245 811 1321 XXXII,
826 1246 1017 1325 planetarum
1040 1252 1139 1307 motus
1152 1245 1352 1308 intensionem
1368 1251 1400 1306 et
1416 1245 1526 1306 remis·
1632 1318 1639 1332 ι

171 1332 290 1396 aionem
312 1335 397 1416 sequi
428 1336 652 1431 proportionem
677 1333 889 1397 distantiarum
921 1334 1096 1414 simplicem.
1143 1335 1188 1397 At
1206 1333 1336 1400 ,videtur
1365 1333 1460 1396 virtus
1490 1353 1528 1395 ax

172 1419 246 1485 Sola
269 1442 414 1486 emanans
436 1423 552 1487 intendi
575 1433 607 1485 et
630 1424 744 1487 remitti
768 1424 877 1487 debere
901 1422 929 1483 in
959 1424 1153 1503 proportione
1178 1424 1331 1504 duplicata
1352 1423 1402 1483 vel
1426 1422 1528 1503 tripli-

173 1518 244 1574 cata
263 1511 477 1576 distantiarum
501 1532 554 1575 seu
578 1513 722 1576 liueamm
752 1514 891 1576 effluxae.
936 1511 1019 1592 Ergo
1050 1512 1179 1576 intensio
1204 1520 1236 1574 et
1264 1511 1401 1574 remissio
1429 1516 1528 1575 motus

172 1601 362 1682 planetarum
387 1622 445 1665 nou
469 1601 528 1664 erit
555 1621 593 1664 ex
624 1601 831 1665 attenuatione
862 1601 984 1664 virtutis
1014 1621 1051 1663 ex
1074 1601 1146 1665 Sole
1175 1601 1355 1666 emanantis.
1401 1601 1529 1664 Probari

172 1689 294 1754 ridetur
317 1711 503 1773 consequeus
528 1690 659 1755 inbono
683 1692 812 1766 modum,
836 1699 900 1753 tam
923 1691 960 1752 de
985 1692 1049 1752 luce
1074 1711 1162 1773 quarn
1177 1693 1214 1754 de
1237 1692 1349 1754 virtute
1373 1698 1529 1766 movente;

173 1778 280 1842 sedda
306 1782 372 1844 luce
396 1799 551 1844 sermones
573 1790 645 1842 sunt
660 1782 813 1844 clariores.
852 1781 965 1842 Lector
978 1779 1119 1843 virtutem
1135 1781 1290 1844 matricem
1309 1779 1528 1862 subintelligat

174 1867 225 1931 Sit
255 1869 344 1933 initio
376 1879 519 1951 punctum
543 1870 663 1952 aliquod
695 1895 715 1932 α
738 1876 804 1944 (rig.
825 1873 882 1939 80.)
911 1869 948 1930 de
972 1888 1096 1949 corpore
1121 1868 1218 1933 Solis:
1250 1870 1281 1931 id
1310 1888 1381 1948 ergo
1405 1877 1530 1951 sparget

172 1958 277 2022 radios
299 1960 330 2022 in
346 1959 449 2023 orbem
463 1978 598 2022 omnem:
624 1968 654 2021 et
672 1979 726 2042 per
740 1960 949 2021 demonstrata
972 1959 1002 2020 iu
1018 1957 1137 2038 Opticis
1160 1968 1194 2022 ut
1217 1979 1284 2021 sese
1308 1959 1400 2021 babet
1416 1959 1528 2039 ampli·

173 2048 245 2110 tudo
269 2049 448 2129 sphaericae
464 2049 630 2129 superficiei
652 2071 667 2129 y
690 2047 852 2128 amplioris,
877 2046 978 2110 radios
1003 2048 1095 2110 hosce
1118 2068 1172 2129 per
1194 2047 1440 2130 imaginationem
1464 2057 1529 2110 ter-

173 2138 333 2215 minantis,
358 2139 397 2201 ad
421 2139 441 2216 β
464 2138 682 2218 augustiorem,
706 2138 749 2199 sic
773 2155 805 2198 se
829 2136 953 2198 habebit
977 2136 1113 2200 densitas
1137 2136 1212 2200 lucis
1242 2139 1271 2200 iu
1295 2138 1366 2201 orbe
1389 2139 1410 2216 β
1432 2154 1529 2221 augu-

174 2227 267 2290 stiore
292 2229 332 2290 ad
355 2227 537 2290 densitatem
561 2227 695 2307 ejusdem
718 2228 747 2288 in
771 2249 785 2306 γ
808 2226 960 2305 ampliore.

263 2317 314 2381 Sit
331 2316 439 2380 deinde
459 2315 590 2378 circulus
606 2316 714 2398 aliquis
728 2315 877 2377 maximus
893 2321 929 2376 ds
952 2314 1121 2397 incorpore
1136 2316 1218 2379 Solis
1237 2316 1364 2381 lucidus.
1389 2315 1444 2382 *⁸¹8-
1462 2311 1505 2371 ⁸⁰·

174 2405 249 2487 Ejus
273 2425 347 2486 ergo
372 2405 490 2486 singula
512 2414 633 2486 puncta,
657 2424 780 2486 quorum
803 2411 873 2465 sunt
896 2395 1026 2480 infinita,
1051 2413 1197 2486 spargent
1218 2406 1276 2469 hac
1300 2408 1368 2490 ipsa
1465 2444 1487 2510 s

175 2496 370 2577 proportione
392 2495 494 2557 radios
518 2495 548 2557 in
572 2495 690 2575 singola
712 2493 967 2573 hemisphaeriap
990 2501 1022 2556 ct
1035 2516 1058 2574 y.
1096 2497 1143 2558 Ac
1166 2503 1200 2558 ut
1220 2515 1253 2558 se
1276 2497 1368 2560 babet

177 2584 324 2648 distantia
346 2584 385 2647 ab
408 2583 577 2664 hujusmodi
602 2584 680 2646 lluea
704 2582 841 2645 circulari
866 2583 963 2667 (quae
981 2583 1095 2646 eminus
1119 2592 1246 2666 apparet
1267 2587 1367 2661 recta)

152 2724 155 2731 .
177 2674 295 2755 longior
309 2697 352 2753 ay
374 2674 414 2735 ad
429 2673 596 2735 breviorem
612 2675 667 2750 αβ,
690 2670 857 2734 conversim
875 2672 1016 2735 habetes
1032 2673 1210 2754 apparentia
1229 2674 1367 2738 diametri

179 2763 281 2827 circuli
303 2763 334 2825 iu
359 2762 505 2825 distantia
527 2762 673 2837 breviori,
707 2780 759 2824 seu
783 2763 844 2838 ὄβα
867 2762 1012 2840 angulus,
1043 2764 1082 2824 ad
1105 2764 1314 2844 apparentiam
1336 2764 1367 2826 iu

180 2853 324 2916 distantia
346 2850 490 2932 leugleri,
522 2870 574 2913 seu
598 2856 654 2931 dyc
683 2851 832 2930 angulum.
880 2848 956 2913 Cum
979 2870 1050 2930 ergo
1075 2851 1195 2932 longior
1223 2861 1368 2935 appareat

178 2942 250 3005 haec
278 2942 426 3005 diameter
449 2960 466 3001 e
492 2940 659 3022 propInquo
683 2941 703 3016 tl
732 2958 820 3020 quam
845 2957 860 2999 e
884 2940 1047 3020 longinquo
1069 2963 1084 3020 y
1106 2941 1137 3002 in
1161 2944 1266 3005 eadem
1294 2963 1367 3025 pro-

178 3032 332 3112 portioue;
356 3029 479 3093 densior
502 3038 602 3091 autem
626 3029 716 3091 etiam
740 3027 901 3107 cnjoslibet
924 3029 1026 3108 puncti
1050 3030 1179 3093 radiatio
1203 3051 1218 3093 e
1241 3034 1367 3114 propin·
1459 3075 1462 3081 ι

180 3141 233 3202 quo
255 3122 277 3200 β
297 3139 389 3201 quam
412 3138 428 3181 e
452 3119 615 3199 longinquo
638 3139 670 3199 y:
701 3118 731 3179 in
755 3117 848 3198 dupla
870 3117 963 3197 igitur
989 3119 1180 3200 proportione
1205 3120 1300 3203 ipsius
1324 3123 1370 3200 αβ

180 3213 216 3274 ad
237 3233 273 3290 ay
297 3209 421 3272 densior
444 3207 562 3270 videtur
585 3209 687 3270 sutura
709 3206 839 3268 radiatio
864 3206 968 3269 circuli
993 3208 1029 3268 de
1048 3208 1214 3293 propinquo
1237 3212 1258 3289 β
1281 3230 1369 3292 quam
1456 3206 1457 3217 ’

181 3301 214 3362 de
236 3299 400 3380 longinquo
423 3320 446 3378 y.

263 3389 314 3452 Sit
335 3386 427 3450 tertio
458 3386 560 3448 discus
592 3385 657 3466 ipse
689 3402 839 3464 apparens
872 3385 1007 3465 corporis
1031 3385 1114 3448 Solis
1138 3392 1217 3462 dae,
1249 3395 1281 3450 et
1303 3406 1369 3450 cum

181 3477 352 3560 superficies
376 3475 491 3538 similes
511 3476 559 3547 (ut
574 3473 623 3535 hio
647 3473 808 3535 circulares
832 3474 908 3535 disci
932 3478 1129 3555 apparentes)
1154 3477 1215 3538 sint
1232 3476 1263 3540 in
1278 3477 1370 3557 dupla

178 3566 368 3650 proportione
392 3565 625 3638 diametrorum,
649 3562 788 3624 diametri
811 3582 884 3625 vero
898 3562 981 3625 Solis
1006 3572 1186 3646 apparentes
1210 3565 1240 3626 iu
1261 3566 1371 3646 slmpla

177 3656 368 3739 proportione
405 3653 618 3717 distantiarum
650 3675 705 3733 ay,
737 3653 782 3728 αβ
814 3671 937 3715 eversa:
974 3652 1051 3715 disci
1082 3654 1175 3734 igitur
1207 3654 1369 3716 circulares

179 3746 365 3829 apparebunt
387 3743 417 3805 in
440 3743 532 3823 dupla
554 3741 747 3822 proportione
771 3741 982 3804 distantiarum
1006 3766 1055 3823 ay,
1075 3744 1128 3822 αβ.
1168 3740 1245 3806 Cum
1268 3751 1370 3805 autem

177 3835 304 3899 radiatio
328 3832 433 3895 circuli
448 3837 486 3894 oa
508 3831 538 3894 in
559 3853 573 3910 γ
595 3838 627 3903 et
648 3833 668 3908 β
686 3831 751 3910 jam
777 3831 905 3910 probata
929 3831 970 3893 sit
992 3832 1084 3912 dupla
1107 3832 1150 3894 uti
1173 3832 1367 3914 proportione

178 3923 388 3988 distantiarum
402 3923 456 3999 αβ,
472 3942 520 4000 ay,
544 3938 636 3982 causa
651 3921 730 3981 alius
746 3926 836 4001 atque
860 3921 937 3982 alius
953 3940 1025 3982 suae
1045 3921 1224 3997 densitatIs,
1248 3921 1367 3984 videtur

178 4014 243 4077 binc
266 4011 398 4075 radiatio
421 4010 507 4084 disci,
532 4028 624 4071 causa
646 4008 807 4071 densitatis
832 4010 881 4072 vel
898 4010 1093 4086 fortitudinis,
1117 4011 1209 4091 trIpla
1232 4010 1276 4073 uti
1293 4029 1367 4092 pro-

178 4104 314 4184 portione
347 4099 560 4162 distantiarum
587 4121 639 4178 oy,
663 4100 716 4175 αβ.
762 4099 805 4160 Ut
835 4099 861 4161 si
894 4099 1059 4161 distantiae
1093 4107 1196 4163 esseut
1218 4122 1259 4179 ay
1280 4107 1314 4162 ut
1336 4099 1368 4176 2,

179 4195 221 4272 αβ
241 4199 278 4255 ut
304 4189 339 4253 1:
363 4195 467 4251 esseut
489 4188 675 4250 radiatioues
698 4188 800 4268 puncti
824 4211 864 4268 oy
885 4196 920 4250 ut
946 4188 973 4263 1,
998 4190 1043 4266 αβ
1065 4197 1098 4251 ut
1121 4187 1152 4263 2,
1176 4209 1269 4252 causa
1292 4188 1368 4251 deu-

179 4282 279 4345 sitatis
301 4279 397 4352 lucis,
422 4285 454 4338 et
476 4276 616 4339 diametri
640 4277 742 4338 circuli
766 4286 949 4357 apparentes
973 4277 1004 4339 iu
1026 4301 1048 4358 γ,
1069 4278 1096 4352 1,
1121 4278 1150 4339 in
1175 4280 1204 4355 β,
1221 4276 1252 4341 2.
1286 4279 1369 4360 Ergo

178 4371 363 4434 radiationes
386 4372 424 4428 ds
447 4366 586 4429 diametri
610 4364 713 4428 circuli
736 4365 766 4426 iu
789 4388 812 4445 y,
840 4365 867 4440 1,
891 4367 922 4427 in
945 4367 974 4443 β,
989 4363 1020 4428 4.
1072 4366 1134 4430 Sed
1158 4367 1234 4429 disci
1258 4375 1328 4429 suut
1350 4369 1381 4431 in
1403 4387 1531 4451 propor-

177 4461 258 4524 tione
277 4458 371 4538 dupla
389 4456 612 4518 diametrorum.
649 4455 731 4535 Ergo
754 4453 829 4515 disci
853 4455 1032 4534 apparentia
1050 4456 1081 4518 iu
1100 4479 1115 4534 y
1137 4464 1221 4517 esset
1237 4455 1264 4532 1,
1288 4456 1320 4517 iu
1344 4459 1364 4534 β
1386 4465 1469 4520 esset
1490 4455 1530 4520 4:

177 4549 263 4632 quasi
286 4548 383 4621 dicas,
406 4544 604 4607 discumbas
628 4546 699 4622 expl
721 4542 817 4603 rideri
839 4543 1006 4624 quadruplo
1028 4545 1117 4625 plura
1138 4552 1251 4626 puncta
1275 4545 1427 4607 continere
1442 4565 1531 4628 quam

178 4658 215 4702 ex
236 4662 265 4719 y,
298 4652 425 4719 quorum
455 4640 631 4715 punctorum
661 4629 815 4713 quodlibet
847 4631 920 4708 ἰιιβ
954 4631 1044 4712 duplo
1076 4632 1198 4695 densius
1230 4635 1313 4696 lucet
1343 4653 1432 4717 quam
1454 4635 1484 4697 iu
1505 4657 1529 4716 γ.

180 4725 366 4810 Compositis
393 4722 485 4804 igitur
514 4721 757 4803 proportionibus
796 4719 975 4783 radiationis
1002 4722 1097 4784 totIus
1121 4721 1197 4784 disci
1221 4723 1442 4788 condensitas
1465 4725 1532 4808 lup

179 4818 216 4879 ad
238 4814 425 4879 densitatem
446 4811 625 4876 radiationis
648 4810 742 4873 totius
766 4807 842 4870 disci
866 4814 929 4872 tas
952 4809 983 4871 iu
1005 4811 1026 4889 β
1049 4817 1131 4874 esset
1153 4818 1188 4872 ut
1215 4812 1230 4876 1
1257 4814 1296 4879 ad
1319 4812 1349 4879 8.

238 4962 244 4970 .
267 4903 354 4970 Nihil
377 4901 427 4965 hio
449 4919 505 4964 nos
527 4899 640 4974 turbat.
662 4897 740 4982 quod
764 4907 959 4980 apparentem
982 4896 1096 4964 discum
1114 4896 1197 4964 Solis
1222 4912 1438 4985 computamus,
1463 4918 1530 4965 cum
1587 4956 1590 4964 .
