3374 5528
278 510 437 573 excerpam
468 487 649 551 anomaliam
679 492 875 568 coaequatam
904 484 933 546 in
970 480 1113 562 gradibus
1149 481 1293 562 integris,
1333 480 1533 562 adjiciendam
1565 479 1634 547 lucc

278 581 417 665 apogasi,
441 598 507 643 cnm
532 576 679 640 distantia
701 573 809 638 sideris
824 595 844 635 a
857 572 930 637 Sole
948 573 1038 653 paulo
1061 571 1197 635 breviore
1216 592 1305 653 quam
1325 579 1374 633 est
1392 591 1473 646 vera,
1498 571 1636 635 demissa

277 673 396 736 scilicet
416 665 657 749 perpendiculari
671 685 709 727 ex
724 664 832 738 sidere,
857 683 922 725 cnm
938 661 1029 724 habet
1045 661 1243 734 latitudinem,
1267 662 1297 722 in
1310 662 1432 741 planum
1452 661 1632 740 eclipticas:

278 780 355 843 quae
378 759 510 840 quidem·
530 754 784 837 perpendicularis
816 752 921 814 itidem
951 751 1139 831 excerpenda
1161 751 1228 813 erit.
1242 770 1309 813 cnm
1340 749 1529 812 distantia-a
1553 753 1633 813 uodo

279 871 317 913 ex
340 849 404 911 suis
426 846 550 910 tabulis.
597 844 662 906 lloc
685 853 775 924 pactu
797 843 895 904 locum
919 840 1026 903 sideris
1053 840 1206 924 proprium
1236 840 1358 902 minimo
1386 840 1508 920 negotio
1531 858 1589 920 per
1610 839 1631 904 3

281 936 487 1003 dimensiones
509 928 695 1003 habebimus,
719 933 767 995 cui
790 929 1034 1010 supervenientes
1063 930 1237 1010 parallaxes
1261 929 1342 992 orbis
1365 929 1455 992 annui
1478 930 1632 992 nonnullis

264 1029 392 1095 ‚tabulis
415 1025 626 1088 universaliter
649 1020 769 1102 excerpi
800 1017 891 1100 posse
915 1037 1019 1099 spero;
1053 1020 1107 1080 sed
1126 1020 1171 1083 ita
1194 1026 1283 1080 eruut
1305 1018 1519 1081 extricandae:
1546 1037 1632 1083 corn·

279 1117 437 1199 parabitur
458 1116 541 1177 locus
555 1112 637 1175 Sulis
661 1131 714 1183 seu
728 1112 840 1173 Terrae
865 1128 930 1170 cnm
955 1109 1021 1170 loco
1044 1108 1153 1171 sideris
1176 1107 1395 1186 daupulluaap
1418 1127 1472 1188 pru
1490 1108 1632 1181 babendo

280 1203 522 1270 commutationis
537 1202 656 1282 angulo,
681 1199 763 1262 circa
781 1218 868 1280 quem
883 1199 940 1259 duo
959 1197 1057 1258 latera
1071 1204 1142 1260 sunt
1156 1198 1319 1260 distantiae
1334 1198 1446 1261 Terrae
1465 1204 1498 1265 et
1520 1197 1632 1262 sideris

281 1294 405 1358 aSole.
451 1294 510 1355 Per
539 1291 720 1354 solutionem
750 1288 841 1368 igitur
873 1286 1014 1366 trianguli
1047 1287 1134 1365 hujus
1167 1289 1236 1368 (per
1267 1286 1576 1368 prosthsphaereaiu,
1604 1288 1631 1350 si

281 1386 397 1467 piacet,
421 1402 486 1444 cum
517 1399 582 1443 eam
610 1378 632 1440 J
637 1378 795 1442 dsteiins
830 1375 1003 1439 facillimam
1030 1375 1194 1439 reddiderit
1214 1384 1306 1450 (comp.
1326 1384 1382 1436 Vct
1401 1385 1436 1444 11,
1455 1401 1481 1450 p.
1500 1380 1567 1447 439)
1599 1384 1631 1441 et

286 1474 487 1537 inventionem
511 1469 614 1549 anguli
638 1470 677 1530 ad
702 1468 827 1529 -Terram
854 1465 982 1528 habetur
1010 1465 1175 1545 parallaxis
1203 1466 1415 1546 longitudinis,
1444 1485 1499 1548 per
1520 1467 1629 1529 inven-

138 1558 143 1565 ’
253 1590 256 1597 ·
285 1564 397 1626 tionem
420 1578 492 1624 vero
510 1557 674 1620 distantiae
689 1557 798 1618 sideris
817 1576 837 1617 a
854 1556 957 1626 Terra,
982 1555 1060 1633 qnod
1077 1562 1123 1616 est
1148 1555 1232 1642 ¹latus
1255 1556 1388 1632 tertium,
1412 1556 1538 1637 ejusque
1566 1576 1630 1619 cum

283 1651 350 1715 sinn
373 1647 578 1712 inclinationis
602 1664 693 1726 supra
716 1653 856 1724 excerpto
880 1642 1135 1724 comparationem
1163 1645 1290 1708 latitudo
1313 1644 1512 1725 parsllactica
1534 1646 1629 1708 habe·

284 1741 375 1804 bitur.
424 1737 558 1818 Cumque
583 1735 729 1798 distantia
749 1733 831 1797 Solis
850 1742 882 1796 et
896 1734 1007 1795 Terrae
1030 1751 1090 1795 nun
1114 1734 1201 1797 detur
1223 1752 1341 1814 semper
1363 1735 1393 1797 iu
1416 1735 1557 1816 partibus
1578 1736 1632 1798 iis·
1654 1742 1659 1751 '

285 1831 353 1892 dem
377 1824 494 1911 (omnia
516 1846 546 1888 n.
571 1826 611 1887 ad
641 1843 744 1887 verum
768 1822 850 1886 Solis
881 1824 977 1885 locum
1010 1823 1181 1886 necessario
1212 1824 1376 1903 redigenda
1405 1832 1493 1900 sunt,
1528 1825 1632 1888 obser·

285 1918 457 1981 sationibus
480 1915 643 1990 testibus),
669 1913 746 1976 duae
770 1920 858 1975 emnt
881 1931 951 1992 ergo
979 1911 1246 1993 multiplicationes
1269 1932 1322 1994 pro
1347 1914 1475 1993 angulo,
1500 1933 1562 1977 uua
1582 1933 1633 1996 pro

285 2010 392 2076 latere.
418 2025 478 2067 nna
490 2025 546 2087 pro
570 2003 795 2084 comparatione
818 2002 885 2082 ejus
909 2020 974 2062 cum
992 1999 1057 2062 sinu
1081 2001 1293 2085 inclinationis.
1332 2003 1383 2064 lta
1403 2010 1633 2082 quatuor-eruut

284 2096 555 2177 multiplicationes
586 2112 640 2173 pro
675 2091 836 2172 cujuslibet
872 2090 1013 2169 planetae
1042 2090 1118 2151 loco.
1172 2091 1240 2154 Non
1267 2098 1372 2172 potest
1399 2091 1510 2172 itaque·
1534 2111 1633 2155 carere

283 2186 389 2249 tabula
420 2185 538 2247 sinuum
568 2183 700 2244 calculus
733 2182 801 2243 iste.
852 2179 911 2240 Est
943 2179 1019 2240 alius
1056 2179 1161 2241 modus
1192 2199 1230 2241 ex
1259 2179 1417 2262 triangulis
1456 2181 1633 2262 sphaericis,

281 2276 414 2355 trajectu
437 2273 529 2352 plano
552 2272 652 2343 tertio,
676 2278 709 2333 nt
728 2269 897 2350 eclipticam
921 2276 1005 2329 secet
1019 2266 1049 2329 in
1065 2268 1168 2342 Terra,
1193 2270 1319 2332 orbitam
1342 2270 1486 2350 planetae
1510 2269 1633 2352 inipso

283 2366 369 2427 Haec
392 2361 528 2423 tabulam
550 2359 639 2439 primi
667 2359 785 2429 mobilis
808 2357 1042 2436 Regiomoutani
1065 2355 1119 2429 (ad
1143 2357 1277 2421 laborem
1304 2359 1511 2433 minuendum)
1544 2379 1633 2441 usque

283 2454 322 2515 ad
352 2445 410 2514 1οΡ
430 2468 484 2531 per
507 2448 628 2528 singula
650 2448 765 2510 minuta
788 2455 946 2508 extensam
970 2445 1140 2517 desiderat,
1164 2465 1223 2526 qua
1245 2448 1386 2511 reductio·
1404 2447 1442 2510 ad
1467 2449 1634 2531 eclipticam

283 2549 316 2602 et
339 2539 470 2602 latitudo
504 2537 675 2618 expeditur,
711 2536 765 2598 sed
795 2535 985 2597 nihilominus
1016 2535 1142 2616 angulus
1174 2556 1212 2598 ex
1244 2536 1389 2600 lateribus
1418 2537 1585 2601 rectilineis
1607 2545 1635 2600 et

284 2627 501 2709 comprehenso
535 2626 723 2707 quaerendus
754 2633 821 2698 est;
853 2625 956 2704 itaque
989 2623 1109 2698 dubito,
1141 2626 1418 2707 compendiosiorne
1443 2626 1486 2689 eit
1509 2627 1632 2691 futurus.

283 2717 409 2783 Utinam
432 2717 552 2797 quidem
575 2716 682 2789 tertius
715 2714 825 2795 aliquis
858 2713 994 2801 daretur,
1026 2713 1075 2793 qni
1099 2721 1132 2774 et
1155 2716 1337 2777 universalis
1362 2723 1445 2778 esset
1474 2725 1634 2798 possetque

284 2806 420 2870 adhiberi
445 2806 483 2866 ad
508 2823 623 2867 omnem
646 2804 829 2884 apheliurum
845 2803 958 2864 terrae
982 2808 1014 2864 et
1037 2801 1147 2864 sideris
1169 2803 1356 2868 distantiam.
1393 2805 1474 2867 Nani
1492 2824 1551 2886 ego
1566 2824 1633 2869 saue

284 2915 342 2960 non
366 2894 464 2969 video,
490 2894 635 2975 quomodo
659 2893 874 2956 instituendum
898 2891 1059 2971 negotium,
1084 2898 1118 2952 ut
1137 2895 1278 2973 scrupula
1298 2894 1539 2975 proportionalia
1562 2895 1633 2958 reti·

284 3003 419 3047 neamus.
456 2983 557 3046 Primo
576 2984 664 3057 enim,
689 2983 715 3044 si
729 2983 813 3043 sidus
828 2988 877 3043 est
897 2981 928 3042 in
943 2980 1023 3042 linea
1047 2981 1183 3060 apsidum
1198 2983 1319 3059 Terrae,
1344 2983 1496 3047 anomalia
1520 2984 1633 3066 quidem

285 3072 527 3137 commutationis
541 3073 580 3134 -in
605 3081 730 3152 utroque
754 3070 942 3132 semicirculo
967 3069 1103 3149 aequalis
1127 3079 1190 3145 est,
1214 3079 1248 3134 ut
1270 3073 1298 3135 si
1320 3072 1404 3135 sidus
1428 3072 1470 3135 sit
1493 3073 1568 3136 alibi
1591 3076 1634 3147 (ut

286 3171 313 3235 6
337 3181 491 3242 apogaeus
514 3161 544 3223 in
570 3166 603 3239 ιζ,
628 3180 694 3223 cum
719 3157 759 3238 Θ
784 3160 833 3223 sit¹
848 3159 877 3220 in
898 3161 957 3233 ee),
977 3160 1042 3238 jam
1067 3158 1145 3221 alter
1168 3160 1372 3223 semicirculus
1395 3162 1633 3226 commutationis

256 3254 259 3261 '
284 3252 316 3315 in
340 3252 421 3314 latus
444 3251 553 3331 vergit.
600 3250 642 3312 Et
664 3269 700 3311 ne
726 3250 829 3311 labore
854 3247 922 3309 huic
946 3248 990 3309 rei
1006 3247 1164 3311 subvenire
1186 3251 1346 3330 possimus,
1370 3250 1463 3313 efficit
1486 3252 1631 3332 aphelium

287 3341 399 3404 'lerrae
423 3340 483 3401 aliu
507 3343 590 3402 motu
613 3347 790 3419 promotum,
817 3356 904 3420 quam
928 3336 1048 3416 aphelia
1069 3338 1269 3418 planetarum,
1294 3348 1328 3400 nt
1345 3341 1394 3402 vel
1417 3340 1632 3422 appropinquet

286 3431 335 3493 vel
358 3430 482 3492 recedat
506 3438 538 3491 et
560 3430 795 3511 qualemcunque
829 3428 956 3489 sormam
989 3428 1195 3505 scmpulorum
1223 3429 1493 3510 proportionalium
1524 3430 1630 3493 turbet.

287 3520 510 3583 Potesttamen
526 3519 564 3580 ad
579 3537 669 3579 uuum
683 3518 816 3578 seculum
831 3515 909 3578 ratio
925 3514 1001 3590 iniri,
1021 3515 1122 3595 posita
1136 3518 1241 3580 eadem
1256 3536 1456 3598 apogaeomm
1472 3519 1632 3582 distantia:

288 3608 365 3689 quod
380 3607 449 3675 aliis
467 3607 715 3673 considerandum
730 3615 762 3667 et
784 3605 972 3667 efficiendum
987 3600 1139 3685 relinquo(
1167 3606 1243 3668 Mihi
1264 3607 1385 3669 videtur
1403 3606 1451 3669 vel
1472 3607 1632 3689 ingeniosis

287 3698 336 3758 vel
360 3695 520 3758 servilibus
539 3703 571 3758 et
583 3695 755 3776 praeceptis
779 3693 913 3775 alligatis
937 3692 1064 3774 ingeniis
1080 3693 1157 3756 idern
1173 3695 1268 3769 labor,
1292 3696 1356 3758 sive
1380 3703 1509 3776 quatuor
1532 3696 1631 3761 multi·

287 3785 475 3867 plicationes¹
493 3785 653 3865 simplices
665 3784 829 3867 jqbeantnr
843 3785 953 3856 lacere,
977 3782 1041 3844 sive
1060 3783 1151 3846 toties
1167 3785 1225 3847 imo
1241 3786 1354 3868 pluries
1377 3785 1519 3865 logistice
1535 3785 1631 3859 multi·

286 3873 403 3955 plicare
426 3876 566 3954 scrupula
589 3875 619 3935 in
643 3892 798 3935 excessum
823 3875 872 3946 (ut
896 3873 933 3933 de
957 3873 1271 3953 prosthaphaeresium
1300 3874 1493 3955 compendio,
1527 3875 1560 3938 in
1583 3892 1633 3956 quo

289 3963 420 4026 nundum
452 3964 636 4025 exercitatus
667 3982 752 4037 snm,
783 3963 857 4024 nihil
881 3961 1012 4035 dicam),
1041 3969 1076 4024 ut
1098 3962 1142 4024 ita
1170 3983 1228 4026 nuu
1251 3981 1433 4045 magnopere
1467 3964 1633 4029 desiderare

289 4052 452 4114 debeamus
475 4053 615 4132 scrupula
636 4051 885 4134 proportionalia.
923 4050 966 4111 Et
981 4070 1027 4112 me
1048 4048 1178 4129 Christe,
1203 4052 1327 4116 sibene
1350 4053 1532 4135 perpendas,
1558 4072 1633 4118 com·

289 4140 400 4223 pendio
422 4140 625 4221 negliguntur.
671 4142 905 4221 perpendamus.
947 4140 1047 4202 Primo
1070 4160 1124 4222 per
1145 4137 1176 4216 d,
1202 4140 1222 4206 5
1246 4142 1294 4204 vel
1317 4137 1337 4206 6
1361 4142 1456 4204 series
1480 4150 1532 4207 est
1554 4142 1633 4207 colli-

291 4229 563 4311 gendaanomalia
587 4230 846 4295 commutationis:
880 4229 969 4310 hujus
993 4230 1058 4291 loco
1089 4231 1151 4311 jam
1173 4231 1241 4293 loca
1263 4232 1374 4295 Terrae
1398 4239 1430 4294 et
1451 4231 1565 4297 sideris
1585 4249 1633 4315 pro

291 4339 324 4382 re
347 4325 421 4381 nata
444 4317 661 4381 subtrahuntur
683 4340 702 4380 a
726 4337 758 4382 se
780 4326 894 4382 mutuo.
941 4318 1057 4380 Deinde
1081 4320 1274 4384 commutatio
1299 4320 1477 4402 aequanda3
1499 4321 1560 4385 huc
1577 4322 1634 4407 jan

292 4407 480 4488 praestitum.
528 4407 630 4470 Tertio
654 4427 719 4470 cum
744 4408 894 4471 anomalia
917 4408 1047 4469 eccentri
1071 4411 1261 4492 excerpenda
1282 4410 1423 4490 scrupula
1445 4418 1479 4473 et
1500 4408 1634 4494 logistice

292 4495 476 4577 operandum
498 4516 552 4578 pru
574 4505 661 4576 parte
691 4496 927 4579 proportionali;
958 4505 1063 4578 quarto
1092 4518 1159 4562 cnm
1187 4499 1420 4563 commutatione
1453 4498 1636 4584 excerpenda

292 4586 495 4662 cummutatio,
519 4594 552 4650 et
575 4587 677 4667 quinto
701 4606 843 4649 excessus
868 4605 933 4647 curn
962 4588 1081 4666 gemina
1103 4589 1279 4669 operatione
1310 4588 1453 4669 logistica
1475 4608 1532 4671 pro
1554 4596 1634 4673 parte

293 4675 524 4754 proportionali,
558 4684 647 4738 sexto
669 4695 724 4758 per
747 4675 950 4755 operationem
983 4675 1153 4756 logisticam
1176 4698 1248 4759 pars
1272 4679 1308 4740 de
1332 4697 1457 4741 excessu
1492 4677 1636 4761 scrupulis

294 4780 460 4842 congruens
483 4765 669 4847 inquirenda,
693 4774 757 4827 tam
780 4765 947 4826 addendum
968 4773 1022 4827 aut
1044 4767 1288 4843 subtrahendum,
1312 4775 1346 4830 nt
1365 4768 1428 4846 jam
1447 4767 1523 4832 uilsri
1545 4768 1636 4835 dican

296 4849 334 4915 de
355 4851 491 4932 pluribus
514 4855 740 4937 operationibus
763 4862 795 4917 et
818 4854 944 4927 cautelis
966 4854 1005 4916 ad
1030 4855 1205 4920 latitudines
1228 4856 1465 4921 constituendas.
1512 4856 1572 4923 Pro
1593 4855 1635 4919 his
