3368 5534
108 248 111 255 0
168 306 235 377 218
651 308 1035 368 Dellotibosstsllasblsrtla
1137 348 1143 359 ·

169 497 239 551 sunt
265 491 305 552 ad
327 499 507 555 momentum
530 491 717 571 assignatum
740 493 770 554 d.
795 490 825 556 2.
850 493 879 555 h.
903 489 934 557 1.
959 489 1001 555 50.
1053 492 1096 554 Et
1118 492 1223 554 diebus
1247 488 1269 557 1
1291 490 1433 557 mvenlns
1457 493 1511 556 l'uit

168 582 336 658 promoveri
359 601 413 662 per
438 576 474 644 10
499 579 550 645 120
574 578 648 644 1700.
686 580 868 662 Competunt
894 581 987 662 igitur
1010 581 1114 644 diebus
1137 579 1157 644 2
1181 582 1209 645 b.
1228 579 1261 647 1.
1284 580 1335 647 5οτ
1360 580 1416 648 390
1439 581 1510 648 2900.

63 690 67 697 ·
168 668 273 748 Itaque
298 670 336 732 ad
360 679 539 733 momentum
563 679 588 740 d
611 670 640 732 iu
663 667 724 735 260
744 668 798 734 350
813 668 879 735 3100
899 676 937 745 f.
976 670 1205 734 variationibus
1224 672 1464 735 horizontalibns
1485 674 1513 735 in

167 755 287 836 longum
311 778 367 820 non
385 769 433 822 est
455 779 538 841 opus,
563 761 632 839 quia
652 760 720 831 din
736 760 778 823 M.
796 758 830 822 C.
847 768 878 824 et
900 761 984 822 initio
1000 765 1044 836 5.
1083 760 1201 822 Tabula
1218 757 1350 825 260320
1366 768 1397 834 ‚2¹
1415 762 1513 825 habet

257 848 330 910 VII.
360 850 450 911 Anno
486 845 568 912 1593
598 850 626 910 d.
657 846 711 911 21.
735 850 814 929 Aug.
843 851 874 913 h.
905 846 955 912 10.
980 844 1035 913 300
1064 850 1197 911 referunt
1224 850 1304 920 din
1330 847 1390 914 120
1413 849 1514 922 3801(

167 954 232 996 cum
263 937 366 1000 diurno
402 934 453 1002 160
482 933 549 1000 1500
578 938 752 1012 observato,
777 938 866 1019 idque
896 939 976 1000 circa
1005 938 1243 1019 nonagesimum,
1271 938 1324 1001 nbi
1349 939 1514 1021 parallaxis

169 1024 360 1103 longitudinis
392 1028 482 1089 nnlla.
536 1027 748 1088 Praecesserat
778 1036 959 1090 momentum
982 1027 1180 1107 oppositionis
1203 1028 1408 1108 assignatum,
1437 1029 1515 1091 boris

166 1109 195 1173 8.
218 1114 268 1176 170
287 1117 368 1188 (erat
390 1117 468 1178 enim
492 1112 566 1178 nt.
586 1114 663 1192 130),
687 1115 792 1197 quibus
816 1117 960 1197 competit
982 1124 1081 1179 motos
1099 1111 1212 1180 501800
1235 1116 1264 1179 in
1287 1117 1512 1199 consequentia

166 1202 271 1284 ltaque
295 1206 322 1265 in
350 1202 482 1269 120130
506 1199 571 1266 1800
594 1211 623 1278 l(
646 1205 728 1267 cadit
750 1206 883 1284 planeta.
921 1206 962 1267 Et
986 1205 1089 1268 tabula
1115 1200 1251 1269 120130
1274 1203 1342 1270 1500
1363 1207 1469 1269 babet.

255 1294 339 1356 Vlll.
369 1295 458 1356 Anno
491 1290 575 1357 1595
605 1294 634 1356 d.
658 1290 709 1357 30.
736 1293 804 1359 Oct
833 1296 864 1357 h.
888 1291 920 1357 8.
944 1292 998 1357 200
1021 1294 1198 1357 invenemnt
1221 1302 1246 1365 d
1269 1295 1299 1357 in
1327 1292 1512 1372 17018οὅ

166 1401 233 1443 cum
265 1382 368 1444 diurno
398 1381 452 1446 220
482 1379 557 1446 5100.
603 1383 776 1444 Praecessit
802 1393 985 1447 momentum
1014 1385 1201 1463 assignatum
1238 1383 1321 1446 horis
1357 1383 1410 1449 11.
1447 1382 1509 1459 180,

167 1470 273 1550 quibus
296 1471 422 1534 debetur
444 1481 544 1535 motus
567 1479 593 1542 0¹
616 1470 648 1539 20
673 1470 714 1534 700
737 1472 767 1534 in
792 1472 1015 1555 consequentia,
1039 1482 1073 1536 ut
1096 1471 1236 1535 fueritin
1264 1470 1395 1538 170590
1419 1473 1463 1535 700
1476 1476 1511 1550 ὅ.

167 1558 227 1621 Sed
260 1562 413 1641 projectus
444 1570 511 1624 erat
540 1561 570 1623 in
599 1561 742 1623 orientem
771 1564 808 1625 ob
837 1561 1015 1643 parallaxin.
1071 1564 1177 1642 Itaque
1200 1561 1243 1625 illi
1267 1562 1369 1626 forsan
1394 1565 1513 1627 exalia

167 1649 335 1711 meridiana
359 1651 568 1714 observatione
591 1660 705 1732 ponunt
727 1652 756 1713 in
781 1653 885 1714 tabula
911 1647 969 1715 170
990 1648 1045 1716 560
1070 1649 1133 1715 1500
1156 1650 1194 1726 ὅ.

254 1739 309 1802 ΙΧ.
334 1737 421 1802 Anno
448 1736 531 1803 1597
556 1740 585 1803 d.
613 1738 661 1802 10.
677 1740 750 1802 Dec.
777 1742 805 1804 h.
830 1740 860 1804 8.
886 1739 940 1805 300
964 1743 1055 1803 semel
1080 1748 1105 1811 ο·
1128 1748 1276 1820 reponunt
1291 1741 1321 1802 in
1337 1734 1377 1803 3⁰
1400 1737 1454 1804 300
1472 1754 1511 1811 Θ,

164 1828 272 1890 iterum
311 1830 341 1890 in
376 1825 416 1891 10
452 1828 481 1890 10
510 1843 559 1894 eo:
590 1849 710 1910 quorum
744 1832 872 1893 medinm
900 1839 949 1893 est
976 1826 1014 1892 3⁰
1045 1826 1144 1911 45¹l2‘
1174 1844 1216 1895 eo.
1286 1829 1431 1892 Secutum
1467 1840 1513 1893 est

166 1926 346 1980 momentum
371 1918 567 1999 oppositionis
590 1928 661 1998 post
682 1918 747 1979 dies
770 1917 800 1982 3.
825 1921 854 1982 h.
879 1917 909 1982 5.
934 1918 975 1994 50,
1000 1919 1105 2000 quibus
1133 1937 1171 1979 ex
1194 1919 1318 1998 Magino
1342 1928 1513 1999 competunt

170 2001 207 2070 10
232 2004 283 2070 150
308 2008 337 2068 in
361 2007 579 2070 antecedentia.
623 2008 705 2086 Ergo
729 2009 837 2070 fuisset
860 2017 885 2080 d
908 2009 937 2070 in
961 2004 1000 2071 20
1022 2002 1120 2090 30010
1144 2021 1187 2082 Θ,
1212 2007 1315 2088 quiin
1339 2005 1381 2070 20
1402 2006 1468 2072 2800
1481 2022 1511 2075 Θ

84 2096 88 2101 ’
165 2096 322 2176 reponitur
354 2097 383 2158 in
407 2098 519 2159 tabula.
574 2095 676 2159 Causa
704 2096 925 2161 observationis
949 2116 1070 2160 crassae
1092 2116 1147 2177 per
1169 2096 1294 2171 radium,
1319 2115 1358 2158 ex
1381 2104 1512 2178 tempora

166 2193 263 2266 patet.
319 2185 504 2249 Excesserat
532 2186 633 2267 Tycho
665 2205 702 2247 ex
733 2187 831 2250 insula
860 2188 974 2249 relictis
1002 2186 1209 2249 instrumentis
1231 2192 1354 2266 praeter
1377 2187 1511 2249 radinmz

166 2294 261 2356 neque
298 2284 397 2337 tamen
428 2276 578 2356 negligere
607 2275 724 2336 omnino
752 2277 875 2339 volebat
904 2276 981 2338 hanc
1014 2275 1241 2356 oppositionem.
1287 2274 1412 2338 Utinam
1444 2294 1512 2339 vero

165 2363 328 2425 mansisset
364 2366 520 2427 hactenus.
582 2365 701 2426 Eximio
731 2367 809 2428 enirn
846 2374 911 2428 erat
946 2366 1033 2445 hujus
1066 2364 1261 2447 oppositionis
1303 2366 1511 2444 opportunitas

166 2456 236 2524 (neo
272 2454 353 2515 intra
389 2455 514 2517 hominis
553 2461 684 2515 aetatem
720 2456 796 2518 adeo
829 2474 919 2536 saepe
952 2458 1122 2531 recurrens)
1145 2453 1184 2515 ad
1206 2454 1381 2534 parallaxes
1404 2455 1511 2518 Martis

164 2541 347 2622 probandas.

252 2629 292 2692 X
338 2632 426 2694 Anno
453 2627 537 2695 1600
561 2631 590 2693 d.
618 2626 720 2704 13123.
743 2632 813 2695 Jan.
837 2633 868 2695 h.
896 2629 947 2693 11.
973 2629 1027 2694 500
1049 2639 1116 2695 erat
1139 2631 1276 2694 ascensio
1301 2640 1435 2703 recta&

508 2738 546 2782 ex
568 2720 665 2782 lucido
688 2722 764 2801 pede
788 2726 820 2794 Π
1167 2716 1255 2784 1310.
1273 2718 1328 2784 230
1352 2718 1419 2784 3900

508 2828 545 2869 ex
567 2810 705 2886 cordeil
1163 2806 1236 2874 131.
1273 2807 1328 2874 27.
1351 2807 1406 2874 37.

506 2918 543 2960 ex
567 2899 689 2961 Polluce
1161 2896 1234 2963 131.
1272 2896 1406 2964 2318.

162 2987 246 3050 Hora
272 2984 321 3052 12.
349 2985 400 3050 170
433 3019 474 3030 -
506 3007 544 3049 ox
567 2986 598 3050 3.
623 2989 746 3074 aloenp
1165 2985 1237 3052 131.
1275 2984 1407 3054 2918.

162 3095 293 3158 Medium
318 3117 354 3158 ex
378 3114 473 3175 aequo
497 3103 529 3156 et
552 3095 667 3156 bono.
716 3141 722 3155 .
772 3138 779 3153 .
828 3139 835 3153 .
938 3139 945 3154 .
993 3141 999 3155 .
1047 3140 1055 3156 .
1104 3140 1110 3155 .
1160 3092 1233 3159 131.
1271 3092 1326 3158 21.
1350 3093 1406 3159 33.

162 3185 240 3247 Hinc
264 3195 289 3256 d
313 3187 341 3249 in
369 3181 584 3249 1003801000
609 3189 634 3261 tl
657 3183 744 3263 idque
768 3183 797 3244 h.
822 3141 941 3247 llilO‘
965 3189 1098 3263 ternpore
1123 3195 1252 3264 aequato
1277 3184 1372 3247 etad
1396 3184 1505 3247 Urani-

164 3311 316 3389 burgicum
344 3310 537 3372 meridianum
568 3308 699 3371 reducto.
745 3307 801 3368 Dic
832 3327 900 3369 vero
929 3269 1059 3352 Q
1082 3308 1187 3370 eadem
1211 3309 1285 3372 hora
1307 3307 1337 3370 in
1361 3304 1508 3382 0018οἓ

164 3435 379 3497 collocabatur.
418 3435 494 3496 Hinc
519 3435 640 3496 diurnus
662 3433 804 3512 prodibat
826 3428 879 3495 230
894 3357 959 3494 1100
973 3362 1076 3494 011001ιά
1096 3433 1125 3496 d.
1146 3426 1250 3515 19l29.
1267 3433 1338 3494 Jan.
1363 3432 1393 3494 h.
1410 3430 1441 3496 9.
1458 3429 1508 3497 100

164 3525 245 3586 locus
269 3526 298 3586 in
322 3521 361 3587 8⁰
387 3520 438 3588 180
461 3521 526 3587 1500
551 3530 584 3599 tl,
609 3523 651 3584 uti
677 3533 706 3583 et
728 3528 900 3600 posuerunt.

252 3615 345 3676 Porro
374 3614 449 3676 banc
479 3611 710 3692 discrepantiam
734 3610 941 3672 ascensionum
969 3618 1117 3671 rectarum
1139 3610 1225 3689 posui
1247 3610 1324 3685 ideo,
1349 3620 1385 3672 nt
1407 3618 1509 3673 osten·

60 3776 66 3785 1
163 3701 271 3778 derem,
304 3704 394 3764 etiarn
425 3703 454 3765 in
479 3703 547 3783 ipsa
570 3701 779 3763 observatione
803 3700 916 3779 aliquot
938 3699 1115 3760 minutorum
1139 3699 1378 3762 incertitudinem
1401 3700 1530 3777 inesse„

162 3792 220 3854 nisi
254 3793 361 3874 ubique
392 3811 507 3855 surrrma
540 3791 696 3870 diligentia
729 3789 906 3850 adhibeatur
936 3788 1025 3849 nullis
1059 3788 1206 3850 destituta
1235 3789 1507 3852 commoditatibus.

164 3882 321 3944 Venerant
351 3891 420 3944 tnnc
451 3883 650 3943 instrumenta
680 3883 749 3949 (nec
777 3897 813 3939 ea
837 3877 982 3951 maxima)
1007 3878 1035 3938 in
1058 3877 1254 3951 Bohemiam;
1283 3879 1410 3942 necdum
1433 3880 1508 3943 satis

163 3979 250 4034 erant
273 3971 348 4033 bene
372 3972 521 4032 collocata
544 3979 576 4031 et
597 3978 755 4050 praeterea
779 3968 887 4028 affecta
910 3967 948 4027 ab
972 3967 1086 4028 itinere.
1134 3967 1197 4029 Sed
1223 3978 1325 4028 tamen
1348 3969 1509 4031 usuvenit

116 4088 119 4093 ·
162 4060 284 4142 saepius
308 4060 397 4123 etiarn
421 4061 450 4122 in
475 4058 735 4121 observationibus
759 4057 917 4129 insulanis,
949 4065 983 4117 ut
1013 4055 1204 4117 ascensiones
1227 4064 1328 4117 rectae
1352 4077 1372 4117 a
1395 4056 1507 4119 duabus

163 4151 262 4213 stellis
307 4151 453 4213 deductae
491 4150 662 4227 discrepent
699 4144 739 4209 3‘.
804 4146 849 4206 De
888 4165 944 4224 qno
981 4164 1047 4206 cnm
1083 4146 1268 4206 consulerem
1305 4144 1508 4210 Christianum

164 4247 435 4317 (rsnpmonanum),
465 4259 501 4299 ao
531 4237 773 4299 observationum
801 4255 853 4295 sen
882 4234 963 4295 risus
992 4233 1197 4295 imbecillitate
1224 4235 1359 4297 accidere
1388 4237 1506 4299 credero

163 4333 317 4404 deberem,
341 4329 514 4408 respondit:
539 4347 606 4387 non
632 4326 800 4387 insolens
824 4325 892 4384 hoc
918 4343 1008 4383 csse.

250 4420 387 4499 Denique
410 4418 466 4478 hoc
490 4435 604 4496 quoque
629 4415 677 4475 hic
701 4424 748 4474 est
772 4415 966 4487 monendum,
989 4412 1121 4491 profiteri
1146 4411 1317 4492 Tychonem
1340 4412 1370 4473 in
1395 4413 1505 4485 rabula,

162 4531 195 4572 se
219 4508 425 4591 parallaxibus
448 4505 605 4568 Solaribus
629 4523 713 4564 usurn
737 4504 765 4562 in
790 4501 971 4581 corrigendis
995 4501 1068 4561 locis
1093 4501 1213 4562 Martis.
1265 4503 1310 4561 At
1326 4502 1390 4581 jam
1405 4502 1506 4564 statim

164 4601 299 4680 patebit,
343 4596 486 4658 lubricum
522 4603 554 4654 et
591 4592 825 4671 imperceptibile
864 4611 930 4651 esso
967 4590 1119 4669 negotium
1155 4590 1349 4669 parallaxeon
1387 4591 1505 4652 Martis.

162 4689 273 4750 Parum
310 4696 410 4748 tamen
445 4685 501 4745 hoc
533 4683 625 4742 eflicit
653 4682 690 4741 ad
721 4683 850 4741 locorum
880 4680 966 4759 hnjns
991 4678 1112 4739 tabulae
1135 4678 1358 4754 certitudinem,
1391 4680 1507 4760 quiae·

165 4779 226 4839 lere
249 4796 365 4859 semper
388 4775 417 4836 iu
442 4774 539 4835 medio
564 4771 646 4831 coelo
670 4781 771 4852 potest
794 4768 945 4831 obseruari
969 4786 1080 4831 vacuus
1102 4767 1296 4846 longitudinis
1317 4770 1477 4850 parallaxi.
