3374 5528
647 313 709 373 rm
726 313 818 372 ’I'srtla
856 320 938 386 capnt
954 317 1007 373 XL.
1440 314 1505 389 325

147 492 336 557 conchoidea
359 495 562 568 AQRBSLA
586 504 617 558 et
641 496 695 560 OD
726 499 816 578 plane
845 506 927 560 esset
960 496 1095 580 aequalis
1123 497 1234 576 figurae
1259 496 1378 563 OBBD.
1424 500 1506 563 Nam

148 584 293 647 conchois
327 594 445 647 secaret
467 587 520 649 BB
553 586 584 647 in
616 586 695 648 linea
717 587 795 660 EA;
829 597 860 649 ιι
889 588 959 669 quia
980 588 1038 650 BA
1069 605 1209 665 suprema
1240 597 1272 650 et
1302 589 1404 650 infima
1436 596 1529 657 sunt.

149 674 305 754 aequales,
330 682 361 736 et
374 672 432 744 BQ
455 675 589 757 aequalis
613 675 669 756 ipsi
685 676 749 751 LB,
774 686 805 738 et
818 675 876 739 BR
899 676 956 756 ipsi
970 676 1021 741 SB
1036 677 1110 738 &ct
1135 694 1206 757 ergo
1230 678 1342 758 figurae
1360 677 1506 750 BBRQA

147 771 178 824 et
199 763 340 827 BBALS
364 770 467 824 essent
490 782 656 842 congruae,
691 784 814 845 quarum
848 765 945 827 alteru
975 766 1130 837 desectus,
1164 767 1261 831 altera
1291 785 1444 830 excessus.
1458 775 1507 830 est

147 852 308 932 figurarum
333 850 441 915 CBBE
465 863 496 914 et
511 853 628 915 ¹EBBD
652 854 840 935 aequalium:
872 861 938 916 tota
961 854 1053 934 igitur
1076 856 1172 932 figura
1202 856 1280 917 inter
1303 853 1505 926 AQRBSLA

147 952 177 1002 et
210 939 268 1003 OD
302 941 358 1002 toti
391 940 470 1003 inter
493 941 545 1003 BB
575 951 606 1002 et
631 941 685 1005 OD
714 943 849 1022 aequalis
883 951 941 1004 ιιι.
988 944 1095 1023 ltaque
1129 943 1292 1023 spatiolum
1322 945 1400 1006 inter
1428 945 1504 1006 duas

147 1029 329 1092 conchoides
351 1028 553 1100 AQRBSLA
570 1041 600 1092 et
615 1031 830 1095 AAAAAAA
846 1033 968 1093 metitur
991 1049 1147 1093 excessum
1172 1033 1386 1095 distantiarum
1411 1020 1449 1094 ex
1470 1035 1501 1096 A

147 1138 239 1199 snper
265 1118 554 1194 distantiasexB,
585 1119 614 1181 in
639 1120 817 1202 sequidem
850 1140 1008 1194 mensura,
1040 1121 1070 1183 iu
1099 1138 1158 1199 qua
1187 1121 1503 1237 parallelogrammum

147 1208 269 1289 ponitur
293 1208 419 1289 aequale
443 1207 580 1270 omnibus
604 1207 759 1271 distantiis
783 1227 819 1271 ex
842 1211 879 1272 Β

236 1296 280 1361 Et
302 1305 386 1371 nota,
410 1297 488 1377 qnod
512 1298 643 1376 spatium
669 1298 726 1361 hoc
742 1318 801 1360 non
825 1305 873 1359 est
896 1297 1030 1377 ejusdem
1054 1296 1250 1361 latitudinis
1241 1317 1271 1358 ιι
1289 1297 1364 1359 locis
1388 1264 1505 1365 alinea

147 1384 202 1448 uA
229 1385 399 1467 aequaliter
420 1385 563 1458 remotis,
597 1386 650 1448 sed
673 1386 753 1448 infra
776 1386 878 1450 latins
926 1387 1036 1449 Nam
1028 1404 1059 1449 ιι
1082 1387 1237 1449 schemate
1266 1385 1405 1450 circulari
1427 1402 1502 1475 cou·

147 1475 281 1537 tinuetur
312 1475 400 1536 HBR
429 1474 523 1548 inV,
558 1483 592 1536 ut
614 1475 687 1551 ΑΗ,
712 1476 772 1537 AV
805 1476 1010 1556 respondeant
1043 1474 1161 1555 angulis
1185 1474 1269 1536 ΗΒΕ
1301 1475 1448 1554 superiori
1471 1485 1502 1538 et

147 1564 229 1627 FBV
253 1564 388 1626 inferiori
412 1563 589 1644 aequalibus
613 1573 644 1626 ιι
667 1565 835 1646 aequaliter
858 1586 876 1625 a
899 1564 1007 1626 mediis
1030 1563 1208 1643 punctisE,
1234 1564 1259 1624 F
1282 1565 1414 1626 remotis.
1460 1566 1503 1628 Et

147 1660 250 1716 centro
274 1655 304 1717 A
329 1652 508 1715 diastemate
540 1653 602 1714 AV
634 1673 688 1734 per
714 1655 774 1715 ΛΗ
803 1661 834 1715 ιι
860 1654 918 1715 BH
949 1673 1038 1723 arcus
1069 1652 1170 1715 circuli
1200 1653 1326 1714 ducatur
1349 1653 1420 1715 XY.
1467 1654 1501 1717 Si

147 1762 218 1822 ergo
243 1742 305 1805 AY
327 1742 533 1816 connexueris,
557 1741 617 1804 erit
630 1742 721 1806 AYR
743 1743 833 1823 plane
858 1761 1019 1821 congruum
1043 1742 1194 1823 triangulo
1216 1741 1328 1805 AVR:
1354 1761 1424 1805 nam
1439 1743 1502 1805 AV

147 1840 176 1894 ιι
196 1831 262 1894 AY
286 1841 317 1893 et
338 1832 400 1893 AX
424 1838 495 1893 sunt
524 1832 668 1917 aequales
698 1851 736 1893 en
768 1832 1010 1906 constructione,
1040 1841 1071 1892 et
1098 1831 1268 1911 longiores3
1299 1830 1353 1892 sed
1376 1838 1408 1892 et
1430 1831 1499 1907 VR,
1576 1888 1579 1895 .

147 1920 205 1982 ΒΥ
230 1927 302 1981 sunt
331 1921 473 2002 aequales
502 1927 534 1981 et
560 1921 701 1983 minores.
748 1921 796 1983 Ex
817 1928 928 2002 puncto
959 1920 1083 1982 veroli
1115 1928 1202 1981 extra
1232 1919 1501 1983 circumferentiam
1575 1948 1586 1967 ·

147 2008 207 2071 XY
232 2009 340 2070 ἀιιιιι
370 2017 443 2073 snut
475 2010 551 2070 duae
574 2009 636 2071 ΗΧ
663 2029 718 2090 per
748 2018 882 2071 centrum
904 2011 934 2071 A
960 2015 990 2070 et
1012 2008 1072 2070 HY
1094 2015 1215 2088 praeter
1246 2018 1395 2078 centrum,
1429 2027 1500 2089 ergo

147 2097 206 2160 ΗΥ
230 2105 279 2160 ιιι
302 2098 418 2178 longior
441 2118 530 2178 quam
553 2099 632 2174 HX;
656 2098 753 2178 major
777 2116 848 2178 ergo
872 2098 933 2161 AV
957 2097 1006 2158 vel
1028 2098 1091 2159 AX
1121 2103 1248 2177 angetur
1276 2095 1405 2160 breviori
1427 2098 1499 2174 XII,

147 2195 177 2249 et
199 2186 299 2248 minor
322 2186 383 2249 VR
405 2187 454 2248 vel
477 2187 537 2249 RY
559 2197 685 2267 augetur
709 2188 835 2265 longiori
854 2187 933 2248 YII.
926 2207 933 2221 ·
959 2192 1111 2247 ettamen
1134 2192 1202 2247 tota
1225 2185 1283 2248 RH
1305 2194 1406 2257 manet
1431 2187 1500 2250 bre-

147 2277 213 2338 vior
246 2294 335 2357 quam
365 2284 433 2337 tota
455 2276 525 2339 ΑΗ.
572 2276 655 2356 Ergo
687 2277 859 2339 differentia
882 2276 941 2337 RH
965 2282 996 2336 et
1027 2276 1088 2337 ΑΗ
1118 2274 1214 2336 minor
1246 2282 1295 2336 est
1331 2275 1501 2340 differentia

147 2364 205 2427 RY
228 2372 261 2426 et
282 2366 356 2438 AX,
378 2366 435 2426 hoc
459 2374 508 2426 est
531 2365 701 2426 differentia
724 2365 785 2426 VR
803 2373 835 2426 ιι
850 2366 920 2427 VA.
958 2363 1095 2444 Itaque
1088 2383 1117 2425 ιι
1141 2363 1305 2426 conchoide
1321 2362 1379 2426 SA
1402 2367 1526 2455 major¹
1600 2434 1604 2445 ,
1634 2354 1639 2403 3

147 2463 204 2527 est,
229 2452 289 2516 Ra
313 2455 417 2528 minor,
443 2453 500 2515 etsi
524 2454 575 2529 IE,
599 2453 656 2515 uu
680 2456 830 2535 aequales
867 2454 936 2515 Non
960 2472 1032 2533 ergo
1057 2452 1208 2515 bisecatur
1231 2453 1268 2515 ab
1289 2453 1346 2514 EA
1369 2446 1501 2533 spatium

147 2542 224 2606 inter
239 2542 315 2604 duas
330 2542 531 2605 conchoides:
556 2542 674 2604 videtur
697 2551 799 2606 autern
819 2542 950 2605 bisecari
966 2543 1061 2613 aBB,
1087 2542 1165 2621 quod
1185 2543 1324 2624 exploret
1344 2553 1501 2623 geometra
1602 2588 1605 2595 -
1660 2528 1663 2535 ’

147 2633 269 2713 aliquis,
291 2639 324 2693 et
337 2632 425 2693 simul
442 2633 551 2694 doceat
571 2632 720 2713 quadrare
740 2631 872 2712 spatium
886 2631 964 2693 inter
988 2630 1178 2704 conchoides,
1197 2638 1232 2693 nt
1244 2632 1500 2698 numerationibue

147 2730 250 2805 aptum
273 2722 336 2784 liat.
374 2722 459 2783 Infra
482 2739 548 2800 cap.
568 2720 685 2783 XLIII.
711 2721 847 2783 invenies
871 2720 1113 2782 aestimationem
1131 2738 1264 2781 crassam
1285 2720 1372 2800 hujus
1395 2723 1498 2803 spatii.
1590 2798 1593 2803 .

235 2810 321 2872 Haec
336 2810 437 2891 itaque
454 2810 491 2872 de
514 2809 691 2892 physicae
716 2809 955 2890 aequationis
975 2808 1198 2912 computatione
1213 2809 1395 2891 generaliter
1408 2830 1499 2891 prae-

147 2900 267 2963 mittere
291 2899 387 2975 volui,
412 2906 458 2974 ut,
484 2899 620 2980 quamvis
644 2919 680 2960 ea
706 2899 835 2961 nondum
859 2920 877 2960 a
900 2898 1079 2960 necessariis
1103 2898 1286 2977 geometriae
1311 2898 1499 2963 adminiculis

147 2989 222 3052 satis
247 2996 296 3049 est
318 2988 481 3057 instructa,
515 2986 568 3049 sed
592 3007 686 3069 neque
709 2989 778 3050 dum
802 3007 904 3049 omnes
933 2987 1166 3089 inaequalitates
1188 2988 1377 3068 planetarum
1407 2998 1498 3079 pate·

146 3078 246 3141 iactae
270 3079 353 3151 (cum
376 3078 553 3156 praesertim
577 3077 904 3157 praesupposuerimus,
929 3077 1008 3138 viam
1024 3074 1106 3138 Solis
1130 3076 1178 3137 vel
1202 3076 1312 3138 Terrae
1336 3095 1404 3140 esse
1426 3097 1498 3160 per-

147 3168 256 3229 lectum
272 3165 481 3236 eccentricnm,
497 3166 575 3247 quod
590 3172 690 3227 tamen
706 3166 784 3228 inlra
798 3166 835 3227 de
849 3166 948 3227 Marte
965 3163 1121 3245 negabitur
1134 3183 1201 3246 cap.
1216 3164 1333 3226 XLIV.
1345 3166 1496 3243 sauma,

147 3275 202 3319 non
226 3264 330 3318 tamen
353 3255 474 3317 nimium
497 3255 572 3316 haec
596 3254 730 3335 operatio
755 3275 774 3315 a
797 3274 853 3316 sna
880 3253 1085 3333 speculatione
1113 3254 1280 3334 praemissa
1303 3251 1497 3318 divideretur.

147 3345 224 3408 Nam
243 3344 322 3425 qnod
345 3344 492 3407 theoriam
506 3344 588 3406 Solis
611 3342 730 3417 attinet,
754 3343 857 3423 inqua
879 3342 987 3405 fuimns
1011 3342 1157 3404 hactenus
1171 3342 1294 3416 versati,
1319 3342 1392 3406 nihil
1411 3344 1498 3408 nobis

147 3434 351 3499 incommodet
383 3453 478 3514 neque
501 3431 674 3495 conchoidis
702 3432 795 3511 spatii
828 3431 993 3510 neglectio,
1023 3451 1084 3511 qna
1113 3430 1209 3492 minus
1236 3431 1322 3511 J'nsto
1346 3433 1497 3511 sumimus,

147 3544 241 3606 neque
264 3523 390 3604 perfecti
414 3521 573 3584 eccentrici
595 3521 751 3596 assumtio,
776 3539 835 3601 qua
857 3520 973 3581 ratione
997 3518 1147 3581 abundare
1172 3519 1355 3581 videmurt'
1346 3541 1377 3583 ιι
1402 3540 1498 3602 quan-

147 3622 208 3677 tum
228 3612 294 3694 jam
313 3612 442 3692 judicari
465 3619 568 3691 potest
592 3610 720 3672 nondum
745 3608 882 3671 omnibns
905 3605 1072 3688 explicatis.
1120 3607 1183 3670 Imo
1214 3608 1288 3669 haec
1318 3608 1374 3672 hoc
1398 3611 1497 3692 capite

147 3702 200 3765 suh
223 3701 421 3784 paralogismi
444 3708 518 3763 nota
531 3701 655 3781 rejecta,
681 3699 767 3774 inira,
794 3716 859 3760 cnm
876 3698 914 3758 ad
937 3696 1125 3759 verissimum
1148 3697 1267 3759 modum
1285 3700 1498 3780 aequationem

147 3792 326 3864 venerimus,
350 3797 549 3864 resumantur,
583 3789 738 3852 eliminato
761 3789 813 3851 illo
837 3806 875 3849 ex
897 3785 1055 3869 hypothesi
1085 3786 1162 3857 ista,
1187 3787 1265 3866 qnod
1295 3790 1498 3870 paralogismo

147 3880 231 3943 dedit
254 3877 454 3939 occasionem.

236 3964 409 4047 (Inmergo
433 3985 555 4029 cansam
585 3973 616 4027 et
648 3981 817 4026 mensuram
849 3962 1152 4043 inaequalitatis
1185 3961 1390 4042 secundae,
1423 3985 1497 4047 qnae

147 4056 287 4139 planetas
311 4054 390 4119 visui
413 4054 617 4129 stationarios,
643 4054 774 4116 directos
797 4059 829 4113 et
850 4053 1043 4132 retrogrados
1067 4051 1202 4127 exhibet,
1235 4069 1289 4132 per
1312 4056 1498 4118 certissimas

147 4143 377 4209 observationes
401 4153 432 4207 et
455 4143 725 4207 demonstrationes
749 4142 788 4205 ad
811 4160 939 4222 unguem
962 4140 1185 4221 descripserim,
1208 4148 1341 4220 ostenso,
1366 4146 1444 4227 quod
1467 4151 1499 4206 et

147 4235 213 4318 ipsa
234 4235 313 4299 haec
337 4236 469 4298 secunda
492 4233 692 4314 inaequalitas
716 4230 912 4293 communicet
935 4231 971 4292 de
994 4229 1211 4310 inaequalitate
1236 4230 1340 4310 prima,
1365 4242 1396 4296 et
1418 4232 1497 4313 quod

147 4324 265 4389 theoria
287 4323 372 4387 Solis
403 4324 452 4386 vel
481 4324 593 4385 Terrae
617 4320 813 4401 (Copernioo)
840 4319 888 4381 vel
921 4318 1045 4402 epicyoli
1077 4318 1283 4393 (Ptolemaeo)
1317 4320 1423 4385 similis
1456 4322 1498 4383 sit

147 4412 283 4477 theoriae
298 4420 464 4476 ceterorum
487 4412 684 4493 planetarum,
710 4418 740 4471 et
755 4408 855 4470 causis
878 4407 1010 4491 physicis
1033 4407 1121 4487 hujus
1144 4406 1369 4488 inaequalitatis
1384 4410 1497 4491 primae

147 4502 279 4566 inrsntIs
303 4502 400 4582 adque
430 4498 576 4563 calculum
604 4517 657 4600 pro
690 4497 808 4559 theoria
830 4496 913 4560 Solis
942 4495 1192 4560 accommodatis·
1222 4496 1291 4575 jure
1318 4499 1425 4562 merito
1448 4497 1497 4559 hic

147 4592 303 4655 tertiam
336 4597 498 4670 partem,
533 4588 619 4669 quasi
653 4586 801 4687 quoddam
837 4585 1105 4650 antemeridianum
1142 4602 1285 4663 pensum,
1319 4587 1496 4669 interposito

147 4681 284 4762 prandio,
307 4678 398 4741 finio:
423 4678 593 4741 succinente
617 4674 688 4737 mihi
712 4672 918 4735 remissionum
940 4673 1030 4737 animi
1053 4672 1217 4752 magistro:

282 4768 375 4830 Pars
406 4773 562 4848 superat
593 4761 740 4845 coepti,
772 4779 861 4842 pars
894 4770 953 4824 est
984 4764 1166 4826 exhausta
1197 4760 1359 4827 laboris.

375 4855 443 4919 Hic
474 4860 605 4918 teneat
636 4856 789 4915 nostras
821 4850 984 4915 anchora
1010 4852 1124 4934 lacta
1154 4855 1267 4913 rates.

727 4978 918 4991 ,ιι-..ηο-
