3368 5534
646 330 808 395 Ptooeuiuru.
1378 330 1398 412 5

50 514 182 598 gicisque
206 517 337 580 in'servit
362 517 638 610 disquisitionibus,
671 542 746 603 quas
772 522 940 600 Imperator
970 520 1149 601 Rudolphus
1181 521 1240 602 ipsi
1269 523 1398 585 mauda-

52 617 151 680 verat,
184 607 294 669 iterum
317 607 394 669 adiit
415 609 565 684 Martem,
597 629 673 690 quae
703 611 794 672 dubia
816 608 875 689 ipsi
902 618 1094 672 occurrerant
1116 609 1147 671 in
1169 610 1288 692 11166116
1309 612 1398 693 hujus

54 695 187 775 plmetae
210 715 230 756 a
253 695 395 779 Tychone
418 704 450 758 et
471 698 721 778 Longomontano
750 698 907 771 instituta,
940 698 1092 779 inquirens
1120 707 1210 782 atque
1240 701 1398 764 immutare

56 794 183 859 conatus,
208 794 354 865 quantum
377 785 455 848 inter
478 785 557 849 alias
579 789 793 870 occupationes
815 786 879 848 11611
901 787 1009 866 661611.
1031 853 1037 865 ,

133 874 266 953 Propius
289 883 390 936 antem
412 875 577 955 Keplerum
595 877 660 956 jam
684 896 720 939 eo
743 885 888 956 ternpore,
912 895 970 956 quo
994 876 1074 957 apud
1096 877 1269 959 Tychonem
1292 897 1400 942 versa-

59 962 144 1035 batur,
167 963 208 1023 ad
232 981 295 1025 rem
318 962 415 1044 ipsam
438 966 616 1041 accessisse,
639 974 726 1048 patet
743 985 759 1026 e
778 965 876 1026 literis
895 965 934 1025 ad
953 966 1108 1044 Maginum
1128 965 1194 1030 Cal
1216 968 1286 1030 Jun.
1305 965 1398 1031 1601.

60 1051 135 1125 datis,
154 1072 247 1132 quum
261 1052 443 1134 valetudinis
462 1062 608 1117 61161661
626 1055 858 1118 domesticarum
872 1072 964 1115 causa
981 1053 1139 1117 Graetium
1153 1075 1293 1119 reversus
1308 1064 1400 1132 esset,

62 1158 229 1221 quamquam
252 1141 400 1204 calculum
423 1143 553 1205 nondum
570 1145 628 1208 sibi
651 1144 877 1207 convenientem
901 1143 1148 1222 deprehenderat,
1172 1145 1401 1226 quamobrem

60 1229 203 1308 llsginum
227 1229 319 1306 adiit,
348 1239 382 1293 ut
405 1251 439 1294 se
462 1232 493 1293 in
509 1232 569 1310 ¹illo
597 1233 770 1296 adornando
804 1232 977 1294 sublevaret
1000 1231 1084 1305 (vide
1106 1232 1209 1307 16116).
1256 1236 1401 1315 Proponit

61 1318 170 1398 llagino
203 1319 377 1382 methodum
408 1341 510 1396 suam,
530 1341 631 1402 quam
663 1322 786 1386 exhibet
813 1322 875 1383 1616
908 1321 1034 1382 eandem
1056 1321 1087 1383 iu
1111 1319 1401 1387 commentariorum

62 1405 154 1487 Capite
184 1404 234 1482 16,
258 1415 290 1469 61
311 1410 429 1490 quaerit
453 1431 512 1484 „au
535 1420 567 1473 61
589 1412 638 1474 hic
661 1430 708 1474 me
732 1409 987 1473 demonstratione
1006 1409 1114 1488 juvare
1136 1410 1239 1490 possis
1249 1411 1283 1472 ?“
1316 1414 1400 1476 1116-

62 1495 189 1558 1666616
212 1516 310 1559 novae
328 1499 500 1561 condendae
524 1502 726 1564 astronomiae
741 1500 864 1579 Magius
880 1500 954 1560 haec
973 1499 1132 1579 proponit:
1161 1498 1193 1567 1)
1207 1499 1402 1564 Planetarum

62 1592 146 1647 notus
169 1586 322 1648 referendi
345 1595 424 1664 sunt,
457 1607 517 1650 non
539 1598 574 1652 ut
600 1592 745 1653 hactenus
778 1589 925 1650 creditum
948 1589 1059 1649 estad
1081 1586 1255 1663 medinm,
1283 1590 1338 1651 sed
1361 1590 1400 1651 ad

62 1693 171 1737 rerum
194 1674 279 1738 Solis
303 1676 409 1739 locum.
456 1674 492 1750 2)
523 1680 760 1761 inaequalitates
789 1678 964 1739 inferiorum
991 1677 1180 1757 planetarum
1211 1677 1400 1757 prodeunte

63 1773 131 1824 notu
146 1765 271 1827 Terrae.
310 1762 579 1839 3166111666
596 1767 831 1850 planetariorum
850 1765 1015 1829 orbitarum
1038 1766 1302 1829 constantissimae
1321 1774 1400 1829 suut.

61 1847 251 1920 1106161616
275 1853 293 1915 7
317 1854 508 1934 planetarum
535 1857 719 1920 theoriarum
746 1855 843 1916 forma
871 1863 919 1917 est
945 1855 1070 1931 eadem,
1102 1855 1228 1936 quilibet
1259 1855 1401 1918 circulum
1501 1845 1508 1864 ⁸

9 1998 11 2015 ,
60 1940 178 2003 decurrit
201 1961 289 2004 sunm
311 1943 462 2031 inaequali
486 1946 652 2009 celeritate.
700 1943 735 2019 5)
758 1944 849 2007 Datis
873 1943 970 2005 tribus
996 1943 1185 2026 acrouychiis
1209 1943 1401 2008 observatio-

9 2028 11 2034 ’
60 2029 136 2091 611166
159 2029 346 2111 deprehendi
367 2042 470 2113 potest
493 2035 640 2099 distantia
654 2034 736 2098 Solis
760 2041 791 2094 et
809 2035 920 2095 Terrae
945 2040 976 2093 et
998 2032 1066 2094 inde
1090 2033 1238 2095 distantia
1259 2035 1400 2114 planetae

58 2117 168 2200 ejusque
192 2119 286 2183 611116.
334 2119 369 2197 6)
392 2123 483 2185 Datis
515 2132 642 2205 quatuor
674 2123 782 2186 sitibus
813 2122 954 2203 planetae
985 2121 1174 2204 acrcnychiis
1206 2120 1400 2185 determinari

57 2217 148 2287 potest
170 2208 285 2288 aphelii
309 2210 374 2290 ejus
398 2211 492 2274 locus.

133 2296 223 2370 Quae
247 2299 349 2361 omnia
371 2302 502 2364 nondum
525 2300 655 2365 numeris
676 2298 805 2380 probata
829 2298 883 2360 sed
898 2297 1068 2378 probabilia
1089 2304 1205 2385 tantum
1229 2307 1262 2362 61
1274 2307 1399 2361 naturae

57 2384 273 2469 rationibusque
296 2389 431 2471 physicis
454 2399 657 2454 consentanea
675 2390 705 2450 in
724 2387 823 2450 literis
838 2386 900 2449 illis
915 2388 954 2448 ad
968 2386 1125 2467 Maginnm
1141 2388 1222 2451 datis
1237 2407 1303 2450 eam
1320 2388 1397 2450 forte

57 2474 88 2535 cb
101 2495 222 2539 6666661
239 2477 393 2540 Gruetic
416 2498 454 2540 ex
472 2481 544 2542 urbe
563 2479 695 2552 exhibet,
719 2498 756 2539 ne
772 2477 886 2559 Tycha,
912 2475 1021 2552 „nimis
1037 2496 1135 2540 rerum
1154 2497 1275 2540 suarum
1289 2496 1399 2559 parcus

57 2573 194 2628 etcustos
217 2566 390 2647 suspicione
412 2569 539 2650 plenus“
566 2567 681 2630 sinistri
704 2566 775 2648 quid
792 2574 944 2645 argueret,
968 2565 994 2627 si
1010 2566 1090 2646 apud
1113 2567 1209 2647 ipsum
1225 2568 1344 2646 Progne
1359 2565 1399 2627 ad

56 2655 194 2717 aemulum
213 2656 437 2719 Bononiensem
460 2657 643 2739 scripsisset,
663 2654 961 2738 adqueMaginnm
985 2654 1117 2735 scripsit,
1141 2656 1211 2736 quia
1226 2675 1245 2716 a
1259 2655 1401 2737 Tychone

60 2744 152 2824 (quem
177 2743 207 2806 in
226 2745 322 2807 literis
341 2746 379 2807 ad
392 2749 588 2811 Maestlinum
611 2754 642 2807 61
657 2765 694 2807 ex
716 2751 804 2825 parte
827 2744 919 2805 etiam
941 2743 980 2804 ad
994 2743 1148 2822 Maginum
1172 2744 1212 2805 ad
1225 2763 1329 2806 verum
1346 2744 1402 2805 de-

60 2833 163 2910 pinxit)
187 2852 225 2895 ea
248 2854 326 2915 quae
350 2836 523 2916 quaerebat,
542 2835 663 2898 minime
680 2854 712 2896 se
727 2840 956 2896 consecuturum
973 2850 1040 2894 esse
1055 2832 1135 2894 haud
1149 2832 1317 2912 ignorabat
1341 2832 1404 2896 Sed

58 2921 189 3001 llagiuus
205 2942 323 3005 quoqne
339 2925 463 3006 Kepleri
480 2926 735 3006 exspectationem
751 2921 906 2996 destituit;
929 2921 1029 3001 plane,
1046 2922 1133 3003 quasi
1147 2921 1223 2983 nihil
1236 2942 1254 2983 a
1269 2922 1402 3002 Keplero

58 3012 229 3092 accepisset,
246 3011 404 3088 obmutuit,
420 3015 515 3076 donec
534 3033 612 3076 anno
627 3014 745 3077 demum
765 3010 858 3086 1610,
874 3019 1034 3092 postquam
1051 3009 1275 3073 commentaria
1289 3011 1401 3073 Martis

58 3097 197 3180 impressa
222 3101 356 3176 fueraut,
389 3122 452 3165 rem
484 3122 609 3165 movens
631 3102 717 3181 parvi
747 3099 889 3162 momenti
922 3099 998 3161 adiit
1019 3099 1182 3180 Keplerum
1205 3118 1259 3181 per
1282 3101 1397 3163 literas.

59 3186 133 3258 Quae
156 3189 188 3250 in
211 3190 401 3270 praefatione
424 3192 464 3252 ad
489 3192 753 3272 ,supplementum
772 3188 1026 3269 Ephemeridum“
1052 3188 1138 3265 dixit,
1162 3208 1311 3251 excusans
1330 3189 1399 3251 diu·

56 3283 164 3341 turnum
197 3299 285 3341 suum
317 3280 488 3356 silentium,
520 3281 600 3342 infra
628 3279 780 3359 legentur;
813 3277 862 3339 hic
890 3277 972 3340 dubii
1000 3277 1135 3359 quidem,
1168 3278 1227 3340 nisi
1256 3278 1398 3354 fallimur,

56 3365 125 3428 banc
148 3368 273 3450 insuper
300 3369 413 3433 silentii
442 3359 568 3433 dicimus
598 3368 691 3430 161666
721 3386 859 3442 causam,
892 3366 971 3447 quod
1003 3367 1080 3429 forte
1104 3368 1246 3448 Maginus
1269 3376 1399 3429 mentem

57 3455 173 3537 llepleri
196 3477 256 3520 nou
274 3460 397 3539 penitus
417 3459 596 3541 perceperit,
620 3477 674 3520 666
693 3456 832 3519 habuerit
845 3455 915 3537 quid
939 3456 1145 3537 responderet,
1168 3475 1256 3538 quam
1273 3457 1399 3519 eandem

56 3562 173 3608 causam
205 3546 321 3609 silentii
343 3550 389 3611 sui
413 3549 507 3612 fuisse
536 3547 763 3609 Maestlinus
797 3545 923 3626 ingenue
954 3546 1111 3625 profitetur
1134 3542 1274 3624 („Fateri
1296 3564 1399 3627 cogor,

56 3641 83 3693 tu
105 3654 317 3717 nonnunquam
347 3638 535 3712 sublimiora,
568 3655 655 3718 quam
687 3636 793 3717 quibus
823 3635 973 3715 ingenium
997 3642 1029 3696 et
1050 3634 1177 3697 eruditio
1204 3654 1273 3697 mea
1304 3635 1399 3698 satis-

57 3722 149 3785 facere
172 3723 287 3800 valent,
311 3729 524 3807 quaerebas“).
562 3726 613 3787 Ad
636 3726 713 3788 hunc
736 3725 814 3787 enim
834 3724 888 3787 sub
911 3725 999 3786 finem
1022 3724 1093 3785 anni
1109 3721 1203 3787 1601.
1223 3721 1291 3798 (20.
1308 3725 1399 3799 Dec.)

55 3812 151 3875 eadem
187 3814 269 3889 1616,
302 3835 377 3896 quae
413 3816 451 3878 ad
484 3814 659 3895 Maginum,
699 3815 881 3895 scripserat,
919 3812 1119 3888 contendens,
1160 3812 1328 3888 „theoriam
1364 3832 1398 3876 se

54 3902 236 3975 eastrnxisse
255 3903 376 3980 Martis,
399 3913 433 3967 ut
455 3925 562 3967 sensus
586 3903 784 3967 subtilitatem
817 3902 906 3964 facile
937 3902 1158 3983 adaequaturus
1182 3903 1224 3964 sit
1241 3903 1395 3965 calculus“

54 3992 130 4061 (ride
153 3992 258 4066 infra).

133 4081 226 4144 Initio
250 4082 322 4144 anni
347 4078 441 4158 1602,
470 4090 632 4163 occupatus
656 4081 687 4142 in
716 4081 831 4142 edendo
854 4079 1005 4162 Tychonis
1035 4097 1124 4159 opere
1148 4088 1181 4143 et
1204 4079 1398 4143 emendandis

54 4169 150 4232 lunae
173 4170 437 4234 observationibus
466 4172 591 4254 indeque
617 4170 760 4232 deductis
787 4168 899 4231 tabulis
931 4168 1097 4250 1661111616,
1126 4171 1255 4232 Martem
1279 4170 1397 4256 quidem

55 4259 222 4322 observavit
249 4261 402 4339 Keplerus
434 4261 509 4334 (vid.
542 4260 616 4341 Cap.
640 4260 748 4333 ΧΥ),
779 4278 884 4340 661616
916 4267 1016 4319 autem
1048 4257 1079 4319 in
1112 4259 1231 4322 theoria
1259 4258 1397 4340 proiecit,

53 4367 224 4432 quamquam
248 4349 280 4410 iu
305 4348 402 4411 literis
424 4350 463 4410 ad
486 4351 764 4429 Longomontanum
787 4347 868 4409 datis
889 4343 1006 4420 (1605)
1030 4347 1099 4409 huic
1123 4358 1236 4424 narrat,
1260 4347 1396 4427 coepisse
1507 4373 1511 4381 ·

54 4456 182 4502 166666
208 4435 304 4502 1602.
329 4438 488 4501 observare
508 4447 540 4500 et
557 4438 740 4501 6111611616
762 4436 889 4498 rediisse
912 4456 949 4498 ac
972 4435 1175 4513 invenisse,
1198 4438 1292 4499 viam
1314 4434 1397 4515 ejus

54 4546 130 4590 esse
154 4528 449 4608 6666611661661
473 4527 735 4601 ecccntricum,
759 4527 822 4587 sed
846 4525 995 4588 evalem.

134 4618 184 4681 Ex
207 4617 318 4679 iisdem
340 4615 437 4698 literis
460 4625 604 4699 apparet,
625 4616 789 4696 lieplerum
811 4615 849 4677 ab
878 4635 955 4677 anno
983 4610 1076 4680 1602.
1101 4634 1193 4695 usque
1217 4614 1255 4675 ad
1279 4613 1398 4680 initium

57 4707 120 4770 anni
146 4703 241 4771 1601.
269 4725 394 4787 „parum
422 4707 594 4788 respexisse
624 4706 663 4767 ad
685 4705 845 4780 Martem‚“
871 4723 956 4780 cnm,
988 4703 1167 4785 praesertim
1197 4723 1275 4765 anno
1301 4699 1397 4780 1603,

54 4793 218 4876 Opticam
245 4797 427 4869 adornaret,
451 4816 539 4878 qnam
570 4784 739 4859 absolutam
764 4793 894 4870 „obtulit
917 4793 1063 4858 Caesari“
1095 4791 1181 4854 initio
1205 4792 1275 4854 anni
1301 4789 1396 4868 1604,

46 4887 187 4971 typisque
198 4884 429 4950 exscribendam
437 4886 555 4950 curavit
563 4893 680 4948 aestate
689 4883 778 4964 hujus
789 4883 870 4968 anni.
891 4881 1031 4967 06161616
1042 4883 1397 4968 appareteseqneutibus
