3368 5534
296 312 361 383 418
778 310 817 368 De
834 315 943 369 Motibus
962 314 1056 369 Stellae
1073 316 1161 370 ntem·

297 504 446 570 causatur,
470 495 632 575 porrigiin
654 495 855 573 longitudines
879 497 1009 557 medias:
1036 498 1147 558 dictnrn
1168 517 1238 560 vero
1254 499 1334 576 jam,
1351 497 1547 572 diametrum,
1571 519 1640 580 quae

297 586 485 649 latitudinem
509 596 657 658 causatur,
682 586 793 663 porrigi
818 585 846 644 in
872 585 995 646 limites.
1042 587 1136 661 lgitur
1160 589 1185 649 si
1201 587 1313 648 limites
1322 589 1527 666 jungerentur
1539 589 1640 651 mediis

297 674 542 752 longitudinibus,
568 684 694 752 utraque
711 675 855 734 diameter
875 676 980 735 eodem
997 676 1213 754 porrigeretur;
1239 677 1340 754 itaque
1364 678 1640 749 lococonvenireut,

299 765 429 841 nihilque
469 762 642 842 prohiberet
671 763 738 842 quin
764 772 834 823 tunc
859 775 888 822 et
913 764 1035 825 eaedem
1060 785 1127 825 esse
1152 759 1336 843 pnsseut').
1382 767 1427 827 At
1451 784 1511 827 uon
1534 785 1640 857 oetge-

217 920 220 925 ,
259 926 272 935 ,Ι
300 853 386 915 aiunt
407 852 477 913 nodi
501 872 553 912 seu
576 852 726 912 sectiones
751 852 907 928 eclipticae
932 871 1019 913 verae
1043 853 1072 914 in
1098 853 1229 933 apsidas.
1268 855 1301 916 ln
1319 855 1419 916 Marte
1435 855 1639 919 limesborens

234 954 263 1017 ,'··
301 937 359 1005 12⁰
382 948 521 1002 estante
546 941 715 1020 apheliunr;
746 941 774 1001 in
798 940 874 1001 Jove
897 942 1032 1021 praecise
1057 943 1228 1004 coincidunt
1249 941 1335 1005 limes
1359 943 1471 1006 boreus
1494 954 1529 1006 et
1607 1010 1614 1023 ,

190 1002 381 1131 ¹{wallum
407 1030 434 1090 in
458 1028 588 1091 Saturno
612 1027 673 1092 24⁰
695 1031 790 1090 nodus
814 1031 947 1111 sequitur
970 1031 1136 1111 aphelium;
1165 1031 1195 1093 iu
1210 1032 1297 1094 Luna
1315 1032 1468 1095 brevitate
1490 1034 1519 1096 ci
1564 1036 1567 1041 '
1590 1022 1593 1027 ¹
1616 1036 1621 1045 '

209 1128 212 1133 '
296 1141 365 1184 num
395 1120 493 1180 omnia
516 1121 652 1181 omnibus
675 1126 889 1198 permutantur.
936 1121 1041 1182 Nudus
1064 1119 1141 1181 enim
1169 1140 1245 1183 nuuc
1268 1123 1298 1183 iu
1321 1141 1460 1202 apogaeo
1482 1132 1542 1199 est,
1569 1142 1636 1185 nuno

297 1211 326 1272 in
358 1208 542 1287 longitudine
566 1209 674 1276 media,
699 1227 776 1270 nunc
804 1208 832 1269 in
860 1210 1015 1288 perihelio.
1063 1208 1136 1271 Cum
1165 1209 1257 1290 igitur
1280 1219 1415 1291 tempore
1439 1222 1473 1274 et
1496 1212 1563 1274 loco
1583 1212 1636 1273 dil·

300 1302 398 1362 ferant
420 1299 476 1359 hae
501 1298 576 1359 duae
600 1298 736 1372 virtutes,
760 1298 902 1378 sequitur,
927 1306 960 1360 ut
983 1319 1042 1361 una
1065 1318 1122 1359 non
1143 1297 1216 1359 sint.

386 1387 419 1447 ln
457 1407 515 1448 uno
544 1397 644 1448 tamen
674 1396 705 1447 et
732 1386 836 1447 eodem
865 1407 988 1466 corpore
1011 1387 1177 1467 planetario
1201 1387 1332 1449 residere
1356 1397 1516 1469 utramque
1539 1407 1591 1450 ceu
1611 1389 1633 1450 in

299 1485 380 1548 toto,
419 1476 490 1537 nihil
522 1477 646 1556 impedit
675 1476 731 1536 nisi
761 1483 859 1537 motus
892 1496 945 1538 seu
976 1475 1146 1538 convolutio
1176 1476 1267 1556 globi.
1309 1477 1420 1560 'ltaque
1452 1478 1481 1540 si
1525 1477 1635 1538 lanatae

299 1574 455 1627 rnorentur
483 1574 516 1629 ut
548 1566 648 1638 Luna,
688 1584 762 1643 quae
792 1584 849 1626 non
884 1564 1070 1635 convolvitur
1098 1567 1151 1627 sed
1183 1566 1308 1627 eandem
1337 1567 1424 1628 uobis
1449 1497 1603 1647 undhquaq

300 1650 570 1735 ostendebam,
596 1654 669 1715 nihil
693 1653 818 1733 impedit
841 1674 991 1728 asserere,
1016 1654 1149 1717 intextas
1172 1673 1240 1716 esse
1264 1664 1364 1715 mutuo
1387 1656 1519 1717 virtutes
1542 1668 1589 1716 utr

300 1764 365 1822 que,
390 1751 424 1805 ut
445 1736 635 1822 birhtegmina
658 1751 727 1804 seint
751 1743 867 1804 intexta
891 1743 1079 1805 staminibus.
1127 1744 1209 1805 Tunc
1232 1743 1310 1804 eninr
1335 1750 1400 1805 toto
1424 1763 1551 1825 corpore
1574 1734 1641 1824 pla·¹

299 1842 388 1894 netae
417 1831 507 1893 situm
531 1833 655 1892 eundem
678 1841 816 1912 respectu
841 1833 963 1893 lixarum
987 1833 1151 1906 retinente,
1182 1852 1247 1893 curn
1277 1832 1359 1893 circa
1381 1830 1486 1895 Solem
1516 1833 1635 1903 vehitur,

298 1924 400 1982 ornnes
430 1921 548 1983 cumino
579 1928 694 1981 tractus
722 1922 750 1982 in
781 1940 815 1980 eo
838 1920 1000 1995 rectilinei,
1036 1940 1197 2002 equorum
1222 1940 1343 1983 nurnero
1369 1930 1441 1983 sunt
1462 1922 1544 1983 duae
1567 1923 1634 1983 istae

296 2009 442 2083 diametri,
468 2009 557 2071 situm
582 2010 753 2070 retinebuut
776 2010 901 2071 eundem
924 2011 962 2071 ad
987 2011 1072 2072 lixas.
1119 2009 1173 2072 Sin
1204 2019 1304 2071 autem
1336 2010 1374 2072 de
1398 2010 1532 2072 Telluris
1555 2011 1635 2089 globo

297 2099 411 2177 agitur,
427 2097 501 2181 qai,
524 2107 733 2179 praeterquam
757 2096 834 2179 quod
858 2098 1064 2161 circumfertur
1087 2119 1184 2161 annuo
1207 2100 1321 2179 spatio,
1346 2098 1437 2162 etiarn
1461 2099 1633 2162 circumvol-

296 2190 375 2249 vitur
407 2186 438 2250 in
457 2178 533 2249 ¹dies
565 2188 715 2266 singulae,
748 2195 808 2249 tum
840 2187 868 2247 in
894 2208 1002 2266 magna
1025 2188 1211 2249 dubitatione
1234 2207 1292 2249 non
1316 2189 1413 2250 minus
1438 2207 1531 2269 quam
1552 2206 1635 2268 supra

297 2296 363 2356 cap.
389 2276 487 2340 Lvn.
517 2277 717 2356 relinquimur.
770 2277 849 2338 Nam
880 2278 904 2338 si
929 2297 1035 2357 corpus
1059 2277 1261 2351 convolvitur,
1292 2277 1382 2338 unica
1404 2277 1473 2339 sola
1496 2277 1633 2340 diameter

297 2368 446 2437 virtuosa,
486 2385 562 2444 quae
599 2373 648 2427 est
674 2366 836 2445 parallelos
868 2367 917 2427 axi
947 2378 1045 2427 motus
1069 2365 1283 2439 convolutorii‚
1316 2373 1420 2429 manet
1442 2376 1586 2427 constans
1605 2376 1631 2424 et

296 2455 352 2516 sibi
385 2454 443 2535 ipsi
480 2455 696 2535 aequidistans.
758 2452 872 2524 Quodsi
905 2456 1033 2517 maxime
1063 2455 1152 2516 aliam
1184 2456 1304 2534 insuper
1330 2455 1422 2535 priori
1446 2455 1630 2516 intertextam

296 2544 400 2617 dicas,
441 2560 517 2623 quae
548 2542 724 2605 latitudines
756 2542 910 2617 causetur,
947 2544 1073 2606 alterius
1105 2543 1217 2625 speciei
1241 2542 1398 2606 virtutem:
1434 2543 1489 2605 illa
1520 2545 1630 2605 easdem

296 2634 404 2714 plagas
428 2612 601 2695 observhbit
623 2652 688 2694 curn
712 2651 768 2692 axe
785 2633 960 2708 volutionis;
986 2642 1088 2712 utpote
1111 2633 1191 2695 circa
1210 2626 1297 2713 duem
1316 2633 1370 2695 illa
1388 2652 1497 2696 conum
1512 2633 1629 2737 circpm·

299 2722 413 2796 scribit,
437 2720 523 2807 cujas
544 2720 652 2802 plagas
676 2721 811 2799 singulas
834 2732 995 2801 peragrat;
1019 2723 1119 2801 itaque
1139 2723 1206 2802 jam
1225 2721 1267 2783 ad
1288 2721 1412 2784 dextras
1431 2722 1497 2801 jam
1513 2723 1550 2784 ad
1565 2721 1630 2783 smi-
1668 2698 1678 2799 i

298 2820 379 2874 stras
402 2828 513 2889 nuent,
539 2812 655 2891 corpus‘
675 2810 796 2871 taudem
820 2811 849 2872 in
871 2811 1001 2873 mediam
1023 2811 1145 2891 plagam
1165 2806 1295 2887 inducit,
1316 2830 1406 2892 quam
1430 2811 1630 2891 spermatis

297 2894 515 2963 conversioni&
1674 2920 1678 2929 ·

385 2989 480 3068 Igitur
512 2988 539 3050 si
566 2988 673 3066 globus
702 2987 849 3060 volvitur,
883 2996 952 3050 tuuc
982 2988 1071 3068 hujus
1095 2987 1215 3053 virtutis
1228 2986 1453 3053 victimatum
1476 2987 1635 3068 subjectum

297 3090 429 3142 autnon
454 3087 502 3140 est
524 3096 653 3157 corpus,
678 3077 731 3137 sed
756 3076 891 3159 spiritale
916 3078 1082 3158 quippiam,
1111 3084 1246 3140 autnon
1268 3087 1319 3140 ost
1340 3077 1420 3140 idem
1444 3095 1564 3156 corpus
1606 3075 1635 3137 Si

297 3168 433 3249 spiritale
456 3165 618 3248 quippiam,
642 3167 789 3245 quomodo
811 3166 919 3246 plagas
940 3173 1042 3229 matur
1065 3168 1185 3241 mundi,
1209 3186 1271 3229 rem
1294 3165 1490 3247 corpoream?
1514 3174 1547 3226 et
1567 3186 1637 3247 quo·

297 3257 385 3319 modo
407 3265 506 3318 motus
530 3256 607 3316 hanc
631 3254 761 3333 speciem
785 3255 1030 3331 (declinationem
1054 3277 1072 3317 a
1094 3256 1144 3317 via
1166 3256 1265 3335 regia)
1288 3256 1380 3319 insert
1406 3255 1550 3336 corpori?
1594 3256 1637 3319 Aa

299 3348 429 3408 fortasse
454 3344 571 3406 facilius
595 3343 754 3406 inclinatur
777 3364 884 3425 corpus
908 3356 939 3405 et
961 3364 977 3405 e
1000 3345 1050 3406 via
1073 3345 1191 3407 excedit
1213 3344 1297 3423 regia
1320 3345 1550 3417 (translationis
1572 3362 1640 3407 suae

300 3455 422 3497 causam
455 3433 573 3496 interim
605 3432 719 3494 habens
756 3446 945 3508 extraneam,
983 3453 1020 3495 ex
1043 3434 1145 3508 Sole),
1175 3452 1263 3515 quam
1287 3434 1323 3495 de
1348 3434 1414 3495 loco
1437 3434 1468 3495 in
1493 3433 1641 3496 locuturi

298 3523 409 3605 proprii
439 3522 564 3584 motoris
594 3522 796 3587 transfertur?
842 3521 897 3583 Sin
933 3523 1079 3584 malumus
1112 3523 1276 3601 subjectum
1298 3522 1470 3602 corporale,
1504 3534 1641 3585 nasetur

298 3615 385 3675 nobis
409 3612 612 3674 mechanicum
635 3610 802 3692 quippiam,
830 3612 994 3691 cujusmodi
1025 3619 1095 3673 sunt
1123 3613 1260 3674 lucernae
1284 3611 1431 3693 quaedam
1454 3611 1642 3692 sphaerioae,

299 3723 374 3784 quac
399 3703 550 3782 projectae
575 3707 605 3761 et
628 3703 804 3764 convolutae
834 3721 892 3762 nou
921 3710 1021 3762 tamen
1051 3701 1205 3764 effundunt
1227 3699 1333 3763 olem.
1379 3699 1467 3763 Intus
1492 3700 1572 3764 euim
1595 3702 1643 3765 iu·

299 3792 383 3853 clusa
406 3799 452 3852 cst
477 3790 625 3870 ampulla,
662 3810 737 3870 quae
767 3790 934 3852 ventricoso
957 3790 1089 3870 pondere
1112 3791 1250 3853 deorsum
1274 3797 1373 3852 tracta
1395 3798 1428 3851 et
1449 3788 1496 3851 sic
1527 3798 1645 3853 retenta

297 3900 357 3943 uon
379 3880 513 3961 sequitur
536 3886 646 3940 motum
670 3881 860 3942 convolutum
883 3880 1029 3960 sphaerae
1054 3899 1087 3940 se
1110 3878 1331 3942 circumdantis.
1377 3879 1427 3941 Aa
1451 3876 1644 3958 igiturest·

298 3972 355 4032 hoc
379 3968 508 4029 Telluris
532 3969 620 4047 globo
644 3968 686 4029 sit
709 3968 831 4031 interior
856 3968 964 4049 aliquis
987 3969 1105 4047 globus,
1129 3969 1168 4030 ad
1190 3986 1277 4049 quem
1300 3967 1423 4031 diurnus
1437 3964 1572 4031 Telluris
1587 3986 1644 4031 ex·

297 4057 418 4122 terioris
442 4068 539 4119 motus
563 4076 619 4116 uon
643 4067 798 4137 penetret,
831 4058 884 4118 sed
915 4058 963 4137 qui
990 4058 1157 4131 fortissima¹
1177 4055 1370 4121 inclinatione
1453 4066 1543 4119 oerta
1564 4060 1641 4121 fin·

299 4168 362 4211 rum
388 4147 454 4208 loca
477 4147 651 4219 retineatur,
676 4167 732 4226 quo
756 4147 852 4209 minus
875 4148 1007 4209 exterius
1031 4164 1138 4225 corpus
1159 4146 1328 4209 revolutum
1361 4144 1365 4149 ’
1405 4144 1520 4225 utari
1563 4146 1644 4211 Nu

255 4284 259 4295 .
299 4237 428 4299 attinere
452 4236 528 4295 hanc
553 4235 756 4316 quaestionem
781 4245 813 4299 ut
833 4236 971 4309 Terram,
1001 4256 1066 4316 cap.
1090 4232 1235 4297 LXVIII.
1260 4232 1509 4301 audisnasimbi
1532 4246 1568 4299 et
1588 4236 1652 4307 Μ

299 4326 481 4398 videbimus,
519 4344 574 4398 an,
598 4329 753 4403 proposita
776 4340 831 4385 sex
847 4325 984 4413 planetis
1016 4325 1155 4404 ecliptica
1178 4324 1279 4406 aliqua
1301 4323 1413 4398 media,
1446 4324 1512 4388 tert
1535 4324 1641 4425 μμ

1402 4432 1424 4463 Β

385 4545 412 4615 ‘l
434 4549 516 4602 Aliud
537 4554 581 4600 est
602 4547 734 4602 diameter
755 4565 825 4618 quac
840 4545 1071 4602 ecoentricitstem
1090 4555 1228 4612 causatur,
1251 4549 1324 4613 aliti
1339 4548 1473 4611 discrete
1485 4549 1640 4608 tanneia

296 4630 350 4683 Illa
370 4629 446 4682 reale
473 4624 614 4709 ‹grippiam
635 4637 686 4690 cst,
717 4629 786 4681 hacc
816 4627 995 4699 imaginaris,
1025 4630 1059 4681 ad
1081 4616 1284 4701 imaginandum
1304 4630 1387 4684 illin-
1492 4648 1549 4689 um.
1588 4632 1641 4689 111·

298 4711 451 4778 ubicunque
473 4709 607 4761 consistat
627 4709 778 4779 porrigitur
793 4709 819 4763 in
835 4708 1056 4779 perpendiculum
1078 4710 1167 4764 lineae
1187 4710 1311 4781 apsidum
1333 4728 1382 4764 seu
1503 4729 1530 4768 n

299 4789 419 4843 tudinum
441 4789 653 4887 mediamrtsub
667 4790 744 4851 lirim
766 4790 844 4854 baec,
865 4800 898 4846 ut
911 4804 972 4864 cap.
986 4788 1117 4846 xxxta
1138 4791 1376 4865 dotum-smper
1389 4778 1523 4866 idipsam
1582 4778 1594 4803 *

299 4868 371 4929 Soli!
390 4869 548 4945 porrigitur.
1018 4894 1052 4941 e,
1124 4858 1148 4913 θ
1237 4906 1285 4965 fl
1531 4908 1601 4977 ,ὁ
