3374 5528
704 272 734 393 ,ἰ
745 292 750 299 “
771 300 931 389 ’,Κορὶοιὶ
950 304 1100 374 aliorumque
1118 314 1219 363 mntaao

296 487 416 568 duplex
457 483 586 550 Cumn.
606 486 737 561 bine,
755 484 919 562 (thebeae
934 485 1143 565 aequationem
1162 486 1323 548 maximam
1342 480 1507 568 4058οΙ0,
1533 487 1642 551 dimidii

293 577 378 639 sinus
401 572 488 638 4336
514 584 596 639 esset
619 575 838 641 eccentrieitas.
879 573 951 635 Et
937 594 1003 653 Jam
1027 574 1114 677 in003
1134 576 1172 650 ό,
1197 584 1230 637 ut
1252 575 1415 639 distantiae
1439 577 1486 638 sic
1509 585 1642 680 tempora

293 665 323 727 in
348 664 493 744 gradibus
517 656 693 745 aequalibus
716 663 847 726 eccentri
870 665 1018 738 confecta,
1043 673 1075 724 at
1100 665 1128 725 in
1147 657 1183 728 [l
1205 673 1253 729 ut
1262 664 1426 726 distantiae
1446 665 1517 727 ad
1505 666 1642 743 mvicem,

292 755 384 834 dupla
403 761 485 815 esset
506 755 662 834 proportio
681 761 856 832 temporum
894 752 972 814 Nam
996 752 1231 815 eecentricitatis
1255 754 1396 834 aequatio
1414 763 1503 816 mres
1527 774 1642 835 sempor

292 840 330 904 20
354 841 417 916 300,
443 843 600 922 aequantia
626 844 657 906 in
681 846 718 917 00,
736 843 766 918 (s
787 836 942 902 etiam.2⁰
961 839 1024 905 30⁴.
1063 842 1139 903 At
1131 862 1161 903 ιιι
1184 835 1220 908 []
1244 842 1305 904 ahia
1328 837 1447 919 2⁰30‘,
1471 863 1517 907 sc.
1542 840 1593 918 50,
1613 853 1642 907 et

291 927 507 995 01170300.
555 930 765 995 Consentiunt·
784 929 977 1010 parallaxes,
1008 949 1082 1010 quas
1112 928 1302 999 Christianus
1335 933 1364 994 in
1389 922 1425 997 U
1455 952 1518 995 non
1548 933 1642 1014 potuit

293 1021 381 1083 aliter
404 1021 551 1094 invenire,
584 1041 672 1101 quam
696 1015 826 1083 54-59
850 1018 955 1080 semid.
987 1020 1097 1082 Terrae
1126 1021 1317 1095 exhibentes,
1345 1023 1486 1102 quamvis
1511 1042 1568 1087 eas
1590 1040 1638 1084 co-

293 1111 391 1189 egerit
413 1110 451 1170 ad
475 1110 651 1191 hypothesin
676 1128 770 1189 suarn-
785 1108 983 1169 accomodans
1007 1109 1169 1189 feceritque
1193 1106 1319 1174 52-61
1348 1111 1377 1171 in
1400 1103 1447 1176 [l.
1483 1109 1552 1174 Sed
1574 1110 1637 1185 scia,

291 1199 322 1260 in
345 1207 392 1260 tot
415 1199 545 1279 implexa
567 1218 725 1262 causarum
749 1216 837 1277 quam
853 1195 941 1258 facile
965 1199 1134 1277 scrupulum
1158 1219 1247 1261 unum
1272 1219 1310 1261 ex
1332 1220 1392 1263 una
1419 1220 1517 1263 cauea
1537 1207 1636 1263 trans·

292 1289 424 1350 ieramus
448 1288 476 1349 in
500 1288 605 1364 aliam,
639 1307 705 1350 cum
733 1287 853 1365 singula
885 1286 1020 1366 singulas
1052 1288 1292 1351 semidiametros
1325 1289 1451 1355 faciant.
1499 1287 1636 1368 Cogitavi

290 1395 361 1456 ergo
385 1378 422 1439 de
446 1378 624 1457 aequatione
649 1377 910 1458 quadraturam.
935 1394 972 1435 an
997 1375 1050 1436 illa
1072 1377 1114 1438 sit
1137 1378 1330 1453 dimidiande,
1354 1387 1387 1441 et
1409 1379 1482 1454 sint,
1506 1380 1535 1451 b
1555 1378 1587 1441 in
1607 1369 1637 1442 [l

292 1475 443 1540 versante,
468 1475 501 1528 ut
516 1466 680 1528 distantiae
705 1466 748 1526 sie
770 1473 914 1545 tempora,
939 1472 972 1525 at
988 1464 1017 1524 in
1041 1467 1229 1545 oppositione
1253 1475 1287 1528 nt
1305 1467 1490 1543 distantiaer
1514 1485 1635 1551 propor-

293 1555 383 1617 tionis
414 1555 502 1634 hujus
539 1549 571 1639 ²1,
608 1556 706 1617 inesse
740 1554 881 1615 motibus.
927 1552 1040 1614 Iterum
1072 1565 1208 1617 maneret
1240 1555 1367 1618 circulus
1397 1556 1508 1619 sedin
1536 1555 1635 1636 majori

293 1644 529 1707 eccentricitate.
578 1645 679 1706 Tertio
703 1642 823 1722 quidsi
848 1649 974 1721 utraque
997 1645 1137 1722 aequatio
1168 1644 1352 1709 dimidianda
1374 1654 1407 1709 et
1429 1646 1634 1710 eccentrieitas

291 1753 361 1795 vere
385 1743 503 1796 crescat
525 1735 555 1795 in
579 1725 635 1800 U?
679 1732 758 1794 Nam
781 1730 818 1791 de
842 1731 1013 1792 octantibus
1036 1752 1085 1794 ree
1108 1740 1157 1794 est
1184 1735 1370 1810 certissima,
1404 1754 1544 1799 crescere
1566 1735 1634 1796 hanc

291 1823 545 1896 retardationem,
580 1833 614 1883 ut
638 1828 777 1884 crescunt
809 1818 892 1880 sinus
924 1820 1120 1900 digressionis
1143 1823 1248 1885 Lunae
1272 1845 1291 1884 a
1313 1823 1460 1886 diametro
1483 1823 1568 1887 Solis
1589 1843 1634 1904 per

288 1912 413 1975 Terram
438 1921 537 1974 eunte.
585 1909 702 1983 Quodsi
724 1908 870 1981 metiaris,
895 1908 1029 1970 invenies
1052 1910 1100 1971 hic
1124 1931 1239 1992 quoque
1263 1913 1325 1975 fere
1349 1914 1536 1993 superiorem
1557 1932 1633 1974 men·

290 2020 400 2076 suram,
426 2002 524 2064 divisa
542 2009 615 2063 tots.
631 1999 754 2081 periodo
769 1997 874 2058 Lunae
892 2018 945 2058 seu
970 2009 1102 2078 tempore
1123 2001 1188 2080 ejus
1203 2001 1231 2062 in
1247 1997 1322 2064 360.
1361 2001 1396 2064 Si
1411 2002 1500 2065 Luna
1524 2018 1633 2081 semper

291 2099 424 2154 curreret
444 2090 476 2151 in
499 2091 609 2153 virtuts
634 2087 786 2161 diametri,
813 2095 950 2166 tempora
972 2084 1038 2150 350
1068 2091 1236 2152 conficeret.
1283 2091 1390 2170 Itaque
1413 2091 1485 2155 hinc
1508 2090 1565 2157 45⁴
1587 2109 1634 2152 ex·

290 2190 430 2242 crescunt
444 2178 474 2241 in
490 2188 638 2242 notantes.
678 2178 727 2252 (ln
751 2175 934 2257 quadrantes
954 2171 993 2253 20
1007 2174 1070 2248 300,
1095 2178 1149 2240 sed
1171 2179 1246 2241 nihil
1269 2180 1390 2242 variant
1408 2181 1458 2243 bie
1477 2181 1577 2243 locum
1588 2179 1634 2253 b.)

288 2269 406 2350 Estque
430 2287 523 2330 causa
545 2288 625 2330 mere
648 2266 784 2349 physica.
833 2263 1000 2327 Considera
1024 2286 1134 2346 quaeso
1158 2269 1298 2348 quidnam
1322 2269 1588 2349 exsuperioribus
1607 2275 1634 2329 et

291 2378 329 2420 an
354 2357 435 2419 aliud
459 2357 610 2438 quippiam
633 2357 675 2418 sit
694 2354 790 2435 magis
814 2362 1056 2439 consentaneum.

381 2446 435 2507 De
468 2447 693 2527 obliquitate
731 2442 931 2523 ecliptioae
967 2463 1015 2505 res
1048 2450 1096 2506 est
1133 2445 1217 2507 mira.
1273 2446 1374 2529 Tycha
1407 2446 1497 2509 hodie
1531 2445 1636 2509 invenit

295 2531 357 2598 230
380 2531 433 2598 310
458 2532 533 2598 3000.
578 2536 662 2598 Idem
693 2533 808 2595 invenit
839 2541 909 2593 ante
943 2552 1037 2594 annos
1064 2530 1126 2596 100
1154 2553 1191 2595 ex
1213 2532 1469 2615 Regiomoutano,
1494 2536 1636 2607 Walters,

294 2622 459 2699 Weruero,
491 2625 566 2686 bene
589 2623 750 2704 applicatis
783 2620 1054 2685 observationibus.
1101 2623 1184 2684 Idem
1216 2633 1286 2687 ante
1315 2643 1408 2686 annos
1432 2621 1499 2689 200
1524 2625 1637 2706 qnidam

295 2711 411 2775 Doctcr
434 2711 576 2816 Syndel
604 2714 652 2775 hic
676 2713 804 2790 Prffagae
829 2709 1002 2771 observavit
1030 2713 1084 2773 alt.
1115 2731 1186 2773 mer.
1218 2710 1338 2774 Solis
1330 2734 1360 2776 ιιι
1391 2714 1584 2793 aequinoctio
1611 2722 1638 2774 st

296 2802 428 2864 solstitio
454 2803 588 2876 aestiv0;
613 2821 651 2863 ex
675 2801 781 2880 quibus
804 2799 906 2880 prodit
930 2800 1090 2872 (subducto
1109 2801 1229 2863 calculo
1253 2801 1309 2863 loci
1331 2801 1412 2865 Solis
1434 2802 1513 2865 ex's
1514 2803 1638 2885 ychona)

294 2892 335 2953 A.
361 2890 396 2953 Ρ.
422 2889 536 2954 50040
561 2886 642 2964 2000;
667 2889 826 2969 eclipticas
851 2888 1012 2968 obliquitas
1037 2884 1274 2965 2303103200,
1299 2900 1453 2972 utrumque
1483 2824 1638 2955 hodiedum

294 2979 337 3041 ita
372 2980 530 3045 invenitur
577 2938 661 3043 Idehr
683 2978 869 3059 Prophacius
892 2978 1026 3040 ,Iudaeus
1055 2979 1170 3040 invenit
1199 2989 1269 3041 ante
1302 3000 1397 3042 annos
1424 2976 1501 3044 300.
1548 2979 1639 3044 Paulo

293 3069 362 3149 plus
394 3071 528 3148 prodidit
556 3068 759 3148 Albategnius
793 3075 863 3127 ante
894 3087 988 3129 annos
1022 3066 1096 3130 700.
1150 3068 1192 3130 Et
1224 3070 1397 3145 credemus,
1433 3069 1638 3133 Ptolemaeum

293 3157 474 3222 observasse
499 3155 560 3222 230
583 3159 636 3222 510
661 3155 747 3220 20001
781 3156 882 3238 Tycho
907 3156 1065 3220 dubitavit.
1112 3156 1217 3219 Scribe
1241 3158 1309 3238 quid
1335 3159 1459 3222 sentias.
1504 3156 1639 3239 Denique

295 3265 369 3327 quas
394 3256 427 3309 et
450 3258 521 3327 quot
545 3248 675 3328 eclipses
700 3245 749 3307 vel
771 3245 921 3306 inveneris
945 3245 973 3306 in
989 3246 1140 3308 veteribus
1164 3247 1212 3308 vel
1232 3247 1462 3326 computaveris,
1485 3266 1524 3310 ne
1544 3257 1639 3313 actum

294 3355 413 3416 semper
438 3347 555 3416 agatur.
602 3336 785 3415 Catalogum
809 3334 1067 3410 mododesidero,
1092 3336 1154 3397 scio
1179 3336 1359 3399 laboriosum
1379 3355 1447 3399 esse
1471 3337 1639 3400 describere

296 3427 453 3489 calculum.
490 3427 556 3506 Ego
580 3426 606 3487 si
630 3425 762 3487 vicissim
782 3424 820 3485 Η.
839 3423 873 3484 Τ.
898 3423 928 3484 in
953 3443 1126 3504 quacunque
1140 3444 1171 3487 rs
1190 3426 1352 3505 gratificari
1374 3435 1491 3506 potero,
1515 3427 1640 3493 libenter

295 3514 414 3577 faciam.
454 3513 500 3576 Et
519 3534 607 3595 spero
623 3516 687 3577 fore
709 3514 757 3576 bic
776 3512 925 3586 nonnulla,
951 3532 1026 3592 quas
1051 3514 1204 3599 desideres
1229 3515 1373 3593 inspicere
1398 3524 1430 3577 et
1447 3532 1639 3596 cognoscere.

297 3600 433 3666 Obsecro
458 3612 560 3666 autem
581 3624 635 3685 per
653 3613 774 3666 nostras
799 3610 891 3674 artes,
915 3621 952 3664 ne
967 3602 1011 3663 ita
1033 3603 1123 3681 plane
1146 3604 1346 3667 obmutescas.
1383 3603 1449 3684 Ego
1473 3605 1501 3666 si
1525 3604 1640 3684 scripsi,

295 3711 342 3754 me
372 3692 592 3770 publicaturum
624 3703 692 3755 tuas
725 3692 871 3771 epistolas
904 3692 996 3770 (quod
1029 3692 1199 3754 meminisse
1231 3695 1360 3756 nondum
1392 3696 1533 3774 possum)
1561 3702 1639 3757 certe

288 3783 434 3861 poenitet,
459 3783 548 3845 tidem
570 3783 617 3856 do,
644 3784 673 3844 id
697 3801 754 3843 non
780 3782 918 3843 futurum.

381 3871 461 3932 Vale
485 3872 544 3944 diu,
570 3872 751 3950 Praeceptor
776 3869 951 3936 Clarissimo
975 3879 1007 3930 et
1038 3868 1115 3947 quod
1139 3890 1186 3932 me
1216 3870 1378 3931 etiamnum
1409 3890 1509 3951 ames,
1544 3870 1639 3935 literis

289 3958 412 4039 scriptis
445 3969 570 4022 testare.
627 3960 735 4023 Soluto
768 3979 870 4020 omnes
904 3968 1116 4038 praeceptores
1152 3979 1235 4020 meos
1268 3969 1299 4021 et
1330 3960 1419 4022 mitto
1456 3961 1639 4040 exemplaria

290 4048 437 4111 orationis
461 4050 604 4120 funebris,
630 4050 681 4112 ubi
704 4069 801 4110 meum
826 4067 944 4109 carmen
969 4056 1025 4110 est.
1072 4048 1278 4111 Errata.snnt
1306 4048 1424 4129 aliqua,
1449 4058 1484 4113 nt
1504 4051 1638 4113 multos

289 4139 376 4201 miles
400 4157 453 4217 pro
476 4139 607 4200 multus.
653 4138 696 4199 Et
719 4138 748 4199 in
773 4137 888 4199 nornine
913 4157 981 4199 meo
1003 4156 1040 4198 ex
1064 4138 1176 4201 incuria
1199 4138 1242 4199 M.
1274 4147 1323 4199 est
1354 4137 1515 4214 omissum,
1549 4137 1637 4201 naid

289 4228 405 4307 putetis
428 4227 528 4289 studio
552 4236 584 4289 et
606 4228 780 4301 contemtim
804 4228 925 4289 laetum.
942 4223 967 4300 ⁹)

381 4309 485 4400 10120.
510 4317 584 4379 Deo.
610 4335 688 4379 anno
716 4308 806 4378 1001.
830 4316 958 4395 Pragae.

847 4405 963 4468 Excell.
989 4404 1071 4465 Tuae

977 4491 1109 4557 Gratiss.
1135 4493 1307 4574 Discipulos

1274 4583 1317 4645 M.
1340 4581 1394 4646 Jo.
1418 4580 1549 4666 Kepler.

377 4721 523 4780 Proximas,
549 4735 613 4788 quae
630 4720 676 4770 has
694 4722 840 4772 subsecutae
858 4728 933 4779 sunt,
957 4721 1057 4787 Kepleri
1083 4723 1169 4773 literae
1198 4723 1274 4774 datas
1296 4723 1397 4775 snntd.
1417 4722 1460 4773 21).
1479 4722 1538 4774 lan.
1559 4718 1634 4772 1001.

290 4789 383 4857 (comp.
402 4795 459 4844 Vol.
478 4794 511 4854 11,
531 4809 555 4858 p
577 4790 623 4855 lt)
641 4800 667 4843 et
685 4809 741 4843 cam
759 4791 906 4843 Maeatlinns
925 4809 974 4844 non
992 4797 1165 4859 responderet,
1191 4795 1228 4845 hta
1246 4799 1333 4847 lteram
1357 4779 1420 4847 adiit
1437 4795 1564 4860 septuns
1579 4806 1636 4860 η·

288 4865 381 4964 morsm
399 4865 432 4917 ad
448 4864 646 4933 emtam
664 4872 864 4930 praeceptorem:
