3374 5528
642 318 705 371 rm
722 319 816 375 reae.
852 318 1004 385 capa-sn
1434 316 1495 385 321

147 493 257 576 prodiit
278 494 419 576 aequatio
442 495 583 578 physica,
608 496 655 559 eni
675 495 733 559 luit
755 496 946 577 adjungenda
965 497 1065 578 optiea
1079 497 1191 578 eapitis
1213 496 1333 561 XXIX.
1356 496 1500 561 methodo

147 603 213 647 eam
236 583 314 664 ipsis
336 584 490 647 distantiis
513 584 645 671 inventa,
670 592 703 647 nt
724 586 886 649 haberetur
908 594 983 650 tota.

234 673 331 755 Atqui
359 693 427 735 cum
458 675 534 736 haee
561 675 639 737 ratio
671 675 713 736 sit
744 675 919 739 mechanica
947 684 979 738 et
1004 676 1158 752 taediosa,
1190 695 1245 738 neo
1267 681 1373 755 posset
1402 692 1500 737 exea

147 761 345 842 cuiuscunque
369 762 480 841 gradus
503 763 649 838 solitarii,
683 764 795 826 ceteris
818 765 975 843 sepositis,
1001 767 1140 845 aequatio
1163 764 1343 847 computari,
1367 764 1497 826 eircum-

147 851 232 933 spexi
255 851 292 912 de
316 851 383 913 aliis
406 851 523 916 mediis.
571 852 704 934 Cumque
728 854 851 927 scirem,
884 854 1000 917 infinita
1029 873 1098 917 esse
1124 862 1237 935 puncta
1259 852 1433 927 sectatrici,
1465 858 1498 913 et

147 938 309 1002 distantias
333 958 434 1001 earum
458 940 606 1015 inlicitas,
640 942 749 1017 subiit,
773 943 802 1005 iu
826 942 916 1021 plano
940 944 1099 1006 eceentrioi
1128 944 1184 1005 has
1207 943 1370 1005 distantias
1393 960 1497 1022 omnes

147 1030 255 1092 inesse.
299 1029 379 1092 Nam
409 1030 615 1105 memineram,
649 1031 693 1092 sie
723 1031 794 1093 olim
827 1040 859 1091 et
884 1032 1111 1107 Archimedem,
1143 1052 1210 1095 cum
1238 1029 1496 1094 circumferentiae

147 1118 366 1199 proportionem
391 1119 431 1180 ad
455 1120 633 1181 diametrum
655 1127 824 1202 quaereret,
858 1120 1000 1184 eirenlum
1023 1122 1053 1183 in
1077 1122 1193 1183 infinita
1221 1120 1496 1201 trianguladisse-

147 1208 259 1271 coisse:
285 1226 355 1269 nam
371 1207 448 1269 haee
462 1208 509 1270 vis
528 1209 647 1271 occulta
670 1216 718 1271 est
739 1210 804 1289 ejus
823 1209 1088 1273 demonstrationis
1101 1230 1156 1290 per
1178 1209 1363 1292 impossibile
1381 1209 1496 1270 ducen-

147 1297 193 1359 tis.
235 1294 339 1367 Quare
362 1315 415 1375 pro
440 1316 485 1372 eo,
511 1298 588 1377 quod
612 1297 694 1376 prius
713 1299 982 1362 circumferentiam
1005 1301 1035 1361 in
1055 1297 1120 1364 360
1134 1307 1237 1380 partes
1261 1298 1411 1371 necabam,
1430 1297 1497 1376 jam

147 1385 263 1466 planum
287 1385 390 1448 circuli
414 1386 575 1449 eceentrioi
598 1387 628 1449 in
652 1388 780 1451 totidem
803 1388 895 1465 sceui,
920 1388 1007 1451 lineis
1031 1408 1069 1451 ex
1091 1398 1211 1471 puncto,
1235 1390 1314 1451 unde
1336 1392 1496 1469 computa-

147 1484 189 1537 tur
213 1475 435 1550 eccentrieitas,
459 1475 586 1538 eductis.

232 1564 282 1627 Sit
303 1564 361 1628 AB
385 1563 466 1626 linea
488 1564 626 1643 angium,
650 1565 680 1627 A
703 1564 758 1627 Sol
782 1565 847 1637 (vel
869 1568 965 1629 Terra
1171 1568 1226 1632 rig.
1246 1562 1289 1616 ⁹¹·

147 1653 356 1727 Ptolemaeo);
386 1654 414 1715 Β
437 1662 570 1715 eenhum
595 1653 754 1716 eceentrioi
778 1653 844 1729 GD,
881 1655 967 1734 eujus

147 1741 351 1805 semicirculus
376 1740 431 1805 OD
454 1743 607 1805 dividatur
630 1742 659 1805 in
686 1751 803 1823 partes·
823 1744 967 1825 aequales

147 1840 333 1912 quotcunque
364 1830 431 1906 OG,
465 1830 535 1906 GH,
565 1831 633 1907 HE,
666 1832 720 1906 ΕΙ,
749 1831 805 1907 ΙΚ,
832 1833 901 1908 KD,
935 1843 967 1894 et
1054 1898 1057 1907 ‚

147 1926 360 1983 :annectantur
383 1919 428 1994 A,
450 1921 477 1983 B
501 1927 612 2001 puncta
640 1939 707 1983 curn
738 1923 858 2002 punctis
886 1921 966 1984 divi·
1055 1916 1058 1926 ’

147 2008 272 2072 sianum.
308 2010 408 2073 Erunt
424 2009 517 2089 igitur
532 2008 590 2074 Ac
614 2010 791 2089 longissima
809 2011 966 2084 distantia,

147 2098 200 2161 AD
224 2097 423 2173 brevissima,
453 2107 575 2162 ceterae
601 2118 640 2160 ex
673 2099 776 2161 ordine
799 2097 870 2175 AG,
894 2100 965 2173 ΑΗ,
1018 2117 1038 2160 ι

147 2188 207 2262 AB,
233 2187 291 2262 AI,
314 2186 385 2250 ΑΚ.
424 2185 499 2251 Cum
523 2188 615 2268 igitur
636 2186 789 2268 triangula
807 2187 967 2269 aeqnealta

147 2275 208 2339 sint
230 2283 266 2338 ut
288 2277 389 2361 bases,
413 2284 446 2338 et
463 2287 598 2340 sectores
621 2276 686 2339 sive
705 2277 857 2357 triangula
872 2274 967 2349 CBG,

147 2362 231 2428 GBH
255 2363 443 2444 etreliqua,
474 2366 648 2428 insistentia
677 2366 814 2446 partibus
838 2367 966 2429 circum-

147 2453 290 2516 ferentiae
321 2453 452 2519 minimis
486 2456 611 2536 ideoque
635 2474 655 2515 a
677 2454 769 2517 rectis
797 2476 854 2517 non
878 2456 967 2517 diffe-

147 2543 294 2618 rentibus,
328 2543 428 2605 omnia
450 2545 577 2607 eandem
604 2544 739 2606 habeant
767 2542 966 2619 altitudinem,

147 2633 280 2695 cruribus
294 2629 359 2707 BG,
373 2632 441 2705 BG,
457 2634 515 2695 BH
529 2633 724 2713 aequalibus:
749 2634 849 2696 omnia
874 2633 965 2712 igitur

147 2730 229 2783 erunt
252 2720 398 2801 aequalia.
436 2722 496 2784 Sed
521 2723 550 2784 in
570 2741 642 2784 area
661 2720 744 2784 cult
766 2723 870 2785 insunt
891 2723 966 2786 haee
989 2723 1143 2803 triangula
1164 2721 1273 2795 omnia,
1298 2727 1330 2781 et
1347 2719 1379 2781 in
1401 2719 1494 2781 semi-

147 2809 386 2873 cirenmfereutia
401 2809 483 2874 CED
502 2811 605 2873 insunt
619 2831 707 2873 arcus
723 2830 778 2873 een
792 2813 883 2874 bases
899 2831 1013 2876 omnes.
1051 2811 1154 2883 Quare
1168 2830 1221 2890 per
1237 2807 1494 2887 compositionem,

147 2907 176 2961 ut
196 2917 272 2961 area
296 2895 379 2961 CDE
402 2900 441 2961 ad
464 2919 564 2962 areum
584 2898 676 2975 CED,
702 2899 745 2962 sie
768 2920 841 2963 area
856 2899 941 2964 CBG
964 2904 1003 2965 ad
1026 2921 1127 2964 arcum
1142 2900 1214 2974 0013
1238 2907 1270 2961 et
1291 2896 1493 2978 permutatim,

147 2996 174 3051 ut
190 2986 277 3051 GED
301 3006 389 3050 arcus
413 2989 452 3050 ad
469 2985 536 3063 OG,
553 2987 609 3051 CH
633 2996 665 3079 et
687 2989 821 3068 singulos
844 2989 958 3066 ordine,
983 2991 1028 3054 sie
1047 3009 1120 3053 area
1133 2989 1217 3055 CDE
1240 2989 1279 3050 ad
1294 3005 1382 3049 areas
1398 2983 1493 3061 GBG,

147 3074 228 3139 UBH
251 3083 285 3137 et
306 3076 442 3155 singulas
474 3077 587 3140 ordine.
634 3078 736 3149 Quare
767 3079 841 3141 nihil
870 3088 1031 3159 peccatur,
1062 3080 1090 3142 si
1116 3099 1171 3160 pro
1193 3078 1321 3140 arcubus
1353 3093 1443 3137 areae
1465 3074 1497 3137 iu

147 3166 220 3227 hune
244 3164 366 3227 modum
379 3173 558 3242 tractentur,
582 3173 681 3246 etpro
696 3167 817 3246 angulis
840 3170 1008 3232 anomaliae
1032 3167 1163 3231 eceentri
1178 3164 1273 3241 GBG,
1290 3163 1382 3239 OBH,
1407 3181 1496 3227 areae

147 3252 242 3329 cGB,
268 3252 363 3316 CHB.

232 3343 342 3417 Porro,
373 3343 621 3423 quemadmodum
644 3351 744 3406 rectae
774 3363 812 3405 ex
833 3345 860 3406 B
883 3347 923 3407 ad
949 3345 1083 3408 infinitas
1112 3349 1216 3426 partes
1239 3341 1495 3404 circumferentiae

147 3439 288 3494 extensae
311 3451 415 3494 ornnes
438 3432 469 3493 in
492 3452 564 3493 area
587 3432 765 3495 semicirculi
789 3432 872 3498 GDE
901 3436 1016 3509 insunt,
1045 3442 1077 3496 et
1099 3441 1200 3496 rectae
1223 3449 1261 3492 ex
1282 3431 1310 3492 B
1333 3431 1373 3492 ad
1395 3430 1495 3493 inlini-

147 3532 191 3583 tas
216 3528 322 3600 partes
344 3541 433 3583 arcus
455 3519 511 3584 GH
526 3529 680 3594 extensae,
704 3541 806 3584 omnes
829 3521 860 3583 in
874 3543 947 3586 area
971 3522 1053 3586 ΟΒΗ
1076 3523 1196 3585 insunt:
1221 3520 1265 3583 ita
1284 3519 1375 3582 etiam
1393 3526 1494 3581 rectae

147 3629 180 3672 ex
202 3612 234 3671 A
257 3610 297 3670 ad
330 3611 450 3672 easdem
483 3611 739 3673 circumferentiae
770 3612 817 3672 vel
848 3632 936 3675 arcus
967 3619 1072 3691 partes
1104 3611 1236 3674 infinitas
1262 3609 1341 3671 idem
1371 3608 1494 3671 faciunt.

147 3698 219 3765 Cum
234 3697 361 3779 deniqne
385 3708 538 3780 utraeque,
562 3708 594 3761 et
617 3720 692 3781 quae
715 3700 792 3762 exB
808 3709 839 3763 et
862 3720 937 3782 quae
961 3720 1000 3762 ex
1021 3701 1062 3775 A,
1085 3720 1174 3763 ιιιιιιιιι
1198 3706 1230 3760 et
1251 3698 1378 3760 eundem
1401 3698 1494 3759 semi-

147 3787 287 3851 circulum
316 3785 398 3849 ODE
427 3788 584 3868 impleant,
618 3809 671 3850 eae
696 3808 775 3864 vero,
809 3810 885 3870 quae
916 3809 953 3851 ex
974 3791 1006 3853 A
1029 3790 1209 3862 educuntur,
1242 3787 1305 3849 sint
1332 3787 1494 3849 distantiae

147 3876 238 3958 ipsae,
255 3896 380 3959 quarum
396 3897 513 3939 summa
522 3877 689 3959 quaeritur:
706 3878 775 3939 hine
786 3880 962 3941 concludere
974 3877 1048 3941 mihi
1066 3878 1201 3952 videbar,
1220 3884 1395 3956 computata
1409 3873 1495 3938 CAH

147 3967 189 4029 rel
220 3965 307 4029 ΟΑΕ
336 3984 423 4041 area,
457 3987 603 4029 summam
632 3967 736 4029 baberi
763 3967 946 4031 infinitarum
968 3967 1179 4031 distantiarum
1207 3966 1237 4028 in
1267 3965 1322 4030 CH
1346 3965 1394 4028 vel
1422 3962 1491 4028 GE:

147 4074 201 4117 uon
226 4056 308 4137 quod
330 4054 477 4117 infinitum
499 4056 677 4136 pertransiri
700 4057 810 4135 possit,
834 4058 888 4119 sed
911 4057 989 4138 quod
1012 4056 1185 4130 facultatis,
1209 4074 1269 4137 qua
1290 4055 1405 4135 pollent
1427 4053 1492 4115 dis-

147 4144 257 4208 tantiae
291 4145 330 4206 ad
361 4164 461 4207 moras
494 4146 739 4214 accumulandas,
773 4146 918 4209 collectae
941 4165 1111 4209 mensuram
1141 4145 1171 4208 iu
1200 4145 1257 4207 bae
1289 4163 1361 4206 area
1392 4144 1492 4206 inesse

147 4242 297 4313 putarem,
332 4242 365 4296 ut
386 4233 431 4295 ita
453 4254 521 4296 eam
543 4234 670 4315 adipisci
692 4235 842 4315 possimus
869 4255 923 4317 per
946 4235 1145 4314 cognitionem
1168 4252 1272 4302 areae,
1302 4233 1381 4295 eitra
1401 4233 1491 4296 mini-

147 4334 255 4389 urtrum
279 4322 409 4403 partium
433 4323 707 4386 dinumerationem.
1242 4340 1245 4345 ·

230 4410 334 4484 Quare
359 4431 397 4473 ex
420 4413 641 4493 superioribus:
674 4413 752 4475 sieut
774 4432 807 4475 se
835 4413 929 4477 habet
951 4409 1034 4474 CDE
1068 4430 1141 4473 arsa
1163 4411 1202 4472 ad
1225 4409 1380 4472 dimidium
1411 4417 1490 4472 tem-

147 4501 222 4582 poris
253 4501 452 4576 restitutorii,
485 4502 563 4581 qnod
595 4502 712 4565 dicatur
746 4502 832 4563 nobis
867 4498 957 4577 180⁰,
1003 4500 1047 4564 sic
1078 4497 1182 4572 GAG,
1216 4498 1303 4564 CAH
1332 4517 1420 4562 areae
1451 4500 1490 4562 ad

147 4609 294 4655 morarum
323 4589 351 4652 in
386 4588 444 4654 CG
477 4598 508 4653 et
540 4589 596 4654 011
626 4590 861 4653 diuturnitatem.
916 4592 1023 4670 Itaque
1053 4589 1140 4655 GGA
1171 4607 1242 4651 area
1270 4588 1322 4649 liet
1350 4606 1490 4652 mensura

147 4680 285 4762 temporis
308 4698 361 4741 seu
385 4679 554 4742 anomaliae
577 4681 711 4754 mediae,
741 4699 817 4761 quae
840 4680 922 4743 arem
951 4680 1109 4743 eceentrioi
1134 4676 1190 4741 OG
1213 4677 1391 4757 respondet,
1423 4697 1489 4743 enm

147 4768 298 4835 nomana
321 4767 421 4831 media
444 4777 560 4850 tempus
585 4768 737 4832 metiatur.

227 4858 318 4921 Prius
347 4865 448 4920 antem
478 4877 549 4940 pars
581 4857 665 4927 CGB
697 4858 785 4941 hujus
814 4876 903 4923 areae
934 4856 1021 4922 CAG
1053 4862 1120 4921 erat
1148 4872 1288 4921 mensura
1320 4854 1488 4923 anomaliae

192 4964 282 5023 ιηιιιι
296 4964 373 5016 ean.
395 4965 429 5007 ιιι
1244 4959 1275 5015 21
