3374 5528
663 332 884 429 mquam

584 606 587 613 ·
634 496 764 670 ¹Caput
801 570 848 645 Π.

397 726 455 791 De
476 734 563 790 motu
587 727 700 792 mance
722 729 852 815 berario
875 728 911 792 ia
932 730 1082 814 syzygiis.

158 868 234 933 Cum
260 869 397 932 horarius
421 870 526 932 Lunae
549 890 587 932 ex
612 870 873 933 observationibus
896 871 953 933 lide
976 871 1076 951 dignis
1099 871 1204 934 haberi
1225 873 1332 953 possit,
1351 873 1419 955 jure

64 962 148 1023 inter
170 959 317 1040 principia
339 959 511 1021 assumitur.
951 1022 953 1026 ,

162 1048 304 1130 Sequitur
334 1048 451 1128 quidem
489 1067 525 1108 ex
558 1046 777 1127 hypothesibus
801 1046 945 1109 artificum
969 1048 1078 1127 aliquis
1103 1057 1202 1111 certus
1225 1048 1363 1112 horarius
1386 1049 1417 1113 in

67 1137 200 1217 singulis
224 1137 391 1198 anomaliae
415 1137 519 1199 Lunae
544 1135 691 1215 partibus.
735 1137 779 1196 At
801 1155 911 1197 causae
935 1144 1023 1211 suut,
1047 1138 1160 1200 curiis
1183 1138 1286 1200 solis
1309 1137 1365 1201 bac
1388 1139 1419 1202 in

69 1227 279 1305 speculatione
299 1246 362 1301 ,non
383 1225 536 1294 utendum,
560 1243 654 1304 neque
673 1223 848 1285 testimonia
872 1225 1114 1290 observationum
1131 1226 1168 1288 de
1186 1227 1225 1289 iis
1238 1227 1420 1309 negligenda

65 1315 252 1377 existimem.
299 1316 378 1377 Nam
408 1315 494 1395 cupio
522 1314 599 1375 hanc
622 1313 795 1387 materiam,
828 1315 925 1392 quoad
949 1315 1011 1376 lieri
1034 1323 1152 1396 potest,
1187 1333 1242 1395 per
1264 1336 1297 1378 se
1325 1326 1418 1393 stare,

66 1414 104 1466 ut
128 1405 170 1466 sit
192 1413 224 1465 et
246 1406 462 1485 comprehensu
486 1403 603 1465 facilior
626 1410 656 1463 et
680 1403 736 1463 fide
760 1402 886 1480 dignior.
933 1403 1039 1465 Latuit
1062 1405 1140 1466 enim
1162 1413 1283 1467 veteres
1307 1405 1435 1486 aliquid¹

66 1494 154 1555 circa
185 1492 336 1555 horarium
359 1495 464 1556 Lunae
488 1491 520 1553 in
542 1490 801 1571 conjunctionibus
825 1501 857 1553 et
881 1493 1138 1573 oppositionibus:
1170 1492 1249 1575 quod
1271 1495 1421 1574 posterior

65 1582 182 1644 Brabei
206 1582 364 1660 diligentia
386 1585 415 1645 in
440 1584 536 1644 lucem
560 1580 676 1642 extulit.
724 1580 980 1643 Satisfeciendum
1003 1583 1103 1663 itaque
1123 1583 1318 1645 sollicitudini
1343 1602 1420 1664 geo·

65 1671 260 1732 metricorum
285 1673 486 1753 ingeniomm,
518 1688 593 1749 quae
616 1677 739 1749 propter
763 1670 840 1732 hanc
864 1670 1056 1744 leviusculam
1085 1672 1282 1734 differentiam
1306 1691 1419 1735 caven-

67 1760 141 1822 dum
179 1759 235 1820 sibi
269 1763 420 1840 putabant
452 1760 491 1823 ab
523 1759 667 1832 horariis,
701 1757 749 1838 qui
781 1759 867 1823 nobis
883 1779 930 1820 ex
953 1771 1106 1822 auctorum
1129 1760 1345 1842 hypothesibus
1370 1761 1419 1824 ol-

67 1850 215 1911 feruntur.

157 1956 373 2011 Maesulinus
395 1953 482 2026 (Epir.
496 1959 608 2010 Astron.
622 1971 649 2023 p.
665 1948 737 2021 444)
752 1972 789 2009 ex
802 1954 1004 2026 hypothesibus
1018 1956 1194 2012 Ptolemaicis
1206 1957 1305 2026 prodit,
1319 1958 1349 2011 in
1361 1972 1420 2013 una

64 2037 139 2091 hora
158 2037 284 2107 superari
297 2036 388 2090 Solem
402 2053 421 2090 a
433 2039 515 2090 Luna
528 2050 659 2108 apogaea
678 2028 727 2088 27‘
742 2031 810 2099 52⁰,
830 2036 957 2090 mediocri
973 2033 1020 2090 30‘
1036 2033 1103 2103 29“,
1132 2033 1336 2109 perigaea‘ili'
1360 2031 1418 2093 W

155 2117 403 2172 Rheinholdus
433 2117 462 2170 in
490 2117 568 2173 Prut.
589 2115 658 2170 Tab.
1431 2114 1434 2119 ’

63 2195 107 2268 (p.
131 2190 177 2252 96.
200 2192 253 2263 97)
274 2213 312 2251 ex
333 2195 483 2266 Copernico
504 2196 558 2250 sio:
683 2189 728 2253 26.
745 2191 780 2248 33
863 2223 898 2234 -
976 2192 1022 2251 30.
1058 2188 1075 2250 9
1171 2224 1207 2236 -
1290 2191 1337 2254 ³5.
1377 2194 1397 2252 7

156 2278 275 2349 Tycho
296 2277 455 2331 Braheus
476 2277 505 2331 in
519 2277 588 2331 rab.
602 2275 658 2330 Lu·

65 2358 184 2413 naribus
206 2356 365 2428 (Progymrn
386 2375 413 2427 p.
439 2349 526 2428 128);
681 2349 781 2411 2212
862 2383 901 2392 -
975 2351 1022 2411 30.
1037 2349 1075 2411 42
1170 2385 1208 2394 -
1291 2351 1337 2412 35.
1360 2351 1407 2414 37.

153 2453 216 2516 'Sed
250 2473 374 2519 necesse
407 2462 471 2527 est,
494 2451 700 2514 Ptolemaeum
724 2459 755 2511 et
779 2448 975 2537 Copernicum
998 2451 1029 2513 in
1053 2451 1222 2531 quantitate
1245 2452 1415 2530 convenire,

61 2562 135 2604 cum
168 2542 384 2625 hypothesibus
417 2551 539 2603 utantur
569 2541 650 2601 circa
682 2541 759 2600 hanc
782 2557 843 2601 rem
867 2539 1146 2620 aequipollentibus.
1192 2539 1314 2603 Etenim
1337 2543 1417 2623 quod

62 2631 235 2713 Copernico
258 2638 397 2713 praestat
419 2631 609 2713 epicyclium,
634 2627 792 2691 retrahens
815 2628 932 2691 Lunam
955 2647 1122 2709 apogaeam
1145 2630 1201 2693 sub
1216 2628 1288 2692 Sole
1312 2639 1415 2693 trans-

61 2732 186 2783 euntem
210 2721 238 2783 in
263 2719 484 2792 antecedentia,
509 2728 540 2780 et
563 2718 735 2799 perigaeam
757 2717 1221 2800 promovensinconsequentia,
1245 2716 1417 2801 plusquam

66 2812 131 2872 fert
161 2809 239 2871 ratio
271 2809 396 2888 majoris
429 2808 573 2891 epicycli:
613 2808 690 2869 idem
719 2805 891 2869 Ptolemaeo
923 2815 1061 2888 praestat
1091 2827 1257 2889 apogaeum
1288 2808 1415 2893 epicycli

61 2900 214 2975 medium,
243 2917 361 2978 semper
393 2898 518 2960 vicinius
543 2898 638 2958 lineae
663 2915 716 2977 per
739 2894 841 2957 Solem
865 2905 897 2956 et
919 2896 1041 2957 Terram
1065 2896 1192 2971 ductae,
1224 2916 1313 2978 quam
1337 2916 1414 2978 apo·

61 3007 173 3067 gaeum
209 2987 341 3066 ejusdem
373 2987 498 3070 epicycli
531 3005 632 3047 verum
664 2985 712 3046 vel
744 2995 886 3065 punctum
909 2985 1117 3062 concavitatis,
1149 2993 1180 3047 et
1202 2986 1414 3067 perigaeume

61 3088 173 3139 contra
195 3079 347 3139 remotius.
380 3079 485 3158 Itaque
508 3074 621 3137 horarii
636 3074 792 3137 Maestliui
816 3073 949 3136 nituntur
973 3075 1178 3137 tantummodo
1196 3074 1410 3155 simpliciccn-

62 3166 248 3228 sideratione
272 3164 408 3246 epicycli.
456 3163 584 3236 Qualem
608 3164 754 3225 rationem
778 3172 810 3223 et
831 3163 969 3225 Braheus
993 3165 1022 3224 in
1045 3183 1098 3226 suo
1123 3163 1242 3225 horario
1261 3163 1412 3228 etdiurno
1438 3234 1440 3239 ,

61 3256 135 3316 ficto
159 3254 292 3334 sequitur
316 3261 374 3323 (loc.
395 3264 435 3312 cit.
463 3279 488 3327 p.
509 3257 597 3326 tta),
629 3270 685 3330 quo
710 3251 854 3312 articulos
878 3251 1116 3332 conjunctionum
1135 3261 1167 3313 et
1188 3252 1412 3334 oppositionum

61 3344 203 3424 inquirit,
243 3343 314 3423 quia
346 3344 374 3405 in
407 3344 467 3406 illis
498 3341 633 3405 articulis
667 3340 818 3420 epicyclus
851 3349 882 3401 et
914 3340 1041 3402 variatio
1069 3341 1160 3422 plane
1192 3342 1266 3404 nihil
1296 3340 1409 3407 turbat.

61 3457 220 3523 Apogaeae
240 3451 312 3505 enim
332 3451 428 3506 Lunae
448 3451 587 3505 horarium
612 3447 729 3503 exbibet
748 3442 797 3502 27‘
818 3443 885 3512 43”,
915 3446 1067 3520 perigaeae
1090 3443 1137 3505 33‘
1159 3442 1238 3514 2l“;

543 3528 723 3584 Maestlinus:
747 3522 792 3583 27.
814 3522 852 3583 52
973 3555 1009 3566 -·
1090 3526 1136 3585 ³3.
1158 3524 1204 3585 35.

152 3626 217 3689 Nec
248 3626 324 3688 alios
354 3645 441 3707 quam
466 3625 649 3705 Copernicus
673 3624 807 3685 horarios
830 3642 918 3685 veros
942 3633 1111 3686 exstrueret
1132 3624 1270 3687 Brabeus
1292 3644 1331 3687 ex
1354 3645 1411 3691 sua

61 3716 223 3799 hypothesi
255 3717 377 3790 Lunae,
411 3714 518 3796 quippe
547 3716 597 3794 qui
620 3713 797 3803 epicycliuqr
821 3711 1058 3792 Copernicanum
1081 3714 1170 3792 plane
1192 3713 1320 3791 retinet,
1349 3715 1410 3779 sita

60 3808 163 3867 solum
190 3815 336 3880 emotum,
374 3814 406 3866 et
437 3804 475 3865 ad
498 3805 623 3866 Terram
650 3805 834 3864 detractum:
869 3801 927 3863 nisi
959 3802 1166 3882 superveniret
1197 3802 1276 3885 apud
1310 3803 1410 3884 ipsum

60 3903 174 3967 motus,
199 3912 286 3973 quem
309 3895 374 3974 ipse
398 3893 664 3968 variationem
689 3892 780 3966 dixit,
814 3909 915 3952 omnes
945 3890 1083 3953 horarios
1105 3892 1210 3954 Lunae
1238 3891 1268 3955 in
1292 3893 1409 3975 copulis

60 3982 213 4046 auctiores
237 3983 379 4046 alliciens.
425 3985 531 4063 ltaque
555 3981 794 4043 observationum
818 3979 1021 4042 testimouium
1046 3980 1194 4061 interponi
1209 4000 1333 4047 necesse
1349 3991 1407 4060 eat,

62 4084 99 4134 ut
124 4081 280 4151 appareat,
306 4071 503 4135 differentiam
528 4071 710 4132 horatiorum
733 4069 993 4150 hypotheticorum
1017 4070 1094 4151 apud
1117 4069 1253 4134 diversos
1269 4080 1408 4135 auctores

63 4171 100 4224 ut
123 4161 281 4241 plurimum
305 4162 448 4223 minorem
471 4179 553 4233 esse,
577 4177 664 4238 quam
689 4158 886 4221 differentiam
909 4159 1041 4239 ipsarum
1064 4158 1142 4221 inter
1164 4179 1198 4223 ee
1217 4160 1407 4224 observatio-

63 4269 152 4322 num,
193 4261 246 4311 aut
267 4249 360 4310 sicubi
383 4249 549 4328 majuscula
572 4258 620 4310 est
644 4248 721 4327 apud
746 4257 898 4322 auctores,
923 4247 1040 4310 cuinam
1062 4246 1154 4328 igitur
1177 4268 1215 4311 ex
1235 4251 1407 4314 auctoribus

64 4340 148 4403 circa
171 4337 321 4401 horarium
343 4339 417 4400 fides
440 4338 481 4399 sit
503 4336 682 4399 adhibenda.

157 4424 299 4490 Ceterum
327 4429 420 4489 variis
443 4426 540 4487 modis
555 4444 602 4486 ‘ex
624 4420 903 4487 observationibus'
907 4424 1024 4487 elicitur
1047 4424 1194 4489 horarius.
1239 4427 1270 4500 Ι)
1293 4428 1408 4490 Exstat

65 4518 145 4579 inter
167 4515 353 4595 problemata
383 4516 457 4596 Cap.
481 4515 539 4577 XI.
570 4513 641 4594 Opt.
665 4511 760 4601 prqbl.
784 4508 837 4575 26.
861 4513 929 4576 hnic
952 4513 1091 4576 instituto
1114 4514 1263 4577 idoneum.
1307 4516 1406 4577 Prae-

65 4605 210 4686 supponit
233 4612 333 4666 autem
355 4604 450 4684 probl.
475 4600 527 4677 24,
551 4604 581 4664 in
605 4622 662 4683 quo
678 4603 811 4675 docetur,
836 4603 983 4681 quomodo
997 4621 1035 4663 ex
1058 4603 1267 4666 observatione
1283 4604 1404 4684 eclipsis

66 4694 149 4756 Solis
184 4700 306 4756 eruatur
337 4693 491 4774 longitudo
514 4700 546 4753 et
568 4692 695 4754 latitudo
717 4688 846 4751 visibilis
869 4690 971 4754 Lunae
995 4713 1014 4753 a
1037 4688 1119 4754 Sole.
1167 4691 1303 4764 Quatuor
1326 4693 1405 4756 enim

66 4785 142 4845 haec
166 4791 306 4844 accurate
325 4783 473 4844 notanda:
501 4780 533 4855 1)
558 4778 681 4842 Certum
695 4779 786 4840 horae
805 4788 1001 4849 momentum,
1025 4777 1061 4851 2)
1085 4781 1238 4862 quantitas
1259 4782 1404 4858 delectus,

66 4871 104 4944 3)
143 4871 356 4933 diametrorum
391 4871 475 4933 Solis
511 4879 544 4930 et
577 4869 683 4933 Lunae
723 4885 873 4948 apparens
910 4867 1101 4959 magnitudo,
1159 4865 1196 4945 4)
1224 4870 1320 4934 lineae
1349 4889 1405 4952 per
