3374 5528
549 166 1031 223 remeantes-resurretio
1047 172 1143 224 Mutis
1478 170 1524 239 89

166 340 312 407 masne
334 360 404 408 cum
424 342 611 410 Ptolemaeo.
652 347 845 411 Ptolemaeus
867 349 995 429 primum
1017 364 1121 415 masso
1141 348 1242 427 'moda
1266 348 1424 431 supposita
1445 348 1523 414 siru-

164 431 241 512 plici
273 433 509 497 ecceutricltatis
540 435 715 518 hypothesi,
750 435 868 518 quaerit
900 437 1154 501 ecceutricitatem
1183 439 1355 520 invenitque
1388 438 1522 520 quintam

165 521 384 586 semidiametri
408 531 534 605 partem.
571 524 642 587 Jarn
665 545 723 586 uon
747 526 895 606 expeditis
919 527 1054 588 omnibus
1078 527 1159 590 circa
1182 529 1391 603 ecceutricum,
1416 528 1523 591 statim

167 609 289 673 accedit
320 611 423 676 orbem
456 633 585 677 aunuum
600 652 603 657 -
617 634 670 676 een
704 615 869 697 epicyclum
902 616 930 677 in
964 633 1099 695 apogaeo
1129 624 1162 680 et
1189 618 1331 697 perigaeo
1365 616 1524 679 ecceutrici

165 700 376 776 constitutum,
400 701 450 764 ubi
472 722 577 784 pamm
600 702 631 765 iu
656 703 777 784 longum
791 703 956 779 aberratur,
975 705 1148 785 invenitque
1163 705 1329 785 simplicem
1345 704 1523 777 ecceutrici-

166 796 265 853 tatem
286 790 370 872 prins
393 810 496 855 crasse
519 791 717 855 constitutam
740 813 799 855 nou
822 812 911 874 posse
933 793 972 855 ab
991 793 1125 875 epicyclo
1149 795 1281 870 tolerari,
1305 795 1363 859 nisi
1384 803 1523 876 exparte

164 879 304 960 praecise
318 880 452 943 dimidia.
477 881 548 945 Jam
563 881 653 962 igitur
666 901 784 945 rursum
799 882 972 962 aggreditur
982 883 1200 946 ordinationem
1210 883 1379 952 ecceutrici,
1395 892 1427 945 et
1437 883 1524 965 quasi

164 986 221 1049 per
251 969 323 1032 falsi
345 971 481 1050 regulam
504 970 623 1034 iteratis
646 970 873 1052 operationibus
886 972 916 1035 iu
930 990 991 1033 una
1006 972 1141 1054 qualibet
1163 973 1429 1053 prosthaphaeresi
1448 992 1523 1036 cou-

166 1057 324 1121 stitueuda
338 1059 440 1133 sudat,
464 1060 559 1123 donec
581 1079 648 1122 earn
672 1068 722 1124 sat
745 1060 913 1141 praecisam
936 1079 1003 1124 esse
1026 1068 1124 1140 putet.
1170 1061 1271 1124 Aliter
1285 1061 1469 1142 Copernicus
1493 1071 1525 1126 et

164 1145 287 1223 vitiose,
310 1148 368 1211 hoc
382 1157 431 1211 est
443 1149 541 1212 minus
555 1150 644 1212 docte
658 1169 747 1232 quam
761 1150 963 1213 Ptolemaeus.
1012 1148 1119 1213 Credit
1141 1151 1219 1212 euim
1238 1151 1426 1234 acronychiis
1448 1151 1524 1216 solis

165 1253 225 1298 uon
239 1237 378 1301 consulto
393 1239 536 1321 epicyclo,
560 1246 671 1320 putans
694 1259 728 1301 se
750 1239 781 1301 iu
804 1239 860 1300 hoc
882 1239 1090 1301 Ptolemaeum
1113 1239 1271 1320 corrigere,
1296 1247 1328 1302 et
1350 1249 1523 1322 suspectam

167 1325 286 1389 habene
309 1327 375 1407 ejus
398 1328 575 1390 relationem
595 1328 660 1390 siue
684 1328 990 1390 demonstrationibus
1013 1327 1266 1392 observationum.

254 1415 334 1479 Puto
356 1424 387 1479 te
410 1417 441 1479 iu
464 1417 564 1480 altera
586 1417 809 1497 assignatarum
832 1436 989 1480 causamm
1012 1436 1167 1498 peccasse,
1192 1419 1261 1481 dum
1279 1416 1410 1479 exstruis
1425 1417 1521 1481 semi·

166 1503 349 1569 diametrum
372 1505 462 1568 annui
495 1506 586 1568 orbis.
633 1507 764 1569 Accedit
795 1515 896 1569 tamen
930 1514 963 1568 et
994 1506 1069 1569 haee
1097 1515 1182 1569 certa
1212 1508 1322 1570 erroris
1355 1525 1463 1569 causa:
1496 1505 1523 1569 si

166 1592 269 1656 Marte
293 1595 324 1657 iu
348 1602 434 1658 certo
455 1596 521 1658 loco
545 1596 705 1659 ecceutrici
728 1595 922 1671 (existente),
945 1604 1020 1675 puta
1042 1596 1072 1657 iu
1092 1596 1172 1677 long.
1189 1596 1298 1671 media,
1323 1595 1370 1658 bis
1391 1597 1523 1657 sxsmuis

166 1682 269 1745 orbem
291 1703 436 1759 aunuum,
470 1683 543 1748 Sole
575 1703 634 1747 nou
666 1686 696 1747 iu
729 1685 836 1747 eodem
866 1685 913 1747 sui
937 1685 1017 1747 orbis
1043 1686 1108 1747 loco
1132 1696 1289 1759 versante,
1314 1684 1450 1747 invenies
1473 1683 1522 1749 bic

165 1790 283 1855 quoque
298 1773 390 1836 aliam
414 1781 504 1856 atque
528 1774 619 1836 aliam
643 1774 908 1846 semidiametmm‚
932 1775 1002 1856 quia
1025 1793 1057 1836 re
1079 1793 1153 1836 vera
1175 1774 1326 1857 epicyclus
1341 1772 1451 1836 Martis
1475 1783 1524 1837 est

165 1862 362 1939 ecceutricus,
385 1863 416 1926 h.
441 1883 468 1927 e.
493 1863 566 1925 nihil
590 1863 671 1926 aliud
694 1883 783 1944 quam
805 1863 869 1943 ipse
887 1862 970 1925 Solis
994 1864 1075 1925 orbis
1099 1882 1164 1926 cum
1188 1862 1347 1926 dimidiata
1370 1862 1520 1926 ecceutri-

165 1949 270 2015 citate.
324 1951 491 2034 Propterea
522 1970 578 2034 ego
611 1972 650 2015 ex
680 1952 777 2015 tribus
810 1952 981 2033 hujusmodi
1013 1952 1141 2015 diversis
1173 1951 1405 2015 semidiametris
1437 1952 1520 2015 orbis

165 2041 258 2105 sunni
292 2048 404 2124 quaero
437 2043 694 2105 ecceutricitatem
725 2042 791 2120 ejus
815 2049 847 2103 et
870 2060 1051 2122 apogaeum,
1077 2049 1109 2103 st
1132 2042 1250 2104 invenio
1274 2042 1330 2104 hoc
1354 2041 1433 2104 idem
1455 2060 1523 2105 cum

166 2127 316 2201 finano.
348 2132 431 2194 illam
465 2129 651 2193 dimidiatam
684 2129 775 2193 Solis.
822 2127 912 2201 Quod
944 2138 977 2193 tu
1008 2131 1038 2192 in
1070 2130 1221 2210 triangulo
1246 2131 1421 2208 rectangulo
1444 2129 1523 2195 iuter

167 2227 286 2296 centra,
320 2220 406 2301 cujus
435 2221 515 2282 alter
537 2220 666 2300 angulus
690 2219 837 2282 distantia
860 2236 1077 2299 apogaeorum,
1100 2219 1218 2282 invenis
1240 2220 1370 2283 vicinum
1393 2219 1522 2299 aliquem

165 2326 324 2377 numerum
341 2328 407 2372 meo
432 2328 563 2384 numero,
585 2309 616 2371 id
630 2307 721 2389 plane
736 2308 969 2371 accidentarinm
985 2316 1034 2371 est
1048 2328 1103 2371 uec
1117 2309 1276 2390 quidquam
1291 2316 1401 2371 movet.
1437 2309 1519 2373 Nem

166 2398 192 2460 si
214 2399 431 2463 divellerentur
454 2417 589 2480 apogaea
611 2399 740 2477 longius,
770 2396 938 2460 variaretur
961 2398 1009 2459 hic
1030 2404 1099 2460 tuus
1113 2417 1263 2473 numerus,
1287 2405 1428 2461 manente
1451 2416 1519 2463 meo

166 2505 202 2550 ex
224 2488 414 2571 acmuychiis
438 2489 577 2562 deducto,
602 2488 679 2567 quod
703 2487 822 2567 quidem
845 2487 909 2568 ipse
933 2487 1074 2550 olfecisti.
1111 2488 1206 2549 Miror
1227 2496 1327 2550 tamen
1341 2487 1517 2570 propinqui·

166 2584 261 2641 tatem
284 2583 378 2648 (titt,
397 2582 489 2654 0⁵⁰0),
513 2578 568 2639 sed
591 2576 653 2640 scio
676 2577 890 2639 connexionem
915 2576 1026 2638 nullam
1049 2596 1127 2639 esse.
1174 2576 1337 2656 Triangulo
1367 2577 1423 2639 hoc
1447 2596 1518 2641 usos

165 2685 220 2748 ego
253 2686 322 2731 sum
354 2668 384 2731 iu
415 2666 565 2748 Mysterio
602 2665 725 2745 ejusque
762 2665 877 2729 tabella
908 2665 1021 2744 majore
1054 2666 1164 2747 aliqua.
1210 2666 1261 2729 Ab
1293 2664 1399 2729 ecdem
1426 2665 1518 2729 etiam

165 2755 264 2840 incepi
287 2776 366 2820 auno
393 2754 478 2820 1600
499 2755 629 2818 Martios
652 2773 736 2817 meos
759 2754 890 2828 labores,
914 2764 948 2816 ut
970 2753 1086 2816 videbis
1109 2755 1139 2817 iu
1164 2752 1405 2818 Commentariis.

253 2846 387 2909 Dabitur
409 2864 503 2928 opera
524 2843 644 2908 Fabrici
665 2845 786 2925 jamque
809 2863 877 2906 cum
901 2844 1042 2925 Tychoue
1066 2852 1245 2907 conventum
1269 2852 1335 2917 est,
1359 2852 1393 2907 ut
1414 2862 1518 2909 omues

167 2934 442 2999 demonstrationes
465 2935 496 2996 iu
519 2934 615 2996 tribus
637 2933 848 3016 hypothesium
871 2932 974 2995 formis
998 2934 1206 3014 expediantur.
1231 2940 1265 3003 (v.
1283 2956 1304 2992 a
1322 2957 1347 3007 p.
1376 2938 1433 3004 st.)

254 3023 371 3088 Censes
394 3023 593 3108 acronychiou
617 3022 796 3105 hypothesin
823 3022 906 3102 prius
930 3027 1037 3085 exacte
1052 3022 1308 3097 constituendam,
1332 3029 1396 3085 tam
1419 3023 1519 3105 quoad

166 3111 231 3176 loca
256 3113 451 3196 longitudinis
475 3133 564 3195 quam
587 3113 685 3193 quoad
708 3112 888 3185 distantias3
914 3111 980 3172 iude
1003 3111 1255 3193 progrediendum
1279 3112 1318 3174 ad
1341 3110 1428 3174 varia
1450 3113 1518 3176 loca

166 3203 246 3266 orbis
270 3202 361 3266 annui
384 3221 479 3284 eaque
502 3201 694 3283 inquirenda3
717 3207 749 3263 et
771 3200 891 3281 quaeris
914 3200 986 3281 quid
1009 3203 1047 3263 de
1070 3201 1128 3263 hac
1146 3210 1200 3263 tua
1215 3201 1356 3265 methodo
1370 3200 1520 3265 seutiam?

253 3288 384 3355 Omnino
408 3292 446 3356 ab
470 3290 658 3372 acronychiis
680 3289 881 3372 incipiendum
904 3289 942 3351 ob
965 3289 1206 3370 simplicitatem,
1230 3290 1300 3371 quia
1322 3290 1390 3353 loca
1412 3291 1518 3355 statim

167 3399 203 3443 ex
224 3380 440 3444 observatione
461 3388 578 3462 patent.
623 3378 706 3459 Ergo
737 3377 915 3441 invenienda
947 3378 1123 3461 hypothesis
1157 3398 1194 3442 ex
1226 3380 1281 3454 iis,
1314 3398 1390 3460 quae
1422 3380 1520 3447 locum

167 3471 367 3534 ecceutricum
390 3477 537 3533 monstret
561 3469 600 3530 ad
623 3468 818 3550 quodcunque
841 3477 976 3547 tempus,
1006 3469 1099 3532 etiam
1122 3487 1188 3531 cum
1211 3488 1271 3531 non
1294 3476 1342 3530 est
1364 3468 1407 3531 ibi
1430 3488 1519 3532 acro-

165 3561 275 3642 nychia
296 3559 457 3641 oppositio.
503 3559 551 3621 De
583 3556 736 3620 distantiis
768 3577 839 3621 vero
872 3557 1057 3639 acronychiis
1087 3578 1145 3621 nou
1179 3557 1330 3620 reddim'ur
1360 3558 1518 3621 admodum

165 3649 249 3727 certi,
264 3648 324 3712 nisi
338 3649 474 3712 nonnihil
487 3667 525 3712 ex
540 3646 757 3720 latitudinibus,
773 3646 823 3709 nbi
837 3654 939 3715 tamen
953 3655 1235 3728 praesuppouuutur
1248 3648 1353 3711 multa.
1388 3645 1519 3729 Oportet

167 3755 237 3820 ergo
261 3739 425 3802 distantias
447 3737 552 3800 venari
575 3756 612 3798 ex
634 3735 849 3817 parallaxibus.
886 3735 972 3799 Atei
991 3735 1169 3817 simpliciter
1183 3736 1331 3817 procedas
1353 3755 1519 3818 perunum

165 3827 335 3907 parallaxin
360 3829 512 3891 stlocum
535 3826 745 3899 ecceutricum,
779 3825 837 3887 duo
866 3827 1100 3907 praesupponis:
1137 3825 1171 3900 i)
1195 3826 1292 3889 locum
1314 3825 1517 3908 hypotheseos

165 3918 266 3980 valere
290 3917 383 3980 etiam
406 3936 472 3980 cum
494 3934 553 3978 uon
577 3914 617 3977 sit
640 3913 788 3995 oppositio
812 3915 1005 3997 acronychia,
1032 3916 1109 3996 quod
1131 3923 1233 3977 tamen
1258 3916 1344 3978 initio
1368 3915 1517 3990 nescitur3

168 4000 202 4081 2)
224 4007 446 4088 praesupponis
469 4003 645 4068 distantiam
669 4001 709 4081 Θ
734 4012 766 4066 et
789 4006 815 4081 ὃ
838 4022 891 4066 eeu
914 4003 1172 4067 semidiametrum
1204 4004 1339 4087 epicyoli,
1364 3995 1518 4086 planetam
1587 4034 1591 4041 ·

166 4095 315 4171 vehentis,
340 4104 485 4177 perpetuo
506 4108 574 4157 esse
589 4094 725 4169 eandem,
749 4092 828 4172 quod
851 4093 968 4165 falsum,
983 4103 1040 4157 est
1078 4094 1185 4175 Itaque
1201 4112 1258 4174 ego
1272 4093 1368 4174 primo
1387 4093 1517 4156 omnium

168 4202 201 4247 ex
223 4185 316 4250 trinis
338 4184 543 4266 parallaxibus
567 4190 592 4253 d
616 4183 719 4244 eodem
744 4182 903 4245 ecceutrici
925 4183 991 4244 loco
1016 4201 1125 4264 quaero
1156 4183 1413 4247 ecceutricitatem
1436 4181 1517 4246 orbis
1597 4230 1602 4245 .

167 4275 270 4349 annui,
305 4282 375 4338 tuuc
397 4283 506 4355 postea
527 4270 650 4354 po'ssum
673 4270 813 4334 adhibere
833 4272 935 4349 justas
958 4271 1132 4346 distantias,
1161 4272 1186 4334 si
1211 4291 1286 4351 opus
1309 4280 1400 4334 esset.
1447 4270 1517 4335 Non

169 4363 296 4446 emplius
319 4380 390 4425 vero
419 4382 495 4444 opus
525 4370 582 4424 est.
628 4361 743 4422 Eadem
776 4359 855 4423 euim
886 4379 979 4441 opera
1001 4360 1087 4424 elicio
1121 4369 1153 4423 et
1183 4359 1406 4442 proportionem
1434 4360 1517 4424 orbis

168 4453 256 4518 suuni
279 4453 320 4515 ad
342 4452 427 4515 illam
450 4450 627 4515 distantiam
650 4458 675 4520 (ς
698 4458 730 4511 et
754 4445 811 4526 Θτ
841 4448 946 4530 quodsi
977 4458 1115 4531 quartam
1143 4457 1174 4511 et
1204 4449 1340 4530 quintam
1362 4459 1395 4514 et
1415 4450 1516 4532 plures

169 4541 336 4606 adsciscam
357 4542 530 4623 parallaxes
553 4540 593 4602 ad
615 4539 741 4603 eundem
765 4538 925 4602 ecceutrici
947 4540 1059 4610 locum.
1091 4545 1178 4601 tauto
1207 4537 1304 4618 magis
1332 4538 1371 4602 hu
1394 4540 1515 4617 certior,

170 4632 294 4696 eundem
316 4630 477 4695 ecceutrici
500 4630 597 4694 locum
620 4638 652 4692 et
673 4628 799 4691 eandem
821 4628 888 4709 ejus
910 4628 1086 4691 distantiam
1108 4647 1129 4689 a
1151 4624 1192 4704 Θ
1216 4628 1328 4700 valere,
1351 4629 1516 4713 ubicunque

171 4717 221 4784 Sol
243 4722 296 4797 sit,
318 4728 354 4784 et
373 4718 419 4785 sic
441 4739 476 4786 se
497 4719 564 4802 ipso
583 4726 665 4782 stare
681 4717 878 4782 ecceutricum
893 4724 929 4794 d,
953 4737 1008 4781 uec
1031 4719 1122 4781 ullam
1145 4714 1246 4780 subire
1267 4715 1517 4802 iuaeqmlitstem
