3368 5534
277 293 320 363 64
688 296 791 348 lslteras
810 297 913 362 Kapleri
932 297 1082 361 aliorumque
1099 302 1201 346 mutuas

277 474 341 526 Solls
358 478 476 538 majorem
504 490 558 526 esse
586 476 683 531 asseris.
711 489 860 540 magnopere
878 477 959 526 miror.
995 473 1067 535 Quse
1086 474 1117 525 ds
1134 474 1300 539 parallnxibns
1328 475 1437 536 eddnds,
1463 475 1504 524 rix
1532 480 1633 526 m

278 547 442 598 diffemndsm
461 547 621 603 excusabunt,
640 562 697 597 cnm
715 561 764 596 non
782 548 814 595 sit
832 547 907 597 multo
925 549 1005 609 major
1022 560 1096 610 qnam
1114 548 1140 595 in
1159 545 1224 596 Sole.

366 617 507 678 Quaeritur,
526 631 559 668 sn
578 624 688 668 centrum
706 619 838 668 secentrici
857 618 945 668 Martis
972 633 999 667 re
1023 632 1082 667 vora
1104 619 1179 666 fixum
1203 619 1236 667 sit
1259 619 1285 667 in
1303 616 1361 669 Sole
1386 616 1424 668 rel
1450 618 1575 668 direrm
1602 619 1633 668 ab

278 704 308 740 eo
328 689 408 740 locum
427 688 541 741 habeat?
560 689 643 751 Tycho
662 690 765 752 primum
777 689 836 738 vnlt.
863 689 990 750 Quomodo
1003 696 1031 737 tn
1044 691 1177 745 existimas,
1196 689 1304 739 Martem
1321 691 1495 755 imaginarium
1507 689 1633 754 quodem

276 767 394 825 pnnewm
421 768 490 812 motu
517 761 597 810 medio
625 761 760 824 respicere,
789 761 808 808 si
828 761 861 811 ad
889 761 995 810 medinm
1014 768 1107 809 motum
1125 761 1166 810 ille
1189 754 1341 811 referretur?
1372 761 1446 811 Certe
1464 761 1507 811 Sol
1525 776 1576 811 non
1595 770 1633 810 est

278 833 453 897 imaginarium
478 839 595 896 punctum
613 838 743 882 ettamen
761 832 826 882 illins
849 840 929 882 motus
947 838 976 882 ut
992 846 1063 880 verns
1081 833 1119 881 its
1136 832 1231 882 medius
1250 827 1440 884 consideraturi
1471 832 1499 882 Si
1517 839 1631 882 mntem

277 905 409 954 eecenmici
436 903 591 967 planetarum
618 919 667 953 non
687 905 768 953 estin
788 901 862 960 Sole,
889 910 949 952 tnnc
976 903 1120 953 latitudines
1148 904 1307 953 mutabuntur
1334 918 1438 954 woman
1464 904 1504 955 rel
1532 918 1633 954 meum

276 974 405 1038 eclipticas
431 974 464 1024 ad
481 973 575 1025 illorum
593 973 703 1038 periodos
722 976 784 1024 iiras
803 982 829 1024 et
845 989 894 1024 nno
913 975 967 1023 loco
986 989 1114 1037 perennes.

366 1046 511 1107 Quaeritur.
529 1060 572 1095 cnr
589 1045 678 1109 duplex
696 1046 722 1094 in
738 1046 844 1109 planetis
864 1047 1016 1096 occentricns
1035 1053 1061 1094 et
1078 1059 1143 1110 qnae
1161 1060 1247 1101 cansa,
1266 1046 1330 1109 quod
1349 1060 1401 1095 nna
1417 1046 1522 1109 simplici
1541 1061 1632 1096 esen·

277 1117 387 1168 trisitate
407 1124 487 1166 notus
506 1116 619 1179 apsidum
636 1118 748 1167 eremari
766 1133 816 1166 non
829 1116 926 1180 possit?
939 1115 985 1167 dte.
1012 1116 1085 1174 ane.
1105 1116 1170 1182 viga
1189 1124 1215 1166 et
1227 1117 1297 1167 llore
1310 1117 1403 1168 Excell.
1417 1117 1449 1166 Ι).
1462 1118 1575 1183 Keplere
1586 1116 1632 1168 &a

278 1187 411 1247 Dabantur
428 1187 607 1239 Restarhaviae
625 1189 651 1237 in
670 1187 711 1237 Or.
730 1189 810 1238 frisia
828 1189 851 1237 d.
875 1188 896 1238 i.
916 1191 981 1253 Aug.
1004 1185 1081 1237 1002.

367 1257 525 1323 (Inscriptio:
544 1258 610 1309 Dein
629 1259 738 1310 Erbsren
757 1260 807 1309 und
820 1260 1005 1325 llochgelarten
1018 1260 1098 1308 llerrn
1111 1259 1145 1309 nl.
1157 1259 1181 1308 J.
1195 1259 1312 1323 Keplero‚
1331 1260 1403 1309 Kale.
1416 1258 1477 1321 May.
1499 1260 1632 1309 bestelltes

278 1329 469 1381 Mathematico.
505 1329 614 1381 Meinem
632 1331 800 1397 rilgnustigen
818 1331 899 1380 llerrn
919 1331 969 1379 und
987 1331 1109 1380 Freunde.
1129 1331 1166 1378 Zn
1179 1331 1254 1395 Prag.
1271 1330 1301 1380 ln
1320 1331 1364 1380 des
1382 1331 1461 1381 llerrn
1474 1347 1497 1379 r.
1511 1331 1630 1381 Llchtes·

277 1402 355 1452 stsius
368 1401 452 1451 lisura
470 1403 515 1451 auf
530 1401 587 1452 dem
599 1401 690 1452 Retsin
709 1418 740 1451 an
757 1403 884 1452 erkunden
903 1403 962 1450 oder
980 1404 1068 1467 geviss
1086 1403 1113 1451 in
1131 1402 1174 1452 der
1193 1401 1261 1452 alten
1273 1401 1348 1453 stan
1365 1404 1390 1452 in
1409 1403 1453 1452 der
1471 1402 1631 1469 salossgssss

278 1487 334 1522 snm
353 1472 446 1539 gnldsn
463 1472 593 1523 Hirschen.
630 1473 678 1522 ilii
696 1474 773 1523 Pleias
791 1489 822 1522 au
841 1470 982 1535 bestellen.)

283 1580 286 1587 ·
365 1560 502 1624 Responsio
520 1561 675 1627 Kepleri,
702 1563 782 1625 prima
800 1576 885 1612 earnm
912 1576 974 1626 qnae
993 1562 1110 1612 exhibent
1134 1563 1318 1626 manuscripta,
1345 1562 1406 1613 ists
1424 1569 1463 1613 est
1481 1562 1506 1612 d.
1527 1560 1552 1611 i.
1573 1561 1629 1614 Oet.

282 1628 359 1682 teos.
397 1632 496 1697 (Comp.
515 1632 572 1683 Vol.
591 1634 611 1691 Ι,
631 1649 654 1697 p.
675 1628 748 1694 300.)
784 1632 826 1684 Sic
845 1634 968 1683 exorditur
979 1634 1124 1705 ¹Koplerns:

371 1806 516 1891 Quisquis
531 1811 581 1872 ille
596 1809 647 1884 sit,
671 1811 718 1872 oui
735 1811 838 1873 literas
857 1811 1083 1880 commendasti,
1103 1810 1274 1872 doctissime
1294 1809 1422 1884 Fabrici,
1443 1808 1630 1889 negligenter

281 1897 351 1960 illas
375 1900 500 1962 curavit.
547 1899 709 1962 Audieram
734 1920 771 1961 ex
795 1901 973 1963 haeredibus
997 1900 1181 1973 Brahoanis,
1210 1899 1274 1979 jam
1307 1899 1420 1979 pridem
1451 1898 1628 1963 fasciculum

283 1986 435 2049 literarum
460 1990 497 2049 ad
522 2008 567 2050 me
591 1989 790 2068 spectantium
814 1989 844 2051 in
868 2010 939 2051 suas
963 1990 1054 2051 aedes
1078 1990 1226 2055 delatum,
1258 1989 1311 2048 sed
1335 1986 1523 2067 repudiatum
1546 2009 1565 2050 a
1588 2008 1630 2063 se,

282 2075 360 2157 quod
383 2077 550 2149 nescirent,
582 2077 739 2143 conclusas
773 2098 839 2140 esse
869 2087 899 2141 et
928 2079 1045 2159 aliquas
1069 2080 1109 2140 ad
1131 2098 1164 2139 se
1188 2076 1313 2138 misses:
1346 2076 1535 2139 tabellarium
1560 2096 1629 2139 vero

275 2184 404 2245 negasse
427 2175 490 2228 tam
514 2166 633 2245 longum
656 2167 715 2229 iter
737 2167 890 2230 literarum
914 2188 1006 2230 causa
1029 2167 1145 2247 ingredi
1165 2165 1294 2238 (namin
1310 2176 1446 2227 extrema
1462 2166 1629 2246 fereparte

276 2273 372 2315 novae
396 2254 477 2316 urbis
501 2255 629 2330 habito),
655 2256 774 2318 forent
798 2257 847 2339 qui
871 2256 975 2319 literas
999 2263 1126 2337 quaerat
1149 2256 1227 2316 ultro
1252 2254 1291 2316 ad
1314 2273 1347 2315 se
1371 2254 1482 2317 veniat.
1522 2253 1628 2327 Quae-

276 2342 334 2404 sivi
367 2341 435 2406 illas
466 2362 520 2423 per
548 2341 568 2408 3
599 2344 797 2425 septimanas,
823 2346 945 2426 ignarus
976 2347 1052 2407 unde
1076 2353 1189 2407 essent.
1236 2344 1370 2405 Tandem
1401 2342 1525 2406 fortuito
1557 2344 1628 2407 mihi

276 2430 396 2511 ignotus
419 2431 506 2495 homo
530 2433 659 2496 occurrit
678 2443 710 2496 et
732 2444 829 2497 utrum
844 2434 969 2514 Kepleri
983 2426 1054 2497 mihi
1069 2453 1174 2496 nomen
1189 2434 1230 2495 sit
1249 2440 1454 2512 percontatus,
1479 2432 1518 2494 ad
1537 2435 1630 2497 aedes

277 2538 325 2582 me
339 2518 567 2601 Archieplscopi
590 2523 721 2601 ablegat,
747 2524 797 2585 ubi
821 2525 946 2585 latuere.
962 2522 1175 2586 —Exordiris
1199 2522 1321 2584 animio
1345 2540 1412 2583 meo
1435 2541 1549 2596 amore,
1574 2541 1630 2605 qno

278 2607 398 2670 nomine
420 2610 475 2671 tibi
499 2611 615 2689 gratiss
640 2630 708 2690 ago.
754 2613 796 2674 Et
819 2632 884 2674 curn
907 2613 1035 2693 plurima
1057 2611 1215 2675 in=literis
1246 2619 1424 2690 sequantur,
1457 2610 1488 2672 in
1522 2610 1629 2693 quibus

278 2716 368 2759 eme
392 2697 552 2769 dissentire
586 2700 675 2775 dicis,
705 2702 805 2763 nescio
839 2702 984 2782 quomodo
1015 2710 1045 2764 te
1069 2702 1273 2780 disputantem
1297 2719 1363 2761 curn
1387 2699 1530 2762 laudante
1555 2721 1630 2765 con·

276 2784 375 2848 ciliem
398 2787 498 2864 aliter,
521 2787 579 2850 nisi
603 2790 681 2869 quod
705 2792 844 2853 conflictu
868 2792 1013 2872 fulgorem
1037 2790 1175 2853 veritatis
1199 2791 1306 2852 elicere
1338 2799 1368 2851 te
1390 2806 1481 2868 posse
1512 2809 1628 2870 speres.

280 2872 382 2946 Quare
405 2876 462 2938 boc
486 2896 542 2956 ege
566 2878 605 2939 mi
628 2879 763 2949 Fabrici.
794 2880 929 2959 disputes
961 2880 990 2941 in
1021 2888 1190 2959 posterum,
1214 2899 1272 2940 non
1295 2896 1426 2957 perores.
1474 2879 1556 2941 Nam
1579 2881 1630 2942 illa

282 2964 397 3026 ratione
422 2964 507 3027 nobis
530 2966 588 3047 ipsi
612 2969 824 3047 profuerimus,
849 2969 906 3030 lrac
930 2971 1065 3031 nocueris
1089 2968 1171 3030 mihi.
1218 2969 1286 3030 Non
1310 2967 1387 3029 enirn
1412 2967 1558 3031 fovendus
1583 2978 1629 3031 est

280 3071 364 3116 amor
388 3054 443 3124 sui.
467 3056 520 3117 sed
544 3057 623 3118 omni
646 3064 772 3120 externa
795 3068 826 3119 et
849 3059 966 3119 interna
989 3059 1018 3119 vi
1042 3057 1290 3137 pessumdandos.

366 3144 980 3224 Depatriaetuaestatnhicinaudivimns
1002 3154 1046 3216 (Π.
1067 3152 1149 3214 ⁷5¹·l·
1170 3142 1627 3209 Dvusmelioramssol'tbrlclo!

279 3231 393 3294 Malum
409 3252 493 3295 omen
509 3234 604 3314 pestis
619 3235 708 3296 simul
723 3245 754 3297 et
768 3236 907 3309 rebellio;
932 3247 1030 3297 metuo
1045 3235 1193 3314 graviora.
1232 3235 1275 3296 Te
1294 3243 1392 3296 tamen
1409 3241 1462 3295 tua
1479 3234 1629 3312 professio

276 3321 357 3401 spnd
371 3323 447 3384 huno
467 3323 583 3385 hostem
602 3343 660 3385 non
680 3324 775 3386 minus
795 3325 837 3387 uti
852 3344 939 3406 spero
955 3325 1111 3399 tutabitur,
1129 3343 1217 3404 quam
1236 3324 1312 3405 apud
1332 3322 1506 3403 principem.
1545 3322 1628 3386 Dens

277 3428 348 3473 vero
373 3418 402 3472 te
427 3420 552 3492 tuosque
577 3412 614 3474 ab
638 3413 745 3475 infreni
767 3415 893 3477 militum
917 3415 1120 3494 gregariorum
1144 3411 1265 3475 licentia
1288 3413 1449 3474 clementer
1472 3420 1607 3478 tueatur.

365 3516 424 3567 lam
437 3518 559 3582 Keplerns
581 3518 745 3578 „offensiones
764 3536 820 3571 eum
832 3521 1001 3587 Tengnsglio“
1019 3521 1083 3575 adit.
1102 3534 1163 3584 quas
1181 3535 1255 3583 supra
1273 3514 1308 3582 (p.
1326 3515 1378 3579 1².)
1397 3518 1508 3575 diximus.
1528 3519 1629 3581 deinde,

276 3597 427 3660 marpesias
440 3597 648 3661 disquisitionibus
661 3600 813 3666 analogicis
825 3599 859 3661 (Ι,
870 3598 942 3661 300.)
954 3603 1048 3665 pergit:
1072 3593 1203 3662 Miraris,
1217 3610 1255 3652 ex
1269 3586 1290 3652 4
1305 3590 1492 3672 aoronychiis
1506 3592 1628 3671 prodire

276 3678 402 3739 eandem
426 3696 544 3757 semper
567 3682 894 3756 commensurationem,
919 3691 950 3743 et
973 3701 1038 3743 eam
1063 3691 1161 3743 tamen
1182 3681 1289 3742 falsam
1308 3699 1363 3741 nec
1377 3679 1406 3740 in
1420 3680 1628 3759 parallexibus

279 3773 392 3846 aptam.
440 3764 570 3829 Causam
595 3769 706 3831 dicam:
741 3771 844 3832 statim
876 3778 947 3849 post
977 3789 1142 3852 apogaeum
1171 3769 1301 3831 maxima
1325 3778 1372 3830 est
1395 3768 1566 3831 differentia
1589 3770 1628 3832 sd

278 3854 474 3936 aequationes
498 3856 580 3936 ipsas
603 3859 632 3919 in
657 3868 781 3939 utraque
804 3859 972 3941 hypothesi.
1020 3860 1169 3939 Aequatio
1193 3876 1263 3920 vero
1288 3858 1354 3937 ipsa
1382 3876 1489 3938 parva,
1515 3858 1628 3923 nedum

278 3943 536 4016 differentiatait).
576 3947 714 4010 Proxime
738 3968 807 4011 vero
832 3957 902 4010 ante
923 3949 1139 4028 longitudinem
1168 3948 1296 4009 mediam
1324 3945 1455 4008 vicissim
1484 3949 1627 4029 aequatio

282 4051 393 4112 magna
416 4034 543 4113 quidem.
568 4036 621 4097 sed
644 4037 826 4099 insensibilis
846 4038 875 4098 in
900 4046 1026 4118 utraque
1056 4037 1215 4120 hypothesi
1238 4035 1415 4098 differentia.
1459 4033 1550 4098 Circa
1565 4033 1629 4101 45Φ

278 4123 483 4185 tantummodo
505 4125 660 4187 variantur
683 4127 877 4205 aequationes
900 4147 953 4206 por
975 4127 1110 4190 variatas
1133 4126 1316 4209 hypotheses
1339 4146 1358 4186 a
1381 4124 1508 4206 simplici
1531 4146 1627 4207 usque

278 4213 316 4274 ad
340 4210 529 4275 rationem2
561 4215 729 4293 aequalium
761 4217 959 4297 parallaxium
982 4227 1014 4278 et
1043 4215 1211 4297 aequantia.
1259 4216 1363 4296 ltaque
1394 4216 1628 4278 succurrendum

278 4301 337 4363 illis
361 4301 390 4362 in
414 4295 492 4377 45⁰3
524 4321 593 4365 nam
615 4321 669 4382 per
692 4306 912 4385 usurpationem
936 4306 1081 4386 simplicis
1104 4303 1410 4386 prosthaphaereseos
1443 4303 1532 4366 nimis
1565 4305 1628 4368 illie

279 4408 406 4469 magnae
430 4391 560 4453 evadunt
584 4394 788 4473 aequationes.
834 4394 972 4457 Demisso
997 4407 1099 4458 centro
1123 4393 1282 4456 eccentrici
1311 4412 1327 4454 e
1351 4392 1415 4453 loco
1438 4391 1548 4471 priori,
1577 4394 1628 4475 qui

280 4487 401 4541 maneat
423 4490 557 4543 centrum
580 4484 747 4562 aequantia,
772 4484 843 4545 fiunt
857 4484 925 4545 illae
940 4485 1069 4564 majores
1088 4483 1243 4565 paulatim.
1282 4482 1411 4543 ‘fantum
1429 4480 1507 4543 enim
1522 4491 1629 4561 potest

281 4567 311 4629 id
344 4578 477 4631 centrum
510 4570 644 4643 demitti,
677 4572 770 4633 donec
803 4592 997 4652 assequamur
1025 4576 1138 4653 justum
1167 4572 1315 4633 modulum
1346 4569 1559 4650 aequationem
1589 4590 1627 4635 ex

281 4674 453 4738 quacunque
475 4659 749 4739 prosthaphaeresl.
797 4662 880 4725 llnnc
914 4663 993 4724 circa
1020 4659 1091 4738 45⁰,
1121 4661 1170 4722 ubi
1198 4660 1326 4722 variatio
1354 4658 1499 4735 maxima,
1533 4660 1628 4723 talem

283 4744 436 4825 eligemus,
459 4757 493 4809 nt
516 4768 619 4810 omnes
644 4749 824 4831 hypotheses
848 4753 1025 4815 conveniant
1047 4753 1077 4814 in
1100 4749 1286 4830 longitudine
1309 4749 1408 4813 media
1439 4756 1531 4830 utque
1553 4750 1626 4831 pls·

280 4842 367 4897 neme
386 4838 500 4916 justum
524 4839 620 4900 locum
644 4840 886 4921 expresserimus.
932 4838 1033 4914 Quare
1056 4841 1084 4903 si
1102 4838 1237 4905 deviabit
1258 4838 1365 4917 adhuc,
1389 4836 1521 4903 deviatio
1543 4838 1628 4905 ciros
