3374 5528
635 280 696 336 rar·
703 283 806 353 Tertia.
843 275 927 349 Caput
943 274 1032 339 XXVI.
1443 285 1507 377 ²85.

155 477 341 562 apogaeum,
365 480 400 523 eo
425 461 503 543 qimd
526 461 624 524 lineae
647 486 700 544 αχ,
724 460 782 542 kp,
796 486 843 525 ro
864 464 1005 545 paralleli
1028 471 1114 529 suut.
1153 462 1198 529 Aa
1221 465 1257 526 de
1280 467 1362 530 nullo
1386 467 1509 571 proprie

154 549 298 628 usurpari
329 557 431 631 potest
461 571 521 613 vox
552 542 679 631 apogaei
708 560 922 634 praeterquam
941 554 977 615 de
1000 553 1116 635 primo,
1141 555 1256 636 puncti
1270 560 1311 630 θ,
1349 557 1419 639 quia
1442 558 1507 637 ejus

154 639 238 701 linea
252 638 439 804 apzidumq.
428 642 495 722 αβχ
522 656 575 721 per
598 640 696 722 ipsam
718 643 844 724 Terram
867 642 999 722 ducitur,
1027 663 1102 726 quae
1124 643 1155 705 iu
1178 667 1199 705 α
1221 645 1322 725 posita
1344 645 1418 722 fuit,
1448 665 1507 710 non

153 746 228 791 vero
252 748 282 790 m
343 730 391 790 vel

244 818 359 881 Verum
382 819 502 905 quidem
525 826 580 887 est,
605 838 643 880 ex
665 843 686 881 α
708 812 803 882 Terra
825 822 893 901 ejici
916 840 1007 902 posse
1028 840 1083 903 per
1105 828 1215 884 centra
1230 823 1354 886 duorum
1372 823 1506 926 reliquo-

154 927 220 972 rum
255 908 488 987 eccentricorum
516 930 538 986 φ
567 915 598 971 et
626 933 642 979 ς
674 918 791 985 rectas,
822 930 897 992 quae
926 910 1062 973 dicantur
1090 911 1188 973 lineae
1218 914 1345 991 apogaei
1366 914 1507 993 proprie3

155 1016 233 1081 quae
258 997 289 1060 in
312 982 522 1060 antecedentia
545 998 654 1060 cadent
677 1000 805 1087 apogaei
828 1019 890 1082 ‘¹13
914 1009 988 1081 puta
1009 1021 1057 1077 αφ
1079 1001 1111 1062 iu
1133 995 1254 1076 wli,
1278 1023 1319 1071 ας
1342 1001 1372 1063 in
1399 997 1456 1064 19θ
1480 1007 1505 1078 tl

155 1087 289 1150 circiter.
334 1088 379 1149 At
401 1095 470 1149 tunc
493 1086 551 1148 hae
575 1086 672 1151 lineae
696 1109 753 1151 nou
774 1089 945 1169 transibunt
960 1108 1014 1170 per
1029 1089 1171 1170 cujusque
1189 1089 1347 1152 eccentrici
1366 1099 1508 1193 punctum

153 1176 353 1258 aequalitatis
375 1170 536 1256 proprium.
576 1177 730 1278 Itaque
706 1199 732 1239 sr
750 1178 817 1259 quis
841 1179 1053 1241 etholemaei
1070 1178 1268 1241 sectatoribus
1288 1199 1347 1240 non
1363 1179 1429 1240 vult
1442 1179 1508 1260 epi
1511 1240 1515 1253 ,

155 1266 274 1346 cyclum
298 1266 415 1345 ailigere
440 1265 606 1327 eccentrico
631 1265 659 1326 in
683 1274 793 1346 puncto
816 1271 850 1341 e,
875 1269 927 1341 sed
951 1269 1156 1329 mavulteum
1174 1268 1350 1348 alligarem
1366 1277 1467 1329 centro
1483 1291 1508 1341 r,

155 1357 183 1417 is
217 1362 343 1434 cogetur
372 1355 416 1415 nti
448 1353 563 1415 duabus
596 1353 684 1416 lineis
721 1356 872 1436 apsidum,
910 1357 1008 1418 altera
1030 1378 1082 1434 αφ
1104 1356 1280 1430 eccentrici,
1313 1357 1429 1439 reliqua
1458 1372 1510 1437 αψ

155 1442 338 1525 aequantis,
362 1451 394 1504 et
417 1442 691 1515 eccentricitetibus
715 1467 767 1523 αφ
792 1452 822 1506 et
845 1459 916 1522 αψ;
941 1446 1019 1526 quod
1043 1466 1131 1526 quam
1155 1446 1197 1507 sit
1218 1446 1390 1507 intricatum
1414 1455 1444 1507 et
1459 1446 1509 1507 in-

154 1532 345 1595 commodum
376 1533 428 1605 (de
456 1532 643 1594 absurditate
671 1533 749 1596 euim
773 1541 822 1596 sat
845 1535 956 1596 dictum
979 1543 1026 1596 est
1049 1534 1146 1617 capite
1163 1528 1246 1615 VI),
1266 1534 1383 1614 judicet
1403 1535 1509 1615 hujus-

156 1622 239 1684 modi
265 1620 383 1702 aliquis.

246 1710 333 1773 Idem
362 1710 437 1784 erit,
461 1706 577 1790 siquis
600 1711 674 1772 velit
700 1712 791 1791 ligere
814 1712 979 1794 epicyclum
1002 1711 1169 1774 eccentrico
1192 1712 1222 1773 in
1244 1719 1354 1792 puncto
1379 1735 1406 1787 o,
1430 1713 1511 1775 circa

155 1798 237 1883 qno'd
254 1798 406 1880 epicyclns
422 1799 589 1880 aequaliter
604 1801 744 1862 volvitur
777 1802 856 1879 Nam
871 1810 941 1863 tunc
958 1801 1151 1875 eccentricus,
1168 1802 1305 1862 deferens
1321 1810 1461 1881 punctum
1481 1825 1508 1877 o,

156 1888 285 1952 babebit
307 1888 366 1951 duo
389 1907 525 1988 apogaea
549 1897 581 1950 et
603 1890 860 1967 eccentricitatea3
885 1891 1012 1952 alterum
1035 1890 1129 1952 centri
1153 1889 1182 1950 in
1205 1890 1284 1951 linea
1307 1914 1357 1964 ας,
1382 1890 1509 1952 alteram

155 1978 262 2061 puncti
290 1976 520 2059 aequalitatis
512 1997 543 2039 m
571 1978 650 2040 linea
678 2002 736 2040 ao.
780 1980 903 2042 Restat
932 1981 1023 2059 igitur
1045 1979 1094 2040 vel
1117 1979 1313 2060 epicyclnm
1305 1999 1336 2040 m
1358 1983 1384 2040 θ
1405 1981 1508 2060 figere,

157 2068 207 2131 iel
231 2066 483 2141 eccentricorum,
497 2067 561 2149 qui
584 2075 695 2147 puncta
717 2091 733 2128 r
756 2077 788 2129 et
811 2092 827 2130 o
851 2069 1002 2143 deferunt,
1032 2088 1168 2148 apogaea
1198 2068 1358 2149 improprie
1381 2087 1507 2144 sumere,

157 2167 188 2220 et
211 2150 456 2218 eccentricitates
479 2165 652 2258 computare
677 2177 696 2225 a
717 2158 836 2236 punctis
858 2156 885 2231 ξ,
900 2182 931 2227 τ,
954 2177 1014 2219 ιιοιι
1037 2158 1074 2218 ab
1098 2183 1127 2229 a,
1151 2159 1262 2218 Terrae
1286 2156 1392 2218 indice.

245 2249 349 2326 Atque
381 2245 527 2306 hactenus
559 2245 656 2326 prima
688 2246 849 2308 delineatio
886 2247 980 2309 fuit
973 2267 1002 2308 ιιι
1034 2248 1131 2311 forma
1154 2247 1347 2309 Ptolemaica.
1400 2248 1511 2309 Altera

159 2343 264 2438 potest
287 2334 405 2397 institui
429 2333 482 2408 sic,
505 2342 540 2396 ut
554 2335 621 2395 loca
635 2336 746 2396 Terrae
764 2334 970 2417 Oopemicaua
994 2342 1020 2409 δ,
1037 2359 1061 2408 ι,
1081 2334 1105 2409 ζ,
1121 2358 1146 2413 η,
1171 2332 1338 2400 ccbcedaut
1356 2355 1414 2396 nou
1433 2337 1462 2398 in
1478 2361 1508 2406 α,

160 2425 246 2487 sed
238 2445 316 2503 my,
342 2424 385 2485 sic
408 2425 443 2484 nt
465 2423 494 2485 in
517 2424 574 2485 hoc
592 2424 750 2486 schemate
773 2445 831 2486 uon
856 2450 884 2499 α,
910 2427 963 2486 sed
986 2448 1000 2506 γ
1022 2425 1145 2486 denotet
1164 2427 1286 2486 Terram
1312 2424 1413 2487 mnndi
1435 2444 1508 2487 cen-

160 2525 256 2576 trum:
288 2513 338 2575 ubi
371 2512 522 2594 epicyclns
553 2513 662 2588 etiarn,
705 2523 741 2574 et
771 2513 866 2594 ipsius
898 2522 1074 2595 punctorum
1100 2519 1141 2587 e,
1159 2536 1187 2581 r,
1208 2537 1224 2575 ο
1257 2521 1319 2574 tres
1351 2503 1518 2577 eccentrici'

160 2605 221 2666 situ
246 2622 302 2664 sno
326 2602 540 2663 emerebantur
564 2602 693 2682 'spatiolo
717 2627 764 2682 ay,
789 2604 903 2684 eritque
926 2623 1009 2664 mera
1025 2602 1277 2683 aequipollentia,
1300 2620 1387 2682 quam
1403 2620 1509 2683 super-

161 2693 251 2754 sedeo
277 2691 402 2753 nlterins
426 2691 593 2770 explicare,
625 2711 660 2751 ne
684 2691 804 2754 nimium
828 2694 922 2754 lector
951 2693 1165 2773 confundatum
1199 2712 1268 2754 nam
1294 2691 1368 2752 haec
1392 2691 1510 2774 quidem

160 2782 273 2845 mentio
296 2789 413 2842 tautum
440 2781 474 2840 fit
493 2788 617 2860 propter
641 2781 753 2851 sciolos
775 2790 828 2844 aut
850 2781 994 2843 curiosos.

247 2872 283 2933 ln
313 2871 408 2931 forma
431 2869 648 2950 Tychonica
678 2870 762 2932 nulla
793 2890 870 2933 nova
888 2860 1097 2932 'delineatione
1128 2876 1202 2950 opus
1226 2879 1281 2931 est.
1323 2866 1510 2931 Brevissima

161 2960 304 3022 iudicatio
334 2958 472 3020 sufficit·
499 2959 625 3043 Ponitur
656 2969 796 3039 punctum
827 2959 974 3022 allisionis
997 2958 1156 3021 eccentrici
1180 2966 1306 3039 quatuor
1330 2956 1437 3019 sitibus
1461 2958 1509 3020 di-

161 3049 258 3111 versis
282 3050 312 3110 in
336 3051 362 3117 λ,
377 3072 404 3126 ρ,
421 3069 498 3132 mu,
522 3054 555 3109 ut
578 3049 700 3128 planeta
724 3050 765 3110 sit
788 3049 817 3111 iu
847 3052 987 3124 ι,ιι,λ,μ,
1025 3058 1056 3109 et
1088 3047 1226 3128 paralleli
1259 3048 1434 3124 ιλ,κρ,λσ,
1453 3071 1510 3123 μυ,

162 3149 190 3200 et
212 3144 275 3199 θα.
324 3136 426 3217 Tycho
451 3136 541 3215 igitur
564 3157 629 3198 cum
654 3138 796 3211 dixisset,
820 3146 952 3203 centrum
976 3138 1078 3200 circuli
1102 3138 1216 3211 Martii,
1239 3156 1325 3218 quern
1350 3136 1412 3215 ipse
1436 3136 1510 3199 facit

161 3229 279 3289 deferre
303 3226 450 3306 duplicem
475 3226 649 3308 epicyclum,
672 3228 826 3290 circumire
848 3228 879 3289 in
898 3228 1086 3289 concentrico
1101 3226 1183 3295 Solis
1198 3225 1461 3307 aequalitercirca
1477 3250 1508 3300 α,

163 3318 250 3398 idque
280 3317 310 3377 in
334 3315 498 3377 Ptolemaei
532 3316 678 3395 gratiam,
709 3317 765 3378 fuit
792 3338 852 3379 una
881 3336 946 3395 cum
969 3318 1144 3379 Ptolemaeo
1177 3323 1207 3377 et
1231 3314 1397 3394 Coperuico
1421 3336 1440 3375 a
1462 3335 1509 3376 me

162 3414 317 3487 permotus
340 3411 425 3484 parte
449 3405 545 3482 prima
568 3424 632 3485 cap.
659 3406 712 3480 Vl,
736 3406 865 3467 utillud
889 3426 941 3466 seu
965 3405 1144 3467 concentrici
1168 3412 1301 3467 centrum
1326 3422 1378 3464 seu
1402 3421 1509 3466 eccen-

164 3495 228 3557 trici
262 3501 406 3574 punctum
436 3493 582 3555 affixionis
597 3494 710 3574 potins
741 3496 770 3556 iu
794 3495 946 3575 ipsissimo
977 3503 1079 3555 centro
1108 3493 1242 3573 corporis
1265 3492 1396 3555 Solaris'
1415 3513 1509 3574 quae-

164 3594 262 3659 reret3
293 3582 382 3663 idque
410 3583 576 3644 rationibus
598 3584 732 3664 physicis
756 3592 787 3645 ct
810 3583 1157 3663 ostensapossibilitate
1180 3581 1378 3662 geometrica,
1402 3582 1509 3663 quibus

163 3673 295 3735 accessit
326 3690 391 3752 cap.
415 3672 520 3734 XXII.
550 3682 581 3734 et
602 3673 724 3736 XXIII.
753 3673 885 3741 validum
917 3679 1143 3751 argumentum:
1172 3672 1248 3753 qnod
1281 3669 1340 3732 nisi
1367 3670 1424 3733 hoc
1446 3674 1508 3741 liat,

164 3765 219 3825 etsi
239 3760 470 3825 observationes
488 3762 526 3822 ad
536 3762 665 3824 medium
674 3762 756 3824 Solis
771 3772 884 3825 motum
902 3764 1079 3835 referantur,
1100 3760 1463 3843 epicyclusPtolemaicus
1479 3769 1511 3823 et

164 3853 303 3913 deferens
334 3850 510 3913 Braheanus
538 3853 612 3914 liant
638 3852 796 3914 eccentrici
828 3853 856 3913 in
886 3851 993 3931 plagas
1023 3849 1239 3914 eccentriciteti
1262 3850 1344 3911 Solis
1372 3850 1508 3931 praecise

165 3939 344 4004 contrarias.
395 3940 536 4002 Fortiora
565 3949 665 4003 antem
691 3949 723 4002 et
750 3961 787 4002 ex
809 3940 939 4021 propriis
963 3940 1073 4002 Brahei
1098 3938 1357 4001 observationibus
1381 3939 1510 4002 deducta

165 4036 344 4111 argumenta
381 4030 538 4092 deserendi
571 4030 751 4091 concentrici
784 4030 865 4093 Solis
896 4029 1049 4110 pollicitus
1081 4049 1162 4105 snm,
1195 4037 1226 4090 et
1256 4029 1286 4090 in
1316 4029 1508 4110 sequentibus

166 4140 228 4201 cap.
254 4118 330 4192 LII,
362 4117 493 4180 LXVII.
517 4121 687 4199 producam.
734 4120 827 4200 Atqui
850 4120 914 4198 jam
938 4126 987 4180 est
1006 4120 1164 4200 probatum
1187 4120 1243 4180 hoc
1267 4119 1364 4198 capite
1386 4119 1508 4194 XXVI,

166 4209 220 4271 boc
252 4215 391 4270 centrum
421 4209 600 4270 concentrici
629 4208 739 4270 Martis
773 4210 842 4281 (seu
872 4216 1026 4288 punctum,
1059 4228 1157 4290 aquo
1182 4208 1278 4287 surgit
1300 4208 1507 4271 eccentricitas

167 4299 291 4370 Martis)
317 4316 376 4358 non
398 4294 525 4359 inveniri
554 4298 583 4360 in
608 4297 773 4359 eccentrico
802 4298 933 4379 aequali,
965 4316 1002 4358 ex
1029 4307 1176 4378 rpuncto
1206 4297 1397 4377 aequalitatis
1427 4297 1508 4359 Solis

147 4386 330 4466 descripto,
355 4385 433 4464 qnod
455 4387 591 4449 Brahens
615 4407 680 4448 cum
704 4386 874 4448 auctoribus
897 4397 1071 4466 putaverat,
1101 4386 1154 4448 sed
1178 4386 1208 4448 in
1231 4385 1396 4448 eccentrico
1421 4405 1458 4446 ex
1481 4385 1507 4461 ξ,

168 4478 244 4558 quod
268 4483 319 4537 est
340 4474 438 4537 medio
462 4476 527 4538 loco
552 4476 629 4538 inter
652 4499 672 4537 α
695 4485 725 4536 et
748 4497 772 4536 r.
818 4477 899 4556 Ergo
924 4476 949 4537 si
973 4485 1106 4539 centrum
1129 4476 1309 4537 concentrici
1332 4474 1509 4544 &circumit

168 4586 231 4628 cum
251 4565 336 4638 Sole,
357 4562 494 4626 circumit
514 4585 583 4627 vero
604 4566 633 4627 in
650 4565 815 4627 eccentrico
830 4584 867 4626 ex
881 4563 898 4637 ξ
916 4565 1077 4645 descripto,
1094 4559 1147 4628 Sol
1159 4563 1250 4644 igitur
1264 4564 1327 4642 ipse
1343 4563 1509 4626 circumibit

170 4655 198 4717 in
224 4652 394 4716 eccentrico
427 4673 465 4715 ex
491 4653 509 4727 ξ
535 4655 693 4736 descripto.
744 4655 788 4716 At
816 4662 915 4717 motus
945 4653 1010 4732 ejus
1034 4663 1083 4717 est
1104 4654 1250 4732 regularis
1273 4651 1352 4714 circa
1374 4672 1399 4712 a.
1444 4654 1508 4715 Ec-

171 4744 343 4807 centricitas
372 4742 465 4822 igitur
487 4742 569 4807 Solis
598 4765 640 4806 aa
671 4745 833 4805 bisecanda
864 4750 912 4805 est
941 4744 972 4805 iu
995 4742 1021 4815 ξ.
1066 4746 1133 4807 Nou
1161 4751 1209 4803 est
1235 4741 1313 4803 enim
1335 4741 1507 4817 verisimile,
1568 4781 1575 4793 ι

171 4843 270 4907 cent-ro
301 4833 485 4898 concentrici
506 4834 618 4899 Martis
649 4841 681 4899 et
703 4833 785 4897 Solis
813 4832 927 4915 pariter
950 4831 1215 4905 circumeuntibus,
1243 4832 1356 4913 pariter
1378 4833 1408 4895 in
1431 4851 1507 4916 apo-
