3368 5534
298 261 363 331 ata
776 266 816 318 55
835 267 941 319 nocta
959 266 1053 320 5555
1070 267 1158 321 555

292 443 414 525 planum
446 438 588 524 opicycli,
622 439 800 524 Tychoni
828 443 950 524 planum
965 445 1135 527 ,5555511151
1162 444 1368 529 transponitur
1391 468 1411 511 a
1432 449 1639 530 septentrione

292 533 323 594 in
346 538 481 593 austrum
510 537 542 591 et
564 537 685 606 contra,
717 551 842 594 manens
866 530 922 594 sibi
944 534 1005 615 ipsi
1026 536 1215 616 parallelon:
1245 537 1275 598 in
1300 536 1515 619 Coperuico
1538 550 1642 603 manet

293 628 448 701 utrumque
476 619 582 683 eodem
605 620 675 682 situ.
951 683 957 703 ‚

379 709 503 772 Interim
516 717 547 772 et
562 710 619 770 hoc
637 715 719 771 uota.
759 707 966 790 compositam
978 711 1233 775 eccentricitntem
1249 713 1421 777 inveneram
1434 715 1534 797 capite
1549 717 1638 781 XVI.

298 794 414 873 18564,
438 800 522 880 cujus
545 797 701 860 dimidium
724 792 810 861 9282
834 807 882 861 551
904 799 982 862 15151
1004 798 1092 864 8000
1115 799 1255 867 519943
1278 804 1344 866 1555
1368 804 1430 866 1515
1447 804 1636 868 intermedio.

291 889 338 952 At
364 888 508 950 docuerat
529 907 585 949 nos
609 895 640 949 et
662 888 854 950 Ptolemaeus
877 890 926 962 (ut
948 908 1038 970 supra
1061 889 1198 967 dictum),
1221 892 1376 955 dimidium
1397 893 1475 974 ejus,
1498 896 1581 976 quod
1601 915 1642 958 ex

293 976 480 1060 acronychiis
512 976 620 1039 sitibus
646 976 844 1051 inveniretur,
869 977 999 1041 dandum
1022 998 1089 1041 esse
1113 981 1331 1045 eccentricitati
1354 983 1524 1046 ecoentrici.
1570 986 1640 1048 Non

294 1066 385 1147 igitur
416 1065 490 1129 nihil
521 1065 579 1128 fuit
604 1066 683 1148 quod
710 1066 807 1146 ipsum
828 1076 1033 1147 permoverat:
1057 1088 1113 1132 nec
1135 1077 1249 1133 temere
1270 1070 1358 1134 uobis
1382 1080 1431 1135 est
1451 1072 1643 1154 repudianda

291 1157 369 1220 haec
390 1155 527 1230 bisectio,
550 1174 617 1217 cum
640 1156 676 1216 de
701 1174 737 1216 ea
759 1164 907 1218 testentur
935 1157 1110 1220 latitudines
1133 1159 1320 1222 observatae.

379 1246 426 1309 At
447 1252 552 1307 contra
575 1244 603 1306 si
624 1244 792 1307 bisecemus
808 1245 961 1307 inventam
986 1242 1100 1322 18564,
1122 1246 1190 1310 loca
1205 1249 1324 1329 quidem
1340 1250 1420 1312 circa
1434 1250 1641 1329 longitudines

294 1332 410 1398 medias
432 1333 563 1397 eccentri
586 1334 766 1416 acronychia
788 1341 839 1396 sat
859 1335 995 1416 praecise
1017 1337 1320 1416 repraesentabimus,
1343 1347 1449 1402 atnou
1463 1357 1559 1422 aeque
1574 1339 1642 1402 loca

294 1425 374 1488 circa
397 1431 534 1487 octantes
561 1431 594 1485 et
614 1443 721 1486 versus
743 1422 876 1504 apsidas.

384 1512 537 1597 11555511·
559 1534 657 1577 canan
679 1514 821 1577 situnne·
846 1509 928 1577 1593
960 1515 1122 1597 oppositio.
1166 1513 1341 1579 5455155115
1369 1513 1505 1600 simplet
1537 1520 1642 1602 capite

296 1605 503 1686 praecedente
525 1598 649 1686 siritii·
679 1597 738 1664 110
759 1599 790 1665 30
817 1597 887 1665 1600.
933 1600 1114 1685 Multiplico
1142 1603 1248 1668 einana
1280 1600 1337 1666 110
1358 1600 1390 1667 30
1417 1601 1490 1680 1600,
1520 1604 1643 1671 salica

300 1690 407 1758 19174
429 1696 466 1757 in
488 1688 591 1757 9282:
618 1693 714 1776 prius
735 1700 803 1756 erat
825 1692 861 1755 in
884 1688 970 1755 7232
998 1689 1279 1773 multiplicandae:
1305 1693 1417 1774 prodit
1438 1696 1531 1758 51555
1558 1694 1640 1761 1780

299 1803 396 1847 arcas
430 1779 520 1845 1010
546 1780 620 1857 1200,
649 1802 706 1844 sca
729 1782 837 1864 partic
868 1782 1082 1863 aequationis,
1115 1785 1170 1863 qni
1198 1781 1331 1846 additia
1359 1782 1404 1844 ad
1437 1780 1496 1846 110
1519 1780 1552 1847 30
1580 1780 1640 1848 1600

296 1873 386 1957 efficit
421 1872 667 1953 smaeqaatom
705 1867 899 1934 anamalicm
931 1866 963 1933 6·
994 1867 1051 1933 120
1079 1864 1111 1931 40
1143 1866 1224 1945 2800,
1258 1872 1347 1957 cajus
1383 1870 1641 1956 ccrnplmrm

301 1957 379 2025 1670
402 1958 455 2024 550
480 1957 564 2024 320οτ
596 1959 765 2023 dimidiam
787 1954 848 2022 830
870 1955 924 2021 570
946 1952 1022 2021 4600.
1071 1958 1169 2045 thejae
1197 1967 1327 2043 tangens
1354 1955 1487 2025 945500
1516 1963 1641 2027 circiter

296 2051 331 2113 in
353 2046 463 2113 90718
495 2049 681 2112 distantiam
710 2045 899 2130 peribelc'cm
926 2044 1156 2130 multiplicatae
1183 2056 1211 2112 a
1232 2069 1294 2130 per
1319 2045 1446 2113 109282
1479 2050 1640 2132 apdeliarn

296 2141 434 2204 aaran
456 2138 577 2202 divim
600 2137 752 2221 producit
782 2144 957 2219 ccnqeacem
980 2133 1120 2201 784880.
1168 2136 1270 2219 Cujus
1296 2158 1391 2201 arcae
1412 2135 1474 2202 820
1495 2135 1553 2204 440
1576 2138 1638 2205 2000

272 2227 425 2292 'ablatae
447 2250 468 2289 a
491 2229 599 2310 priori
621 2223 682 2290 83⁰
705 2222 758 2288 57‘
782 2221 857 2300 4600,
888 2224 1040 2308 relinquit
1067 2220 1178 2288 10130
1201 2222 1265 2289 2600
1288 2229 1487 2310 matianis
1512 2237 1641 2313 poten

297 2317 439 2383 nonan
480 2317 571 2395 Quae
593 2316 708 2379 addita
725 2315 770 2379 ad
783 2314 977 2378 anomaliam
999 2316 1244 2397 sanimqaatam
1266 2324 1294 2380 et
1312 2317 1388 2381 iaec
1408 2317 1454 2381 ad
1467 2317 1639 2400 apdeliu,

297 2408 396 2492 refert
411 2404 575 2491 planetam
597 2406 631 2469 in
656 2401 714 2467 120
740 2402 790 2466 130
814 2401 878 2467 3700
902 2410 949 2477 lt:
978 2406 1034 2468 abi
1060 2405 1166 2486 differt
1188 2426 1210 2468 a
1226 2405 1334 2492 priqri
1355 2406 1520 2491 hypothesi
1540 2409 1641 2473 tritu

298 2496 514 2658 ἷιέἷῳίιιέξεχεί
542 2497 584 2578 fit
619 2497 658 2557 ab
697 2493 909 2558 5555155ιί555
943 2494 1052 2558 habita
1082 2495 1238 2557 renwtior.
1299 2496 1422 2559 Debuit
1456 2496 1541 2560 55155
1576 2514 1641 2561 ctae

387 2675 432 2739 Id
454 2671 645 2738 lacalerctias
668 2677 800 2755 apparet
821 2671 854 2732 ia
879 2668 936 2732 170
959 2685 991 2737 a
1015 2691 1097 2733 anno
1122 2666 1224 2733 1582.
1263 2671 1351 2735 Nam
1372 2673 1517 2738 adbibita
1540 2675 1638 2739 dioec·

301 2767 385 2828 tt'one
415 2765 502 2827 cadit
523 2762 617 2824 Mars
638 2762 673 2824 in
699 2758 757 2825 170
779 2755 855 2841 4010
879 2774 921 2835 ee,
952 2761 1116 2843 diffatqae
1147 2762 1199 2825 hic
1227 2759 1369 2826 caleam
1390 2783 1412 2825 a
1433 2770 1543 2828 mm
1566 2759 1640 2845 7²l,‘

302 2854 389 2918 circa
411 2848 471 2915 450
493 2855 533 2916 ab
556 2848 692 2935 ophelte,
714 2853 754 2913 ab
778 2849 990 2913 obseratione
1010 2869 1081 2912 acro
1105 2844 1146 2913 90.

387 2944 487 3024 Atque
519 2959 556 3002 ex
589 2940 645 3001 hac
674 2946 737 3001 tam
758 2958 854 3020 parva
875 2937 1043 3001 differentia
1070 2947 1156 3000 octo
1178 2936 1404 3002 minutorum
1431 2948 1519 3023 patet
1540 2960 1643 3018 num

301 3052 353 3095 cur
375 3033 578 3105 Ptolemaeus,
602 3048 668 3090 cum
690 3028 854 3091 bisectioue
874 3048 947 3109 opus
962 3027 1110 3102 habuerit,
1132 3026 1317 3108 acquieverit
1338 3037 1448 3110 puncto
1467 3030 1643 3113 5555515115

302 3121 415 3184 stabili.
461 3122 539 3183 Nam
563 3119 589 3181 si
608 3117 765 3197 aequantia
781 3117 997 3193 eccentricitas,
1012 3124 1154 3198 quantam
1169 3116 1288 3179 indubie
1305 3126 1434 3198 poscunt
1447 3120 1644 3202 denuntiem

301 3211 451 3272 maximae
474 3210 554 3271 circa
577 3207 779 3286 longitudines
801 3207 926 3283 medias,
949 3207 1110 3281 bisecetur,
1132 3206 1218 3269 vides
1240 3207 1369 3271 omnium
1383 3208 1644 3274 5511555555-

301 3320 363 3362 155
386 3300 424 3361 ab
448 3297 657 3361 obseruatione
680 3296 851 3376 contingere
874 3294 922 3371 80,
952 3296 1039 3378 idque
1063 3297 1093 3358 15
1115 3297 1232 3370 Marte,
1255 3296 1341 3376 cujus
1363 3305 1412 3360 est
1432 3299 1644 3363 eccentticitas

303 3389 451 3463 maxima3
480 3388 624 3449 minorem
650 3385 740 3465 igitur
767 3384 798 3448 in
821 3385 938 3448 ceteris.
985 3391 1030 3463 (lu
1050 3396 1345 3466 prosthaphaorasibus
1364 3400 1548 3455 1155551515
1562 3399 1644 3456 uui

302 3489 403 3546 alicubi
424 3483 529 3542 151580
550 3486 649 3541 5115115
670 3492 833 3541 excrescunt
852 3504 939 3557 usquo
959 3487 994 3539 od
1016 3480 1084 3549 ³0¹.)
1125 3474 1316 3537 Ptolemaeus
1333 3495 1405 3538 vera
1419 3480 1590 3559 profitetur,
1611 3498 1643 3541 st

304 3569 384 3632 intra
409 3564 470 3643 100,
494 3585 547 3628 555
572 3573 688 3629 sextam
710 3573 826 3646 partem
849 3566 960 3645 gradm
985 3564 1170 3626 observando
1193 3583 1253 3626 non
1275 3565 1467 3630 descendero.
1514 3567 1644 3651 Superat

304 3659 396 3739 igitur
419 3655 661 3719 observationum
684 3654 863 3717 incertitudo
887 3674 940 3716 seu
963 3655 1012 3726 (ut
1034 3653 1132 3733 ajunt)
1155 3653 1282 3716 latitudo
1305 3653 1395 3735 hujus
1411 3656 1522 3719 calculi
1537 3658 1643 3721 Ptole·

301 3768 391 3810 marcr
415 3765 554 3808 errorem,

389 3835 486 3899 Nobis
515 3854 580 3897 cum
611 3831 713 3894 diviua
738 3830 908 3912 benignitas
936 3830 1151 3915 Tycbonem
1173 3831 1292 3893 Brahe
1322 3831 1550 3899 observaturam
1570 3835 1643 3899 dili-

303 3925 512 4008 gentissimum
534 3921 735 3996 concesserit,
759 3921 843 4001 cujus
867 3941 905 3983 ex
927 3920 1095 3984 observatis
1118 3932 1201 3983 error
1223 3918 1312 4000 hujus
1334 3921 1442 3985 calculi
1464 3924 1644 3990 Ptolemaei

267 4054 271 4063 ·
304 4015 335 4080 80
360 4017 390 4079 15
412 4015 512 4077 Μ5115
535 4012 689 4093 arguitur;
719 4029 844 4093 aequum
867 4017 925 4086 est,
957 4017 991 4073 ut
1017 4016 1106 4091 grata
1132 4015 1229 4071 mento
1256 4009 1313 4074 hoc
1334 4011 1392 4076 Dei
1415 4011 1594 4079 benaicin
1614 4026 1645 4079 a

307 4123 505 4186 agnoscamus
528 4110 559 4164 et
581 4101 761 4163 excolamus.
807 4102 841 4163 ln
865 4100 895 4162 id
917 4119 1022 4180 nempe
1046 4099 1250 4174 elaboremus,
1278 4109 1312 4162 ut
1333 4101 1494 4180 genuinam
1517 4104 1644 4169 151555

304 4202 437 4257 motuum
466 4191 640 4255 coelestium
670 4190 732 4264 (his
754 4189 937 4285 argumputis
959 4188 1111 4252 fallacium
1133 4188 1370 4271 suppositionum
1391 4189 1645 4274 deprehensarum

306 4281 435 4356 suffulti)
457 4283 578 4344 tandem
600 4280 784 4361 indagemus.
816 4279 913 4352 Quam
936 4278 1015 4341 viam
1038 4279 1067 4340 iu
1085 4279 1275 4360 sequentibus
1290 4279 1355 4360 ipse
1373 4299 1511 4362 promen
1524 4283 1644 4347 modulo

305 4373 376 4436 aliis
397 4370 530 4452 praeibo.
583 4370 662 4434 Nam
684 4370 712 4433 si
734 4368 950 4433 contemnenda
977 4368 1159 4433 censuissem
1186 4366 1218 4431 80
1246 4368 1457 4450 longitudinis,
1479 4372 1549 4454 jam
1569 4372 1645 4437 satis

307 4461 504 4525 correxisaom
531 4461 662 4536 (bisecta
684 4459 800 4523 scilicet
821 4457 1057 4535 eccentricitate)
1079 4457 1258 4542 hypothesin
1280 4477 1345 4541 cap.
1368 4460 1457 4525 XVI.
1481 4461 1643 4527 iuventam

306 4553 393 4614 Nunc
424 4550 493 4633 quia
524 4549 671 4614 contemni
702 4569 761 4613 555
782 4556 960 4632 potuerunt,
996 4550 1062 4613 sola
1084 4548 1175 4630 igitur
1197 4548 1273 4612 haec
1294 4547 1327 4616 80
1349 4548 1431 4614 viem
1451 4551 1646 4634 praeiverunt

308 4640 347 4700 ad
380 4647 474 4702 totam
504 4641 716 4706 5511555555
742 4639 976 4715 reformandam,
1008 4646 1134 4722 suntque
1156 4637 1284 4704 materia
1304 4657 1431 4723 maguae
1452 4642 1536 4726 parti
1557 4640 1644 4725 huju

308 4728 408 4809 operis
429 4729 519 4792 tacta
