3368 5534
162 313 242 387 536
768 295 933 388 mppmchns.

167 507 285 562 centra
311 494 391 558 Solis
415 505 446 558 et
467 497 570 559 Lunae
595 497 749 558 inclinatio
773 499 810 559 ad
835 498 976 560 circulum
1001 498 1185 562 verticalem.
1229 496 1316 569 Quae
1330 498 1434 562 omnia
1451 517 1520 578 quo·

177 590 265 650 modo
290 587 458 648 habeantur
482 587 568 647 modo
593 586 1020 663 observationisadmirabili,
1054 589 1216 650 artificioso
1246 597 1279 651 et
1296 589 1521 669 jucundissimo,

178 678 246 738 vide
276 676 465 756 problemata
496 677 710 754 praecedentia
733 676 797 756 ejus
823 676 900 738 libri.
947 678 1056 739 hlodus
1079 678 1199 758 quidem
1223 679 1267 740 sic
1291 678 1422 742 medinm
1444 687 1522 740 tenet

177 767 256 828 inter
279 763 408 845 opticam
432 775 463 824 et
487 765 716 834 astronomi-rm,
750 774 782 826 nt
806 767 937 838 nescias,
970 768 1006 827 ad
1032 777 1127 827 utram
1152 767 1310 829 scientiam
1335 768 1437 848 potius
1459 787 1521 828 eura

177 858 301 917 rel'eras.
366 855 471 932 Itaque
508 855 623 932 passim
652 855 680 915 in
711 854 762 915 illo
794 855 869 916 libro
897 857 1061 936 nuncupavi
1093 855 1185 932 hunc,
1220 875 1308 937 quem
1340 857 1392 920 hic
1417 857 1520 926 scribo

176 957 292 1024 partem
317 944 477 1004 secundam
501 943 590 1017 illius,
616 944 763 1005 interdum
788 944 997 1024 appendicem:
1032 963 1096 1006 cum
1121 944 1171 1006 ills
1196 946 1298 1026 potius
1321 945 1414 1027 hujus
1436 964 1520 1026 prae·

175 1033 325 1096 ambulans
354 1032 412 1092 dici
436 1032 554 1093 debeat.
1542 1095 1545 1101 ,

88 1184 92 1197 ,
264 1121 319 1182 llis
357 1133 484 1200 quatuor
513 1121 600 1182 rebus
630 1139 687 1182 uno
719 1128 750 1181 et
781 1121 883 1183 eodem
917 1129 1066 1183 momento
1098 1098 1285 1198 observatis,
1319 1121 1451 1184 habetur
1471 1140 1519 1200 per

175 1211 270 1291 probi.
303 1206 354 1271 24.
387 1208 539 1289 longitudo
569 1219 601 1270 et
631 1210 758 1271 latitudo
790 1210 917 1272 risibilis
942 1213 979 1271 ad
1004 1211 1077 1273 illud
1099 1220 1292 1275 momentum.
1341 1211 1379 1273 ld
1401 1211 1516 1273 amosi

174 1301 227 1363 dat
250 1300 364 1362 duobus
388 1318 476 1360 mum·
487 1299 547 1360 ntis
572 1320 589 1360 a
612 1319 645 1359 se
669 1311 769 1360 mutuo
794 1299 974 1361 distantibus
990 1299 1074 1379 justo
1093 1301 1240 1379 temporis
1256 1301 1435 1363 intervallo:
1460 1300 1517 1378 jam

96 1422 98 1427 ·
173 1389 269 1471 probl.
295 1385 347 1453 26.
373 1387 593 1467 superexstrnit
616 1406 715 1450 veram
732 1400 855 1469 utroque
870 1398 1020 1450 momento
1037 1389 1251 1470 longitudinem
1271 1403 1303 1452 et
1320 1389 1515 1461 latitudinem,

173 1479 298 1559 proinde
332 1489 364 1540 et
392 1497 492 1539 verum
524 1487 636 1538 motum
659 1478 763 1540 Lunae
788 1498 807 1539 a
831 1476 916 1553 Sole,
950 1489 1168 1559 competentem
1199 1480 1327 1558 tempori
1353 1479 1515 1558 interjecto,

108 1565 113 1571 '
173 1587 259 1649 quem
295 1568 445 1629 horarium
483 1568 625 1642 dicimus,
664 1567 688 1628 si
722 1579 864 1648 quantum
896 1568 932 1628 de
961 1587 996 1630 eo
1028 1576 1181 1649 competat
1212 1569 1262 1630 nni
1293 1568 1406 1642 horae,
1448 1586 1514 1629 con·

204 1660 325 1718 ituatur

172 1669 201 1720 st
259 1744 398 1808 Assumit
427 1753 528 1805 tamen
559 1744 713 1824 problema
735 1744 807 1807 illud
832 1741 885 1808 26.
910 1745 985 1806 hanc
1009 1743 1230 1820 conditionem,
1261 1753 1297 1807 at
1328 1744 1513 1808 mediocriter

171 1835 212 1901 sit
234 1833 445 1915 praecognitus
468 1835 657 1913 parallaxeos
681 1834 809 1897 Lunaris
834 1852 974 1897 excessus
998 1853 1086 1914 super
1109 1835 1277 1916 parallaxin
1301 1819 1429 1910 Solis,
1421 1854 1449 1895 ιι
1462 1850 1511 1914 quo

171 1925 299 2004 siquid
326 1926 435 1985 laisum
467 1922 649 1996 admittitur,
680 1943 737 1985 non
765 1925 885 2004 penitus
913 1943 1004 1986 sanus
1037 1924 1169 2002 prodibit
1199 1923 1349 1985 horarius.
1395 1920 1511 1984 111ιὶ21

171 2013 220 2076 vel
253 2009 325 2078 31
317 2033 346 2075 ιι
379 2012 528 2092 parallaul
553 2011 673 2075 l'aleitas
697 2015 832 2095 utrinque
857 2014 961 2074 eadem
984 2031 1088 2094 parum
1113 2023 1201 2075 nocet
1225 2013 1357 2076 horario.
1403 2010 1509 2075 Deinde

171 2103 198 2165 si
225 2104 252 2165 11
277 2102 397 2164 vitietur
419 2116 518 2163 merrus
542 2104 666 2164 duarum
690 2103 836 2177 horarum,
862 2105 938 2184 quod
963 2103 1051 2163 facile
1074 2101 1136 2164 deri
1159 2111 1271 2183 potest,
1295 2113 1422 2184 propter
1445 2102 1508 2162 tito·

171 2193 323 2255 bationem
354 2210 491 2253 mannum
521 2202 551 2253 et
574 2191 778 2268 instrumenti,
808 2192 925 2273 qnando
954 2190 1132 2253 observatur
1162 2191 1318 2253 inclinatio
1342 2189 1507 2253 circulorum

171 2293 224 2344 aut
245 2280 401 2365 quantitas
423 2280 554 2361 eclipsis,
575 2281 695 2341 dimidio
707 2282 772 2360 jam
788 2284 899 2342 minuto
915 2280 1071 2342 vitiabitur
1083 2289 1181 2343 motas
1196 2279 1284 2343 noina
1297 2280 1402 2352 horae,
1422 2297 1507 2360 qnan-

169 2380 232 2433 tum
257 2372 284 2430 in
308 2371 486 2431 Bralreanae
511 2370 713 2452 hypotheseos
738 2371 854 2432 horario
878 2369 929 2429 uix
952 2370 1071 2450 peccari
1094 2377 1204 2449 potest

257 2458 387 2521 Utamur
421 2477 476 2520 nos
499 2468 601 2521 tamen
623 2460 783 2539 exemplis,
817 2479 874 2520 non
899 2459 986 2539 quasi
1008 2457 1256 2521 indemonstratis
1283 2454 1508 2539 superstructmi

170 2549 466 2620 demonstrationem,
492 2548 545 2609 sed
569 2559 600 2609 nt
625 2568 789 2610 consensus
813 2556 970 2627 appareat.

260 2639 349 2700 Anno
376 2633 470 2700 1601.
496 2638 525 2699 d.
554 2633 656 2709 14124.
680 2637 754 2700 Dec.
779 2637 809 2699 h.
838 2637 864 2697 1.
893 2632 988 2715 171Ι,1
1011 2637 1040 2698 1ι
1063 2635 1166 2716 eclipsi
1185 2633 1283 2712 Solis,
1307 2635 1396 2714 cujus
1417 2639 1508 2696 exstat

169 2725 333 2807 descriptio
357 2725 405 2788 fol
433 2721 507 2790 395.
537 2725 620 2807 Opt,
651 2726 706 2788 luit
733 2726 812 2788 inter
834 2727 1007 2788 verticalem
1031 2735 1062 2786 et
1085 2725 1225 2788 circulum
1249 2736 1426 2805 perceotrs
1447 2717 1508 2794 721,

169 2837 233 2881 cum
258 2817 379 2895 eclipsis
396 2815 509 2877 initium
533 2824 694 2891 notaretur,
718 2816 823 2878 Lunae
846 2828 950 2877 centro
969 2816 1049 2876 infra
1063 2812 1145 2877 Solis
1160 2821 1294 2876 centrum
1310 2812 1351 2874 ad
1366 2829 1507 2875 occasmn

170 2905 335 2980 Quantitas
364 2905 499 2966 delectus
529 2904 656 2984 exigua:
686 2906 793 2986 quippe
822 2904 851 2966 in
876 2905 941 2987 ipso
966 2912 1104 2966 contactu
1129 2903 1334 2976 luminariam,
1369 2920 1437 2964 cnm
1466 2898 1509 2982 qui

168 2994 271 3060 Solem
302 2995 400 3074 ipsum
433 2995 630 3067 intuerentur,
665 2997 793 3056 nondum
831 2994 991 3074 quidquam
1023 3001 1178 3055 cernerent
1208 2990 1509 3056 senseresensere

168 3083 456 3146 semidiametrorum
480 3082 560 3144 Solis
584 3091 615 3145 et
637 3083 740 3145 Lunae
765 3091 831 3144 erat
856 3080 908 3147 30
936 3081 1011 3147 401.1
1048 3084 1153 3163 Itaque
1177 3081 1324 3143 distantia
1349 3093 1509 3141 centrorurn

168 3174 260 3236 fuerit
296 3166 447 3234 3014011.
501 3171 630 3252 Tempus
655 3183 832 3234 annotatum
860 3183 891 3233 et
918 3173 1000 3234 locus
1025 3171 1105 3235 Solis
1137 3171 1279 3232 exhibent
1301 3171 1509 3233 culminauten

167 3256 273 3345 20⁸l,⁰
294 3266 347 3336 5,
376 3261 475 3343 itaque
500 3261 555 3322 luit
578 3261 705 3338 angulus
730 3261 807 3323 inter
830 3261 1005 3323 verticalem
1029 3259 1110 3323 Solis
1132 3269 1165 3322 et
1187 3259 1360 3340 eclipticam
1385 3253 1509 3331 7619

168 3370 232 3415 curn
262 3370 319 3431 qno
351 3361 541 3429 comparatus
565 3351 692 3430 angulus
716 3348 791 3424 721,
826 3350 874 3431 qni
904 3352 959 3411 luit
982 3350 1161 3413 observatus
1183 3349 1263 3410 inter
1285 3348 1463 3411 verticalem
1485 3354 1509 3406 et

117 3441 307 3504 circulum
337 3454 392 3518 per
421 3452 542 3529 centra,
585 3441 686 3519 arguit
723 3441 864 3520 angulum
900 3441 977 3500 inter
1013 3439 1182 3519 eclipticam
1219 3447 1250 3499 et
1286 3438 1434 3500 circulum
1464 3452 1509 3515 pet

169 3537 273 3592 centra
305 3522 344 3591 41
372 3523 419 3603 91
458 3522 506 3609 qui
537 3548 574 3590 ex
612 3530 715 3591 tabula
756 3529 952 3609 parallactica
988 3546 1053 3608 cap.
1092 3529 1148 3590 lX.
1178 3525 1256 3605 Opti
1282 3528 1340 3588 snb
1371 3524 1508 3588 columnis

167 3617 236 3689 301,
261 3614 326 3681 4011
358 3617 479 3680 exhibet
508 3619 603 3680 risam
635 3619 820 3680 latitudinem
853 3619 946 3680 centri
969 3617 1072 3680 Lunae
1100 3636 1118 3677 a
1150 3608 1253 3679 centro
1277 3613 1418 3679 Solis2‘
1444 3611 1506 3683 1411,

167 3711 231 3790 ejus
255 3726 325 3771 vero
351 3709 600 3786 complementum
630 3704 767 3771 851511
790 3707 1005 3788 longitudinem
1029 3700 1181 3770 3014011.
1227 3705 1381 3769 Ponamua
1412 3703 1506 3784 paral·

166 3798 248 3859 laxin
271 3799 375 3860 Lunae
409 3817 428 3857 a
457 3797 564 3859 Sole'
556 3818 585 3859 ιι
618 3798 772 3859 horizonte
805 3807 836 3857 et
868 3796 978 3857 circulo
1008 3794 1146 3857 verticali
1178 3813 1244 3855 esse
1272 3790 1343 3868 561,
1386 3794 1456 3874 qaia
1482 3802 1507 3852 ιι

167 3887 279 3949 dictum
311 3905 453 3948 excessus
486 3887 600 3968 aliquot
627 3886 869 3966 scrupulorum
862 3906 891 3947 ιι
919 3885 976 3946 hac
999 3885 1118 3946 fictione
1141 3883 1214 3945 nihil
1245 3894 1336 3945 nocet
1363 3879 1507 3965 praesenti

167 3977 298 4053 negotio.
345 3973 421 4037 Cum
446 3975 535 4054 igitur
558 3977 699 4038 culminet
723 3968 886 4053 201616,
910 3974 939 4035 in
963 3973 1156 4055 nonagesimo
1181 3972 1238 4034 erit
1264 3966 1444 4055 toln-⁸,
1465 3967 1506 4050 qni

167 4066 264 4128 distat
293 4065 453 4125 avertice
482 4063 599 4127 70141
628 4067 761 4145 Pragae,
796 4066 825 4125 in
856 4066 919 4126 loco
948 4062 1177 4126 observationis.
1231 4062 1335 4143 Atque
1369 4062 1444 4124 haec
1466 4059 1505 4120 di·

167 4154 279 4216 stantia
302 4147 416 4216 70141
424 4153 629 4232 ,quaesita
622 4175 651 4216 ιι
676 4154 809 4234 margine
833 4153 1057 4232 parallacticae,
1083 4152 1204 4214 exhibet
1228 4152 1283 4215 aab
1299 4153 1438 4214 columna
1460 4142 1504 4212 501

166 4241 337 4324 parallaxiu
366 4241 533 4302 latitudinis
563 4239 722 4318 5213811,
761 4243 840 4305 unde
870 4242 976 4303 ablata
1004 4242 1071 4303 visa
1099 4241 1225 4303 latitudo
1257 4241 1366 4305 Lanae
1396 4261 1415 4303 a
1443 4237 1504 4302 Sola

167 4334 294 4406 (auatr.)
318 4327 349 4392 21
378 4329 454 4405 1411,
493 4332 650 4392 constituit
681 4332 748 4394 latit
751 4333 866 4394 udinem
890 4331 994 4394 Lunae
1018 4330 1056 4393 ab
1079 4330 1221 4412 ecliptica
1258 4328 1313 4394 501
1350 4327 1418 4395 2411
1448 4328 1502 4390 hor.

166 4419 311 4501 Ejusdem
326 4438 398 4481 vero
414 4421 578 4481 distantiae
594 4418 655 4484 701
677 4415 708 4481 41
732 4424 839 4502 compl.
868 4417 926 4486 191
949 4415 1003 4484 561
1026 4419 1081 4482 sub
1105 4419 1212 4482 eadem
1235 4422 1376 4484 columna
1391 4418 1500 4483 exhibet

167 4509 335 4590 parallaxin
358 4507 554 4588 longitudinis
577 4510 792 4571 horizontalem
818 4508 869 4580 19.1
893 4509 945 4574 511.

256 4598 332 4663 Cum
355 4615 426 4659 vero
446 4593 548 4677 15¹t,⁰
567 4615 611 4658 m
634 4601 675 4660 sit
689 4599 718 4660 in
733 4600 935 4679 nonagesimo,
962 4608 994 4662 et
1012 4597 1065 4662 Sol
1081 4597 1110 4660 in
1127 4594 1234 4662 21531
1251 4609 1295 4678 5,
1310 4597 1409 4660 distat
1421 4596 1501 4677 igitar

168 4706 187 4747 a
209 4688 403 4768 nonagesimo
427 4687 455 4750 in
479 4706 617 4751 occmum
641 4684 796 4764 421521,
829 4708 905 4769 quae
929 4689 1075 4752 distantia
1098 4688 1154 4750 sub
1176 4688 1317 4750 columna
1343 4683 1394 4751 191
1416 4697 1446 4748 et
1465 4681 1501 4746 511

169 4774 292 4838 exhibet
333 4775 527 4858 longitudinis
570 4778 737 4859 parallaxin
774 4778 805 4840 in
837 4797 975 4840 occasum
1011 4797 1065 4841 seu
1100 4777 1314 4839 antecedentia
1348 4774 1398 4839 121
1434 4771 1498 4843 bet

168 4879 263 4947 <pram¹
280 4862 366 4931 nater
387 4884 411 4977 ⁸.
429 4863 542 4933 risibili
556 4863 662 4941 haas
683 4864 893 4950 praecessione
916 4861 970 4931 301
991 4861 1074 4944 4011,
1095 4864 1197 4949 prodit
1218 4864 1307 4948 quast
1327 4882 1402 4930 esra
1419 4882 1498 4948 praa·
