3374 5528
622 314 796 373 carerem
833 316 916 384 caput
932 315 1057 372 mill,
1446 304 1512 387 '313

158 492 343 557 eontrarium
366 493 484 572 modat,
507 512 624 558 rursum
646 494 738 574 igitur
760 495 847 560 tarde
870 497 1037 561 movebitur
1060 515 1098 558 ex
1121 493 1147 560 G
1169 494 1201 559 in
1223 496 1259 562 L.
1305 496 1421 579 Nempe
1454 517 1513 562 uon

157 590 244 645 recte
276 583 326 658 dt,
357 591 392 647 nt
418 583 536 648 Lunam
559 583 624 648 Soli
657 585 866 665 permittamus
889 608 908 650 a
931 587 1025 652 Terra
1055 585 1189 650 liberam.
1236 586 1404 651 Aberraret
1435 588 1514 651 enim

158 671 290 753 denique
314 693 333 735 a
354 674 459 747 Terra,
481 682 516 737 ut
539 691 677 755 apogaea
699 695 719 736 a
740 674 816 738 locis
839 676 902 739 suis
926 677 1078 740 aberrant
1126 674 1206 747 Quin
1229 676 1331 756 potius
1354 677 1514 741 tribuenda

157 760 275 825 Telluri
296 763 344 825 vis
371 762 523 826 retentiva
544 763 665 839 Lunae,
698 783 752 827 ceu
783 772 892 829 catena
913 767 1076 849 quaedam,
1109 784 1185 846 quae
1213 774 1310 840 esset,
1344 767 1403 831 etsi
1426 766 1514 829 Luna

156 849 287 914 Terram
305 851 395 932 plane
409 871 468 915 non
491 853 676 929 circumiret;
699 861 731 914 et
750 872 810 934 qna
832 855 932 935 posita
953 856 1041 919 Luna
1062 873 1127 916 cum
1143 854 1239 919 Terra
1256 855 1341 937 quasi
1364 856 1394 919 in
1407 857 1514 919 eadem

155 940 231 1003 navi
247 941 351 1018 lertm,
376 960 482 1023 nempe
504 942 536 1005 in
559 942 664 1005 eadem
686 941 798 1005 virtute
813 942 904 1021 Solis,
925 945 1059 1027 jamque,
1083 943 1170 1026 qnasi
1191 944 1249 1007 hou
1273 952 1355 1008 motu
1377 964 1417 1008 ex
1439 943 1512 1008 Sole

156 1027 258 1091 libera
281 1038 379 1105 esset,
402 1030 543 1111 privatim
566 1054 585 1096 a
608 1032 703 1095 Terra
724 1039 851 1096 rotatur.
897 1036 1004 1115 Itaque
1028 1033 1195 1099 celeritatis
1218 1033 1248 1096 in
1272 1031 1316 1110 Ο,
1341 1031 1368 1097 (l
1391 1053 1513 1098 causam

155 1136 219 1181 non
250 1119 345 1182 aliam
367 1139 435 1183 esse
458 1128 546 1202 puto,
579 1140 668 1203 quam
690 1140 770 1198 eam,
803 1123 882 1203 quod
905 1123 931 1185 T
953 1125 1048 1187 Terra
1070 1122 1211 1185 virtutem
1234 1123 1373 1187 movendi
1395 1123 1512 1188 Lunam

156 1226 197 1269 ex
212 1206 237 1270 S
252 1206 326 1272 Sole
342 1209 453 1284 hausit,
478 1229 603 1292 eamque
619 1210 843 1273 continuatione
862 1213 960 1275 lineae
979 1212 1036 1277 TS
1050 1222 1224 1277 conservat.
1263 1215 1369 1292 Itaque
1384 1211 1512 1278 SGTO

156 1297 270 1360 merito
294 1298 442 1363 diameter
472 1301 609 1364 virtuosa
637 1299 784 1382 appellari
812 1308 931 1383 potest,
963 1322 1031 1366 cum
1053 1302 1084 1365 hi
1106 1302 1165 1364 duo
1195 1303 1294 1365 fontes
1326 1303 1388 1366 sint
1417 1303 1512 1367 omnis

155 1394 270 1463 motus,
294 1408 401 1470 nempe
424 1390 450 1451 Τ
473 1398 505 1453 et
528 1388 562 1453 S.

247 1477 315 1541 Hoc
337 1479 418 1541 enim
438 1477 540 1560 posito
569 1485 711 1560 sequetur
733 1482 824 1545 etiam
854 1479 908 1543 illa
930 1479 1132 1562 inaequalitas
1162 1487 1316 1542 menstma
1337 1480 1512 1543 Ptolemaeo

155 1573 243 1630 nota
289 1567 371 1631 Nam
399 1568 425 1630 si
454 1568 550 1631 virtus
573 1568 604 1631 in
628 1568 664 1642 C,
689 1568 716 1633 0
741 1572 847 1634 fortior
869 1578 918 1632 est
940 1589 1028 1652 quam
1060 1569 1088 1631 in
1112 1571 1147 1644 F,
1170 1569 1207 1645 L,
1231 1569 1319 1650 lapsa
1346 1588 1384 1632 ex
1407 1570 1518 1632 eoderu-

155 1655 243 1718 l‘onte
267 1657 308 1718 T:
333 1677 405 1738 ergo
429 1657 455 1719 si
480 1676 644 1739 apogaeum
667 1658 697 1722 iu
714 1657 750 1737 0,
775 1660 803 1725 0
827 1668 974 1735 versatur,
998 1660 1095 1739 majus
1111 1659 1249 1721 damnum
1273 1658 1437 1721 celeritatis
1452 1668 1510 1732 est,

154 1747 300 1826 quamsi
322 1746 364 1810 sit
386 1765 554 1827 apogaeum
576 1748 606 1810 in
629 1749 671 1822 F,
694 1749 731 1812 L.
778 1750 913 1831 Majores
937 1768 1008 1830 ergo
1032 1747 1227 1829 aequationes
1255 1767 1292 1811 ex
1321 1766 1458 1829 apogaeo
1482 1747 1509 1811 0

153 1835 207 1897 vel
232 1833 258 1899 0
282 1837 452 1899 redundant
480 1836 510 1898 in
537 1838 573 1910 T,
600 1835 638 1912 L,
668 1857 758 1919 qnam
786 1858 824 1902 ex
854 1857 988 1920 apogaeo
1011 1840 1038 1901 F
1060 1838 1109 1900 vel
1131 1836 1159 1899 L
1181 1837 1210 1900 in
1236 1835 1271 1914 G,
1296 1835 1335 1913 O,
1365 1837 1509 1918 conjunc-

154 1923 258 1987 tiones
282 1934 314 1989 et
337 1925 553 2007 oppositiones.

249 2015 345 2079 Vides
377 2015 477 2096 igitur,
511 2014 731 2097 speculationes
766 2016 858 2080 hasce
889 2015 1032 2099 physicas
1063 2016 1108 2079 ita
1139 2022 1331 2096 comparatas
1355 2033 1443 2092 esse,
1477 2023 1512 2080 ot

155 2104 253 2167 etiam
274 2105 380 2168 Lunae
408 2105 623 2186 phoenomenis
657 2108 790 2169 sufficere
816 2106 955 2187 possint;
987 2124 1082 2188 neque
1112 2104 1231 2168 incitari
1255 2105 1373 2167 Lunam
1395 2125 1416 2166 a
1438 2102 1510 2168 Sole

154 2194 313 2275 primaria
334 2203 369 2259 nt
391 2194 514 2257 Terram
538 2194 767 2271 circumveniat,
791 2196 845 2258 sed
869 2217 888 2258 a
909 2194 1021 2257 virtute
1047 2195 1149 2276 aliqua
1171 2193 1200 2256 in
1225 2193 1319 2257 Terra
1342 2193 1410 2274 ipsa
1432 2193 1510 2258 deli-

154 2289 308 2361 tescente,
342 2283 469 2365 indeque
502 2284 631 2366 speciem
659 2284 706 2347 sui
724 2281 969 2348 'immateriatam
993 2284 1031 2346 ad
1054 2285 1159 2347 Lunae
1189 2301 1297 2364 corpus
1327 2283 1508 2364 ejaculante‚

156 2373 283 2436 fortiore
306 2382 408 2436 tamen
431 2373 461 2435 in
486 2372 581 2445 linea,
606 2384 682 2454 qnae
706 2381 813 2436 centra
835 2373 917 2437 Solis
940 2373 1089 2454 (primarii
1113 2371 1221 2445 fontis)
1245 2380 1277 2434 et
1299 2372 1410 2434 Terrae
1434 2391 1508 2435 con-

154 2463 262 2526 nectit
301 2461 457 2535 Quomodo
481 2480 553 2525 vero
577 2463 723 2526 diameter
744 2463 807 2526 ista
828 2463 989 2527 virtuosior
1003 2463 1125 2537 evadat,
1149 2461 1271 2525 difficile
1285 2470 1334 2523 est
1356 2461 1508 2542 explicare

154 2553 278 2616 clarius.
324 2552 405 2616 Nam
436 2570 532 2632 neque
555 2549 637 2614 Solis
666 2571 762 2633 neque
786 2554 897 2616 Terrae
929 2553 1026 2615 virtus
1056 2571 1200 2614 emanans
1232 2551 1261 2613 io
1285 2551 1404 2613 Lunam
1435 2560 1509 2615 tunc

154 2642 283 2704 celerior
316 2650 379 2717 est,
411 2660 479 2703 cnm
501 2641 590 2703 Luna
621 2640 650 2703 in
680 2641 758 2704 hanc
782 2643 960 2705 diametrum
987 2640 1102 2704 incidit.
1148 2641 1334 2722 Aeqnabiles
1367 2640 1446 2704 enim
1478 2647 1512 2703 et

154 2740 301 2813 perpetuo
325 2738 501 2794 constantes
524 2750 592 2792 esse
614 2730 721 2794 borum
744 2750 901 2813 corporum
915 2732 1023 2812 (quare
1039 2738 1070 2793 et
1090 2730 1272 2810 specierum)
1286 2730 1507 2805 conversiones,

153 2839 272 2884 summa
293 2821 373 2882 ratio
396 2827 453 2883 est.
499 2818 690 2899 Relinquitur
720 2838 791 2900 ergo
821 2822 917 2883 solum
940 2820 1010 2896 hoc,
1046 2821 1123 2900 quod
1147 2819 1258 2883 dictum
1289 2827 1352 2894 est,
1385 2826 1418 2881 ut
1450 2837 1509 2882 non

153 2910 275 2990 quidem
297 2909 431 2983 celerior,
456 2910 511 2971 sed
535 2917 636 2972 tamen
661 2910 812 2973 robustior
834 2910 876 2973 sit
898 2909 994 2973 virtus
1018 2928 1055 2975 ex
1081 2909 1176 2972 Terra
1198 2910 1333 2990 delapsa,
1357 2908 1387 2970 in
1409 2908 1508 2990 parti·

154 2999 209 3062 bos
238 3000 337 3062 lineae
360 2997 417 3061 ST
437 2997 641 3078 propioribus:
678 3018 713 3061 eo
744 3000 821 3080 quod
856 2998 1043 3080 originaliter
1078 3017 1133 3080 per
1160 2999 1259 3079 ipsam
1285 2998 1369 3060 illam
1399 2997 1508 3061 lineam

154 3106 191 3150 ex
214 3087 289 3152 Sole
313 3088 344 3150 in
367 3089 492 3150 Terram
516 3094 564 3148 est
588 3087 735 3151 derivata.

243 3178 322 3240 Esse
354 3185 457 3240 autem
479 3175 583 3240 Solem
613 3196 667 3238 seu
699 3178 872 3240 immediate
905 3197 959 3241 seu
990 3196 1045 3258 per
1077 3177 1125 3252 id,
1159 3176 1236 3257 qnod
1260 3175 1373 3239 Telluri
1395 3183 1508 3238 motum

155 3286 286 3330 annuum
316 3267 472 3342 conciliat,
505 3265 698 3347 praecipuum
721 3267 898 3330 directorem
926 3268 992 3348 ejus
1020 3274 1133 3341 motus,
1168 3285 1254 3346 quem
1278 3265 1394 3328 Tellus
1403 3265 1507 3327 Lunae

155 3356 260 3433 infert
283 3357 314 3419 id
338 3356 467 3418 maxime
490 3355 692 3431 demonstrat,
718 3356 795 3435 qnod
819 3357 961 3420 circuitus
983 3356 1087 3418 Lunae
1116 3354 1171 3417 sub
1194 3355 1318 3417 zodiaco
1339 3340 1506 3430 conficitur,

155 3454 189 3509 ut
216 3455 249 3509 et
272 3446 412 3511 circuitus
435 3445 530 3509 centri
553 3445 681 3507 Telluris
710 3463 841 3521 annuus,
875 3466 941 3509 cum
969 3452 1070 3507 tamm
1099 3453 1199 3507 motus
1222 3443 1351 3506 Telluris
1374 3443 1506 3514 diurnus.

155 3536 204 3617 qui
227 3537 333 3598 Lunae
356 3555 441 3599 sunm
464 3543 579 3598 motum
602 3541 788 3597 menstruum
809 3534 911 3613 infert,
936 3534 992 3598 sub
1015 3543 1178 3617 aequatura
1201 3534 1333 3596 incedat.

742 3765 923 3776 ——·-.-..

653 3945 772 4045 capus
797 3941 1015 4021 xerxvm.

156 4108 318 4177 Pinaros
334 4114 465 4193 macter
488 4126 678 4171 communem
693 4105 781 4169 Solis
802 4107 864 4168 cim
885 4108 1046 4169 rectricem
1062 4107 1230 4190 praeditos
1252 4128 1318 4171 esse
1341 4111 1372 4172 ni
1390 4108 1504 4172 insitu:

328 4207 357 4263 er
378 4205 482 4261 motus
504 4217 612 4260 eornm
634 4194 831 4277 sinprdmum
853 4197 998 4279 componi
1019 4215 1059 4258 ere
1080 4196 1205 4262 duoles
1227 4201 1340 4261 causis

245 4342 318 4406 Dixi
338 4342 375 4404 de
398 4340 478 4403 illius
495 4347 595 4402 motus
610 4338 744 4419 origine,
758 4337 807 4419 qni
831 4339 970 4419 planetas
993 4335 1111 4401 circaS
1143 4357 1198 4413 em,
1223 4339 1271 4399 vel
1293 4338 1408 4399 Lunam
1427 4336 1506 4397 circa

156 4435 282 4497 Terram
306 4438 406 4506 rotat;
437 4429 494 4491 boc
518 4437 566 4492 est
589 4430 626 4490 de
649 4426 749 4490 causis
780 4427 968 4490 naturalibus
996 4422 1084 4490 illiud
1144 4427 1217 4504 culi,
1250 4427 1350 4509 quiin
1380 4424 1505 4487 theoriis

155 4526 349 4606 planetarum
371 4539 425 4602 pro
449 4518 570 4581 diversa
603 4526 756 4580 auctorum
790 4515 956 4579 intentione
980 4517 1029 4579 vel
1052 4517 1235 4580 eccentricus
1263 4516 1313 4576 vel
1335 4513 1503 4575 concentri-

156 4633 209 4676 cns
233 4611 415 4693 appellatur.
452 4608 522 4672 Jam
538 4607 629 4670 etiam
652 4606 809 4669 dicendum
828 4606 865 4667 de
888 4605 1019 4668 naturali
1033 4625 1126 4669 causa
1148 4605 1241 4685 ipsius
1259 4601 1502 4678 eccentricitatis,

156 4722 210 4766 scu
234 4701 265 4764 in
288 4699 467 4779 particulari
490 4697 647 4779 Cnpemici
670 4694 875 4779 hypothesi,
867 4693 960 4776 ipsine
982 4693 1139 4778 epicycli'
1130 4713 1160 4755 rn
1184 4691 1379 4755 concentrico.
1424 4650 1504 4754 Noui

157 4791 254 4855 virtus
278 4808 402 4854 movens
426 4807 463 4850 ex
486 4787 557 4850 Sole
589 4787 735 4850 hactenus
766 4782 931 4867 aequabilis
955 4784 1024 4862 fuit,
1059 4781 1261 4847 tantummodo
1288 4799 1342 4861 per
1373 4779 1450 4844 alias
1473 4787 1506 4841 et

158 4880 236 4945 alias
260 4878 437 4945 circulorum
462 4876 673 4960 amplitudines
704 4875 816 4955 gradus
840 4872 975 4938 diversos
998 4874 1127 4937 habens:
1161 4867 1309 4950 ingenium
1338 4885 1409 4934 vero
1438 4867 1504 4952 ejus
