3368 5534
169 276 380 413 en)¹
562 340 655 376 ·.
772 318 915 373 eosne

170 520 229 580 qua
250 499 443 562 Ptolemaeus
460 506 515 561 ,est
536 518 617 573 usna,
643 499 879 561 demonstranda
901 499 966 577 ejus
990 496 1037 560 vel
1061 497 1194 578 pericula
1217 499 1265 559 vel
1289 499 1452 579 dispendia
1469 501 1510 565 sel

169 607 306 652 errores:
332 586 540 667 subjungenda
563 607 679 649 summa
702 589 844 661 methodi,
870 607 958 668 quam
981 605 1035 648 noe
1058 605 1226 666 sequemur.

256 677 421 757 Postquam
444 676 637 739 Ptolemaeus
660 677 711 739 lib.
727 678 751 738 Ι.
776 686 806 739 et
828 678 868 739 ΙΙ.
894 677 1019 755 primum
1043 683 1164 749 motum,
1188 674 1241 738 lib.
1265 677 1323 739 111.
1349 676 1510 758 metrum&

169 769 422 839 demonstrasset,
456 786 579 847 quorum
609 766 741 846 cognitio
772 768 860 847 plane
892 765 1114 845 praemittenda
1142 764 1215 838 huit,
1240 765 1292 827 lib.
1316 766 1375 842 IV,
1402 768 1442 842 V,
1463 768 1511 831 Vl.

169 857 231 935 jam
254 858 391 918 Lunares
414 865 513 917 motus
537 855 700 934 subjungit,
725 864 757 916 et
780 856 832 917 lib.
857 856 914 917 1v.
938 855 1065 935 primunr
1094 854 1216 935 inquirit
1238 866 1340 919 motus
1369 857 1512 937 aequales,

169 945 390 1024 comparatione
414 944 689 1025 antiquissimarum
712 944 954 1006 observationum
978 963 1043 1005 cum
1063 943 1135 1006 suis.
1174 943 1315 1007 Secundo
1339 945 1513 1009 annanias

168 1035 194 1105 b
220 1033 362 1112 primam,
395 1033 600 1113 suppositione
624 1052 695 1095 usus
728 1032 854 1114 epicycli
882 1033 912 1094 in
937 1033 1140 1108 coucentrico,
1173 1033 1376 1095 demonstrat
1425 1032 1513 1107 Qum

168 1123 206 1184 ad
221 1143 283 1185 rem
299 1141 373 1202 opus
392 1122 450 1201 ipsi
467 1122 524 1183 luit
539 1122 709 1201 cognitione
725 1122 895 1203 aequalium
913 1130 1045 1183 motuum
1068 1122 1245 1202 praemissa,
1271 1123 1515 1202 quemadmodum

168 1211 319 1272 anomalia
342 1211 417 1273 haec
436 1211 475 1271 ad
494 1218 668 1290 sequentem
691 1212 954 1291 investigationem
977 1211 1157 1273 vertentium
1182 1212 1408 1275 novilunicrum
1434 1212 1515 1295 pisus

168 1301 341 1363 necessaria
363 1308 420 1361 est.
463 1299 593 1361 Rursum
616 1317 674 1361 non
699 1300 840 1362 deliciunt
862 1300 981 1362 lumina
997 1300 1028 1361 in
1051 1300 1130 1360 omni
1153 1299 1234 1361 coitu
1255 1300 1307 1361 vel
1331 1302 1516 1382 oppositione

128 1438 131 1443 ,
168 1397 321 1464 vertente,
354 1390 408 1449 sed
431 1396 553 1450 tuentur
576 1397 689 1450 certum
712 1390 833 1461 orbem,
867 1407 924 1469 qno
957 1389 1136 1450 circumacto
1168 1388 1273 1449 eodem
1306 1390 1516 1471 propemodm

167 1477 271 1540 ordine
303 1477 439 1539 redeunt.
484 1478 559 1557 Ejus
589 1477 669 1538 orbis
699 1478 895 1558 investigatio
929 1478 1034 1539 eadem
1057 1484 1104 1539 est
1127 1496 1193 1539 cum
1226 1486 1311 1539 motu
1340 1478 1513 1541 latitudinis.

167 1566 253 1628 Hunc
272 1584 344 1646 ergo
360 1567 412 1628 lat.
428 1574 539 1628 motum
554 1567 747 1629 Ptolemaeus
769 1568 816 1630 via
835 1567 951 1628 directa
966 1567 1047 1646 prius
1071 1564 1321 1646 investigas-erat,
1347 1586 1388 1629 ea
1406 1586 1515 1650 nempe,

167 1675 256 1736 qnam
280 1667 312 1718 et
334 1655 523 1735 Hipparchus
545 1656 685 1736 praeivit.
732 1657 826 1737 Cujus
851 1655 1012 1736 explicatio
1037 1655 1093 1716 etsi
1119 1674 1176 1717 non
1199 1664 1266 1718 tota
1290 1655 1320 1717 in
1344 1657 1515 1721 Ptolemssc

166 1754 280 1819 exstat,
305 1765 396 1807 ausus
420 1753 520 1806 tanuen
545 1765 610 1807 sum
634 1764 699 1806 eam
724 1766 761 1807 ex
784 1746 830 1820 iis,
855 1763 931 1825 quae
955 1762 1011 1823 ego
1035 1751 1190 1807 secuturus
1214 1765 1294 1819 sum,
1323 1746 1515 1826 problematis

166 1834 325 1913 conjicere,
349 1835 428 1914 quod
452 1833 523 1895 talis
548 1833 646 1894 luerit.
684 1835 773 1896 Initio
787 1835 891 1896 Lunae
915 1833 1073 1895 dimetiens
1097 1833 1272 1914 capiebatur
1295 1854 1351 1915 per
1371 1836 1515 1916 dioptros,

168 1929 309 2002 qnotnam
332 1935 415 1984 esset
443 1924 659 2001 scrupulomm.
706 1925 771 1985 Hoc
798 1923 915 1985 initium
937 1931 969 1985 et
991 1923 1095 1984 Theon
1119 1922 1148 2001 ip
1173 1920 1411 1987 Commentariis
1433 1944 1515 2005 snper

167 2011 224 2073 hoc
257 2019 348 2091 caput
378 2011 465 2073 uobis
498 2018 658 2073 monstrat.
704 2011 821 2074 Deinde
845 2030 882 2072 ex
910 2019 980 2073 aute
1011 2012 1396 2081 demonstratishorarius
1419 2014 1514 2075 Lunae

168 2099 372 2180 inquirebatur
394 2101 434 2163 ad
457 2100 641 2180 propositum
672 2108 789 2181 tempus
819 2098 976 2181 eclipseos.
1023 2098 1165 2181 Sequitur
1195 2109 1297 2164 autem
1320 2102 1461 2165 horarius
1481 2120 1513 2163 ex

168 2189 329 2271 hypothesi
353 2188 600 2270 inaequalitatem
625 2188 858 2252 demonstrante.

254 2279 326 2341 Jam
348 2287 436 2340 erant
458 2277 488 2339 in
511 2286 628 2358 promtu
652 2278 763 2341 multae
792 2277 921 2358 eclipses
944 2277 1080 2339 Lunares
1103 2298 1170 2340 cum
1193 2298 1293 2353 mora,
1318 2279 1512 2360 eligebantur,

168 2386 243 2448 quae
267 2366 436 2429 diutissime
459 2366 652 2430 duraverant.
698 2368 747 2430 Ex
769 2375 903 2447 tempore
926 2384 998 2446 ergo
1022 2367 1205 2442 durationis,
1236 2377 1320 2433 motu
1343 2368 1465 2432 horario
1484 2378 1513 2431 et

168 2455 317 2519 diametro
331 2458 371 2530 b,
395 2457 443 2518 vel
462 2455 555 2517 etiam
570 2455 634 2518 sine
653 2457 759 2518 horum
774 2457 932 2528 alterutro,
954 2456 1173 2536 colligebantur
1186 2459 1401 2540 proportiones
1423 2458 1512 2520 dime-

167 2544 306 2608 tientium
328 2545 433 2606 Lunae
457 2553 489 2605 et
511 2544 640 2607 umbrae.
687 2549 735 2608 Ac
769 2545 891 2624 cognita
912 2545 1016 2607 Lunae
1049 2546 1224 2608 dimetiente
1255 2550 1286 2610 in
1314 2548 1460 2628 gradibus
1484 2556 1512 2609 st

167 2635 324 2715 scrupulis,
350 2635 590 2714 cognoscebatur
612 2645 643 2696 et
666 2635 824 2711 dimetiens
846 2633 969 2695 umbrae
993 2634 1024 2695 in
1047 2636 1151 2696 eadem
1175 2656 1324 2699 mensura.

254 2725 304 2787 Ad
327 2723 403 2785 haec
426 2723 465 2784 ab
487 2724 660 2803 Hipparcho
684 2726 895 2785 demonstrata
908 2721 1099 2786 Ptolemaeus
1122 2724 1260 2804 adjunxit
1282 2727 1511 2807 angulumque

166 2811 270 2875 Lunae
294 2813 375 2875 orbis
398 2814 438 2873 ad
461 2812 632 2892 eclipticam
659 2812 836 2885 inclinatur,
860 2812 897 2872 de
921 2832 979 2892 quo
1003 2832 1073 2874 mox
1101 2815 1243 2878 dicemus.
1291 2816 1377 2877 Haec
1401 2814 1428 2879 si
1449 2814 1511 2896 quis

167 2901 206 2961 ad
227 2901 351 2964 duarum
376 2901 531 2981 eclipsium
553 2903 727 2980 partialium
750 2900 1022 2964 considerationem
1046 2903 1165 2978 afferat,
1191 2904 1343 2980 inueniet,
1375 2914 1510 2985 quantun

167 2999 291 3072 utraque
315 3012 334 3052 a
356 2990 456 3052 vicina
479 2990 693 3052 intersectione
717 2991 832 3053 orbium
861 2989 1023 3064 distiterit,
1056 3011 1092 3053 ac
1114 2993 1238 3072 proinde
1261 3002 1396 3075 quantus
1418 3002 1511 3056 mons

167 3078 336 3143 latitudinis
360 3080 487 3160 tempori
510 3079 589 3141 iuter
613 3081 743 3161 eclipses
766 3079 926 3158 interjecto
951 3080 1106 3143 debeatur.

997 3168 1046 3231 Sit
1067 3173 1096 3232 A
1130 3180 1264 3233 centrum
1296 3170 1421 3234 umbrae
1451 3168 1511 3244 Bc,

910 3260 968 3321 ΑΙ)
992 3259 1140 3338 ecliptica,
1165 3278 1252 3340 qnam
1272 3271 1358 3351 secet
1378 3261 1408 3322 in
1423 3260 1453 3325 D
1466 3260 1512 3323 vis

908 3349 1011 3410 Lunae
1041 3346 1097 3410 DF.
1128 3349 1184 3411 sub
1215 3360 1299 3412 certo
1331 3360 1366 3412 et
1395 3350 1510 3431 cognito

909 3438 1018 3517 angulo
1045 3436 1142 3501 EDA.
1188 3437 1230 3500 Et
1261 3459 1299 3500 ex
1322 3440 1353 3502 A
1385 3458 1507 3523 perpsa-

909 3526 1050 3588 dicularis
1073 3528 1104 3589 in
1128 3527 1182 3590 DE
1206 3530 1348 3603 ducatur,
1374 3548 1453 3611 quae
1473 3528 1511 3591 sit

908 3614 974 3676 ΑΕ.
1027 3614 1160 3698 Cumque
1194 3617 1323 3679 omnium
1356 3638 1396 3680 ex
1426 3619 1457 3681 A
1483 3618 1510 3679 in

907 3703 963 3765 DE
986 3703 1164 3767 brevissima
1183 3707 1224 3768 sit
1237 3706 1305 3781 AB,
1330 3702 1509 3789 punctuull

839 3834 846 3840 -
909 3792 1000 3854 sitnm
1023 3795 1163 3856 ostendet
1185 3796 1289 3857 Lunae
1313 3797 1343 3859 in
1368 3797 1508 3861 obscura·

908 3880 988 3941 tione
1012 3883 1150 3957 maxima,
1176 3904 1251 3965 quae
1275 3897 1323 3948 est
1346 3888 1430 3949 circa
1450 3904 1507 3948 me·

909 3970 988 4031 diam
1011 3972 1207 4035 durationem.
1236 3974 1397 4039 Scribatur
1412 3984 1507 4040 renue

908 4059 952 4132 Ε,
990 4060 1136 4123 distantia
1172 4064 1243 4137 EF,
1287 4085 1364 4145 quae
1403 4074 1505 4129 cettan

908 4148 1018 4210 habeat
1048 4152 1267 4231 proportionem
1298 4155 1339 4216 ad
1372 4156 1429 4217 AB
1459 4156 1505 4227 (ex

908 4238 1072 4318 llipparchi
1095 4240 1255 4302 traditione
1285 4237 1317 4325 Ἰ,
1346 4244 1428 4323 ejus)
1451 4243 1505 4304 cir·

167 4321 251 4384 cuins
274 4322 380 4385 Lunae
400 4318 467 4398 FG,
492 4341 599 4387 secana
624 4324 766 4387 circulum
790 4327 922 4400 umbrae,
948 4339 981 4388 ut
1005 4328 1126 4411 eclipsis
1149 4331 1202 4390 liat
1223 4331 1374 4410 partialis,
1398 4332 1502 4414 produ·

88 4466 93 4475 .
165 4418 252 4474 catur
273 4410 331 4474 An
354 4411 382 4472 in
408 4407 447 4485 G,
472 4430 579 4475 secans
603 4412 745 4476 circulum
770 4417 890 4478 umbrae
914 4415 942 4475 in
967 4417 1010 4489 B;
1035 4427 1066 4478 et
1089 4419 1128 4480 sit
1153 4419 1290 4499 cognitus
1314 4422 1450 4484 deiectus
1471 4436 1503 4481 er

165 4499 377 4562 observatione
410 4501 439 4562 in
470 4502 590 4582 digitis,
626 4503 654 4565 h.
680 4524 706 4565 e.
731 4505 912 4567 duodecimis
943 4508 1080 4584 partibus
1113 4507 1251 4570 dimnetri
1275 4510 1400 4585 Lunae,
1431 4524 1461 4571 ut
1480 4506 1501 4569 si

164 4586 224 4651 BG
255 4607 328 4669 pers
359 4590 480 4653 residua
509 4590 546 4653 de
579 4591 727 4654 diametro
750 4593 854 4655 Lunae
884 4596 924 4657 sit
948 4591 967 4655 2
991 4595 1161 4675 digitorum.
1209 4597 1285 4661 Cum
1318 4618 1391 4679 ergo
1424 4600 1502 4661 detur

165 4677 321 4757 proportio
343 4675 403 4739 EG
426 4679 465 4741 ad
488 4676 544 4742 GB
568 4689 601 4742 et
623 4682 774 4743 residuam
797 4683 865 4757 BE,
895 4686 1046 4763 proportio
1069 4686 1141 4748 item
1162 4685 1220 4748 EG
1244 4688 1284 4749 ad
1300 4690 1358 4751 AB
1381 4689 1500 4755 dabitur.

166 4772 199 4827 et
221 4765 376 4849 proportio
397 4766 452 4829 BE
475 4769 515 4830 ad
537 4756 595 4831 AB
627 4778 658 4831 et
681 4770 830 4834 residuam
858 4771 933 4847 EA,
962 4793 1038 4854 quae
1061 4784 1110 4836 est
1131 4776 1226 4837 centri
1249 4779 1275 4848 3)
1302 4777 1448 4840 distantis
1467 4774 1499 4835 sb

477 3238 531 3305 Fig.
554 3236 594 3287 lb.

35 4872 46 4945 ,¹
98 4900 115 4935 .·
163 4850 318 4937 W
347 4850 418 4931 Μ
439 4855 671 4967 W⁰ffl
691 4858 733 4923 sd
748 4855 833 4925 360⁰
853 4860 943 4926 datur
961 4880 1000 4925 ex
1014 4863 1223 4929 observatione
1246 4867 1397 4947 dioptrae,
1418 4880 1499 4948 quare
