3368 5534
447 116 1047 197 commutamnus..
1355 116 1419 187 sle

64 292 214 359 musnmi:
235 293 391 359 constituo
402 304 570 359 excussum
593 315 682 359 meae
705 317 797 380 snpra
823 298 1003 361 anomalisrn
1019 297 1165 383 accubitis
1197 305 1232 363 et
1256 297 1328 381 quis
1342 312 1424 365 ‘anos

64 381 189 447 nentur
208 382 377 447 distantias
398 386 512 459 omues,
537 385 701 457 distantias
721 398 893 451 moras-sen
907 395 1037 470 ternpus,
1060 386 1153 466 igitur
1170 386 1420 470 multiplicatione

63 472 192 555 physica
212 476 334 557 tempus
357 473 467 554 colligo
490 472 622 537 debitum
645 474 713 537 huic
736 476 904 538 anomaliae
928 477 1068 539 ecceutri.

147 560 336 613 fabricius:
354 562 497 612 Admiratus
515 578 568 617 sum
588 564 726 629 aliquoties,
745 566 779 615 mi
796 565 913 628 Keplere,
931 566 1026 631 ingenii
1043 566 1079 615 tul
1098 565 1261 616 subtilitatem
1279 578 1418 629 summam

62 641 89 684 at
105 646 229 698 supera
246 633 411 685 mbtihtatem
429 634 596 685 inventionum
613 650 662 685 non
682 637 807 687 adremsri
824 637 947 701 principiis
965 637 1127 687 naturalibus.
1158 635 1259 687 Subtilis
1277 643 1317 686 est
1328 636 1420 701 (loper-

62 705 110 755 nici
127 703 301 769 Μυσοί
319 705 444 761 iurantia,
468 713 497 756 st
523 720 597 771 quam
624 706 802 765 absurda-sit,
830 707 928 758 diffiteri
954 722 1004 758 nou
1028 709 1127 772 potoris.
1163 708 1217 773 Ego
1235 708 1334 758 omnino
1352 714 1420 773 puto.

60 776 161 827 massi
179 777 265 843 magis
281 776 443 843 propinquum
461 791 523 835 osse.
542 791 590 849 quo
608 778 666 843 quid
684 778 818 843 simplicius
835 780 917 837 tuerit,
936 782 963 829 st
980 780 1143 844 renitan·ipsa
1160 794 1204 843 por
1220 794 1249 830 ss
1266 779 1376 843 simplex.
1441 776 1445 785 ’
1463 812 1480 819 --

146 846 357 927 Kepiarus:
381 847 589 911 Subtilitatem
613 868 709 911 meam
732 851 967 932 praedicandam
989 858 1089 932 putes,
1113 851 1139 912 si
1159 870 1217 912 non
1238 854 1423 931 repugnaret
1463 880 1484 899 -·

14 966 17 971 ·
60 944 200 1000 naturae.
246 934 329 1019 Ego,
363 936 404 1000 mi
435 932 569 1013 Fabrici,
602 939 710 1001 damno
740 936 1089 1009 omnemsnbtilitatem
1122 940 1171 1000 vel
1202 946 1421 1020 repugnantem

60 1024 191 1089 natasse
218 1026 269 1087 vel
297 1044 356 1088 non
384 1025 595 1089 necessariam.
640 1028 720 1091 Dum
747 1048 818 1091 vero
848 1028 922 1091 mihi
949 1026 1189 1109 Copemicanam
1218 1028 1421 1091 subtilitatem

60 1114 194 1195 exempli
216 1114 284 1177 loco
307 1113 395 1195 ponis
418 1115 456 1177 ob
479 1114 597 1192 oculos,
629 1116 729 1198 inepte
754 1118 844 1194 facis,
868 1136 935 1180 cum
960 1118 1055 1193 scias,
1071 1118 1163 1198 'quod
1186 1125 1220 1179 tu
1242 1117 1367 1178 damnes
1389 1117 1421 1179 in

63 1201 234 1284 copemico
257 1221 305 1266 mc
326 1202 449 1266 mirilico
472 1205 654 1286 approbare:
697 1204 760 1269 Cur
786 1206 878 1286 igitur
906 1227 954 1269 me
982 1206 1071 1285 hujus
1100 1204 1299 1268 absurditatis
1327 1225 1420 1267 vocas

63 1292 198 1356 testem?
232 1291 333 1355 Nimis
351 1311 423 1357 roro
442 1294 503 1355 lete
525 1294 747 1375 philosopharis
771 1296 807 1356 de
831 1294 1024 1376 simplicitate
1047 1294 1198 1357 veritatis.
1235 1294 1295 1357 Est
1312 1302 1423 1358 ustura

10 1414 13 1427 =
66 1381 213 1464 simplex,
242 1390 292 1444 est
318 1390 351 1444 et
378 1383 543 1462 multiplex.
589 1384 657 1448 Nec
682 1384 872 1447 aestimanda
886 1394 947 1447 nest
976 1385 1051 1446 haec
1079 1385 1144 1464 ejus
1173 1383 1352 1464 simplicitas
1383 1400 1422 1445 ex

66 1479 172 1535 nocua
195 1470 346 1553 opinione,
369 1470 423 1543 se'd
446 1491 484 1533 ex
506 1490 540 1534 se
563 1472 640 1555 ipsa.
678 1473 721 1535 Et
738 1493 809 1536 vero
832 1474 949 1550 mimm,
973 1473 1000 1535 si
1022 1472 1220 1554 simpliciores
1244 1472 1312 1554 quis
1335 1479 1422 1535 attu-

67 1559 135 1627 lerit
156 1559 353 1643 hypotheses
381 1580 470 1642 quam
496 1580 553 1641 ego
582 1562 739 1638 constitui,
768 1563 798 1625 in
826 1563 934 1645 quibus
962 1562 1086 1642 planeta
1118 1561 1245 1642 primum
1274 1560 1420 1624 facultate

65 1644 191 1713 animali
224 1648 372 1715 unacum
401 1658 485 1712 tenet
516 1670 604 1712 axem
636 1651 837 1731 magneticum
865 1662 897 1714 ct
924 1671 1066 1714 successu
1093 1651 1259 1721 seculorum
1286 1647 1423 1713 nonnihil

67 1738 207 1813 inclinat,
231 1736 343 1801 deiude
364 1738 443 1800 idern
466 1740 591 1818 planeta
613 1740 724 1802 virtute
748 1740 894 1821 corporali
918 1741 1090 1819 magnetica
1116 1741 1155 1801 ad
1179 1738 1281 1801 Solem
1306 1737 1425 1801 accedit

68 1847 118 1908 pro
142 1825 324 1889 imtitudine
348 1827 450 1908 anguli
474 1828 675 1891 inclinationis
697 1830 764 1917 aris
788 1831 826 1891 ad
843 1828 958 1898 Solem,
983 1829 1073 1892 tertio
1088 1827 1142 1891 Sol
1164 1830 1319 1908 planetam
1341 1826 1424 1906 rapit

66 1916 224 1979 inorhem
246 1916 443 1996 promodulo
467 1935 607 1979 accessus
631 1918 707 1998 ejus.
748 1920 833 1981 Haec
857 1927 906 1980 est
928 1918 1057 1999 genuina
1081 1917 1269 1998 simplicitas,
1293 1918 1323 1979 in
1348 1916 1423 1997 ipsis

66 2012 208 2086 spectata
227 2004 396 2086 principiis.
433 2004 481 2068 Ex
500 2005 548 2068 his
571 2015 634 2069 tarn
657 2007 811 2089 paucissi
830 2008 897 2089 jam
920 2008 1017 2070 multa
1036 2015 1213 2086 sequuntur,
1235 2005 1423 2086 aequationis

66 2114 136 2176 pus
157 2092 302 2176 physica,
326 2094 437 2177 optica,
461 2094 616 2171 distantia,
641 2097 699 2158 iter
722 2097 896 2177 ellipticum‚
920 2105 991 2159 tnnc
1015 2096 1082 2158 idco
1104 2096 1144 2157 ob
1165 2096 1221 2157 hos
1241 2095 1424 2175 multiplices

64 2190 191 2247 eventus
214 2182 353 2263 negabis,
377 2182 525 2265 principia
546 2204 615 2248 esse
637 2184 806 2266 simplicia?
847 2184 969 2248 Oblitus
988 2205 1021 2246 as
1044 2184 1136 2264 igitur
1150 2183 1300 2246 Platonici
1324 2182 1422 2246 illius:

63 2272 103 2345 sie
125 2268 159 2336 ts
177 2295 228 2339 scs
249 2271 368 2335 nsua?
1342 2282 1346 2289 '
1436 2282 1439 2287 “

148 2358 343 2413 Fabricius:
361 2360 488 2417 Existimo.
508 2377 632 2427 nmquam
650 2377 695 2412 nos
709 2363 742 2413 sd
755 2377 867 2413 serarum
884 2361 1058 2427 hypothesium
1071 2363 1244 2412 inventionem
1255 2364 1425 2425 perventuros,

62 2435 108 2485 nin'
125 2446 226 2485 cauas
243 2433 478 2498 motuum-penitius
495 2436 688 2497 perspiciantur,
718 2440 744 2485 et
770 2449 814 2484 cur
842 2434 944 2484 dimidia
968 2441 1068 2485 tanturn
1086 2430 1259 2485 eccentricitss
1277 2430 1425 2482 adhibeatur

60 2506 85 2556 h
102 2504 245 2573 Mis,
263 2516 320 2554 curu
336 2504 569 2569 prosmsphsereses
586 2500 672 2555 tarne'n
691 2504 766 2555 alisna
785 2505 852 2555 dent
885 2506 971 2556 Taulara
983 2506 1043 2555 mihi
1056 2506 1090 2555 ds
1100 2503 1248 2569 hypothesin
1260 2504 1294 2552 mi
1306 2501 1424 2565 Keplers,

64 2576 89 2640 1)
105 2588 176 2643 quas
192 2575 274 2641 primo
290 2574 382 2625 iutuitu
399 2576 525 2641 primoque
543 2583 569 2626 st
593 2592 642 2626 uno
665 2576 774 2633 adculo,
798 2592 847 2627 non
870 2578 995 2627 immuta
1012 2577 1154 2641 hypothesi,
1181 2587 1211 2625 an
1235 2575 1424 2625 ecoontricitats

62 2648 132 2699 tutall
150 2659 228 2697 reru
246 2645 362 2697 uhibsst
373 2645 607 2711 prosthspbscresss
617 2655 643 2698 et
654 2648 728 2698 simul
738 2661 810 2698 veras
823 2647 964 2701 dimanans
996 2646 1024 2709 2)
1042 2646 1078 2698 Ut
1095 2662 1126 2697 ex
1143 2647 1187 2697 ills
1203 2646 1334 2696 ostendere
1345 2644 1425 2708 possh

63 2718 169 2785 nlius
182 2718 376 2775 mtricitstis
394 2731 496 2769 oausam
514 2721 686 2771 strationem.
716 2715 745 2779 3)
765 2718 893 2780 Quomodo
912 2734 943 2769 ox
961 2720 1050 2769 eadam
1067 2733 1111 2782 per
1130 2714 1146 2766 3
1166 2715 1316 2779 acronychia
1334 2729 1424 2766 eccen-

63 2791 161 2842 mutu
174 2796 203 2840 st
214 2786 452 2855 apogaeum‘rsrunr
468 2789 556 2854 inquiri
567 2791 657 2854 possit;
676 2791 796 2848 midila,
815 2797 844 2840 ut
855 2792 945 2855 ubique
957 2791 1111 2843 circularitss
1124 2796 1151 2839 et
1163 2788 1301 2854 aequalitas
1313 2792 1425 2837 motuum

64 2860 234 2913 mnino
252 2867 279 2910 st
295 2860 604 2927 geometrice-retineatur.
635 2861 664 2911 In
683 2862 721 2911 his
739 2862 889 2926 inquirendis
906 2876 951 2927 per
967 2860 985 2910 t
1004 2876 1083 2912 annm
1101 2861 1213 2911 laborari
1238 2866 1265 2909 st
1288 2860 1426 2909 etiamnum

63 2934 150 2985 laboro
169 2939 198 2983 st
215 2930 324 2996 lapidem
342 2937 543 2991 astronomorum,
563 2940 592 2983 ut
608 2934 646 2984 sic
663 2933 754 2990 diosna
773 2934 876 2997 inquiro.

151 3003 360 3083 chlerus:
394 3002 503 3067 Mirum
530 3024 616 3080 vero,
650 3005 754 3085 quales
784 3005 856 3067 mihi
880 3004 996 3068 scribas
1020 3005 1104 3085 leges
1127 3002 1302 3065 condendae
1326 3000 1424 3082 hypo-

63 3094 190 3157 theseos
214 3110 254 3154 ex
283 3101 334 3167 tuq
364 3092 486 3157 cerebro
513 3113 571 3155 non
602 3114 641 3155 cx
669 3095 752 3155 coelo
780 3094 937 3157 deductas.
983 3092 1116 3165 Directis
1148 3092 1249 3154 verbis
1282 3109 1319 3151 ea
1351 3088 1425 3151 mihi

64 3185 215 3266 imperas,
250 3200 327 3262 quac
360 3181 486 3244 totidem
514 3202 570 3263 ego
601 3182 751 3263 capitibus
780 3182 810 3244 iu
842 3181 1076 3246 Commentariis
1106 3180 1245 3244 refutavi.
1297 3178 1426 3241 Miseret

68 3273 171 3354 itaque
193 3290 244 3333 me
267 3271 312 3333 tui
336 3270 463 3343 laboris,
490 3272 540 3353 qui
568 3280 615 3334 tot
637 3274 701 3352 jam
730 3293 825 3347 annos
852 3273 991 3335 ddcsosc.
1011 3280 1173 3333 tentas-et
1195 3272 1223 3331 in
1248 3286 1358 3347 genere
1382 3297 1424 3313 -ν

67 3374 166 3427 sctum
200 3359 281 3441 agis.
337 3359 480 3422 Inventas
508 3359 586 3422 enim
618 3380 708 3422 veras
739 3370 871 3424 motuum
903 3380 1026 3436 causas,
1060 3369 1208 3442 quatenns
1237 3358 1275 3419 ab
1304 3356 1423 3419 homine

67 3448 281 3534 comprehendi
307 3456 449 3530 possunt,
473 3451 720 3513 constantissime
744 3471 859 3513 assero.

150 3536 341 3590 Fabricius:
359 3536 493 3589 Ssmtem
511 3539 537 3588 in
554 3537 637 3591 Marte
656 3539 758 3591 adhihes
775 3539 929 3605 pro‘elllpsi3
949 3545 1059 3604 atquae
1078 3553 1156 3589 cansa
1173 3539 1206 3591 sit
1223 3536 1287 3586 scire
1306 3535 1387 3598 cupio·

150 3610 358 3692 Keplerus:
393 3611 439 3673 Dc
463 3630 572 3684 causa,
595 3632 647 3674 cnr
670 3631 779 3674 secans
803 3611 993 3693 aequationis
1023 3610 1142 3691 opticae
1170 3608 1280 3690 prodat
1307 3603 1424 3685 ellipsis

68 3698 276 3774 latitudinem,
314 3699 469 3778 quaerenti
497 3701 663 3778 respondeo
692 3719 730 3762 ex
758 3700 989 3765 Commentariis
1017 3704 1090 3772 (esp.
1110 3704 1176 3769 Lx)
1209 3696 1270 3760 sic:
1304 3694 1423 3776 quaudo

70 3788 219 3854 mustis
248 3787 379 3850 eocentri
416 3796 464 3850 est
492 3785 553 3853 90⁰
582 3797 614 3851 et
646 3789 796 3851 anomalia
830 3797 998 3869 coaequata
1032 3788 1127 3849 minor
1159 3787 1213 3848 illa
1244 3783 1424 3863 aequatione

71 3879 166 3961 oties
190 3876 293 3952 totali,
318 3872 480 3957 puta·8‹l⁰
503 3874 568 3951 tl‘,
596 3886 667 3941 tunc
699 3878 927 3943 observationes
959 3884 1124 3951 testantur,
1150 3874 1327 3938 distantiam
1353 3890 1422 3934 csse
1500 3894 1503 3899 ·

70 3969 267 4051 mediocrem,
298 3985 343 4029 sc.
379 3962 518 4031 100000.
579 3968 624 4031 At
656 3966 683 4030 si
713 3967 773 4031 iter
801 3969 943 4049 planetae
980 3974 1064 4029 esset
1095 3966 1249 4045 perfectus
1281 3960 1421 4036 circulus,

70 4055 212 4121 distantia
235 4063 300 4118 tum
323 4063 407 4117 esset
428 4074 547 4118 secans,
565 4057 666 4137 anguli
693 4057 881 4138 aequatiouis
906 4056 1025 4136 opticac
1058 4050 1195 4118 100432.
1256 4049 1306 4114 Sit
1334 4046 1424 4113 FAG

70 4153 127 4225 (rig.
146 4150 196 4219 ³7)
224 4139 296 4215 90⁰,
328 4142 418 4207 BGA
442 4138 526 4229 5¹1,o
548 4146 635 4221 circ,
667 4146 724 4207 erit
749 4144 808 4210 BG
839 4164 963 4221 secans,
995 4144 1066 4225 quia
1087 4142 1148 4206 'AG
1181 4142 1284 4205 radius
1308 4148 1340 4201 et
1363 4138 1423 4200 ΒΑ

71 4245 206 4319 tangens.
262 4234 320 4297 llle
342 4253 452 4296 secans
477 4242 524 4296 est
550 4232 687 4299 100432.
742 4236 906 4297 Testantnr
936 4253 1006 4297 vero
1031 4233 1202 4305 observata,
1227 4231 1257 4291 in
1281 4229 1337 4289 hoc
1361 4227 1422 4288 situ

70 4326 120 4388 BH
150 4321 278 4405 aequari
308 4320 368 4404 ipsi
391 4322 449 4386 AF
470 4325 519 4386 vel
541 4322 619 4399 AG,
652 4332 687 4386 ut
717 4324 760 4385 sic
794 4325 919 4405 planeta
948 4322 1009 4385 'non
1042 4323 1084 4383 sit
1114 4323 1142 4383 in
1171 4319 1220 4389 G,
1249 4317 1303 4380 sed
1327 4317 1356 4378 iu
1380 4315 1419 4380 H.

72 4413 161 4497 Ergo
182 4418 330 4476 exoessus
361 4410 421 4474 BG
458 4414 592 4475 secantis
624 4432 714 4493 super
744 4412 816 4487 BH,
853 4413 909 4475 hoc
946 4421 995 4474 est
1033 4431 1121 4492 super
1153 4406 1231 4480 AG,
1265 4414 1314 4467 est
1335 4405 1420 4485 ¹lati-

72 4505 137 4567 tudo
160 4502 284 4566 lunulae
313 4502 497 4571 rsncmdae
520 4524 539 4564 a
562 4502 690 4576 circulo,
716 4523 761 4564 sc.
793 4502 854 4564 fere
878 4500 948 4564 HG.
994 4500 1097 4565 Habes
1121 4516 1192 4579 ergo
1222 4514 1345 4559 causam
1367 4494 1420 4560 rei.

75 4590 128 4657 Cur
147 4608 220 4657 rere
242 4584 372 4674 plancta
395 4590 427 4655 in
450 4592 600 4655 anomalia
633 4592 764 4655 eccentri
787 4587 856 4667 90⁰,
879 4591 910 4655 h.
941 4611 968 4665 e,
999 4588 1122 4663 dimidia
1144 4585 1254 4665 totins,
1283 4584 1422 4650 conficiat

117 4680 357 4749 sedunus
748 4730 752 4735 .
1191 4690 1209 4741 s
