3374 5528
761 319 925 390 mnam
1446 320 1513 411 seo

169 512 189 556 a
210 494 287 558 nodo
311 500 417 578 (quare
441 495 494 562 550
517 501 713 582 digressionis
736 501 865 577 a-Sole)
890 501 1072 581 respondere
1094 508 1218 583 putatur
1232 510 1424 581 augmentum
1438 501 1512 567 latr·-

164 584 278 648 tudinis
301 586 382 649 circa
403 587 499 651 nodos
522 588 554 653 50
583 588 657 664 1300,
686 591 851 673 parallania
883 590 974 671 igitur
997 586 1068 655 talis
1091 601 1140 652 est
1161 590 1309 669 eligenda,
1339 610 1414 672 qnae
1440 593 1513 655 latia

164 673 300 738 tudinem
323 676 458 755 proferat
480 677 659 760 longitudini
686 683 724 743 ad
748 682 824 745 hunc
847 681 999 744 modulum
1022 680 1315 762 correspondentem.
1363 679 1430 752 Quo
1454 681 1513 743 iur-

163 771 285 845 petrato
309 766 384 828 certi
398 785 498 829 sumna
515 769 597 832 etde
613 771 806 850 longitudine,
829 769 849 831 i.
865 790 891 832 e.
907 768 1037 843 horario,
1058 777 1090 831 ct
1108 772 1143 832 de
1159 768 1319 848 paraliaxi.
1357 769 1455 842 Quem
1471 772 1513 835 ad

164 852 254 915 finem
264 853 294 915 in
309 854 423 917 duobus
433 858 579 938 exemplis
588 878 680 938 supra
693 860 801 940 positis
816 860 946 921 tractavi
961 859 1134 939 parallaxes
1144 856 1321 934 latitudinis,
1335 867 1368 921 et
1378 860 1512 939 inprime

165 942 286 1022 quidem
308 944 445 1023 exemplo
465 944 659 1023 longitudinis
675 949 757 1012 arcui
781 946 835 1013 520
859 945 923 1010 3500
948 947 1116 1010 latitudinis
1131 946 1344 1010 incrementum
1359 948 1515 1029 competiit

165 1029 198 1094 50
222 1027 297 1108 4400,
321 1034 468 1114 parallaxi
492 1030 555 1098 560.
595 1036 639 1098 At
661 1056 727 1101 curu
750 1036 899 1118 parallani
922 1032 987 1111 501,
1011 1035 1189 1114 digressioni
1205 1036 1309 1097 Lunae
1331 1037 1435 1101 aSole
1449 1036 1513 1112 5l‘,

165 1122 370 1200 respondebat
392 1122 518 1210 variatio
534 1121 566 1187 60
589 1121 642 1201 900,
666 1126 719 1189 illa
742 1126 835 1206 igitur
857 1126 1021 1206 paraliaxis
1045 1126 1145 1187 verior
1160 1133 1218 1199 est,
1241 1144 1330 1205 qnam
1351 1127 1432 1202 baec,
1476 1128 1511 1190 ln

165 1210 298 1271 secundo
322 1230 392 1272 vero
415 1213 552 1293 exemplo
575 1222 657 1277 motu
673 1236 692 1276 a
708 1214 779 1278 Sole
799 1235 852 1296 per
878 1209 914 1277 10
936 1211 967 1278 60
992 1211 1056 1278 3800
1080 1214 1167 1277 Luna
1188 1214 1420 1294 deprehenditur
1437 1216 1512 1279 lsti-

164 1282 299 1361 tndiriem
321 1307 455 1363 mutasse
479 1321 532 1382 per
555 1298 586 1365 60
614 1302 662 1379 100,
695 1304 796 1387 itaque
819 1302 995 1386 parallaxis·
1008 1298 1061 1367 590
1085 1302 1126 1364 ibi
1149 1302 1287 1364 adhibita
1306 1322 1365 1365 non
1387 1304 1513 1368 multum

165 1387 275 1450 abeam
297 1389 411 1471 poterit
432 1411 452 1452 a
473 1410 563 1468 veru;
589 1400 620 1454 et
642 1392 686 1456 sic
709 1403 742 1477 et,
763 1393 900 1456 horarius
921 1392 1060 1476 utrinque
1083 1392 1283 1465 confirmatur.

207 1529 211 1537 .
255 1477 369 1541 Vemm
397 1480 464 1559 plue
486 1481 641 1544 delectant
663 1483 737 1545 haec
759 1483 947 1565 problemata
970 1481 1107 1554 artificio,
1131 1499 1219 1562 quam
1241 1488 1368 1560 prosunt
1390 1480 1513 1545 subtili·

166 1574 232 1630 tate
265 1587 462 1633 numerorum.
528 1568 765 1634 Observationes
807 1572 885 1633 enim
927 1571 1045 1635 nonnisi
1072 1569 1283 1643 limatlssimac
1311 1569 1502 1652 requiruntur

166 1675 243 1737 quae
267 1655 319 1717 vix
341 1676 471 1738 uuquam
495 1658 598 1721 haberi
621 1670 757 1740 possunt
1474 1684 1478 1693 ·

259 1746 421 1807 Praeterea
451 1748 628 1828 supponitur
657 1751 794 1830 cognitus
818 1747 984 1810 latitudiuis
1008 1746 1149 1827 angulus,
1178 1747 1295 1829 dequo
1319 1745 1393 1807 nihil
1417 1745 1513 1809 adhuc
1544 1764 1547 1768 “

167 1835 290 1896 dictum.
337 1835 378 1897 Et
401 1836 471 1916 quia
493 1839 587 1898 multo
612 1840 709 1917 magis
732 1838 857 1919 prodest
880 1837 927 1899 hic
950 1837 1055 1898 modus
1074 1835 1244 1915 arguendae
1259 1835 1409 1915 parallaxi
1428 1855 1514 1897 cras·

167 1923 240 1985 siori
264 1924 411 1999 Minerva,
436 1945 526 2006 quam
549 1926 679 2000 horario,
703 1928 836 2008 pertinet
857 1919 949 2005 igitur
972 1924 1009 1986 ad
1034 1925 1200 2007 sequentia.

257 2013 364 2075 Missis
387 2014 479 2093 igitur
502 2014 549 2076 bis
563 2015 678 2076 duobus
697 2016 792 2078 modis
807 2016 943 2077 horarios
959 2014 1148 2087 observandi,
1172 2020 1360 2075 transeamus
1375 2013 1413 2074 ad
1428 2015 1514 2090 alios,

167 2101 198 2162 in
223 2101 330 2182 quibus
353 2121 410 2164 non
435 2111 549 2165 tantum
566 2104 637 2165 nihil
654 2103 923 2167 indemonstratum
938 2102 1198 2184 praesupponitur,
1223 2103 1382 2164 sedetiam
1395 2102 1515 2182 magni-

167 2191 240 2253 tudo
274 2191 337 2271 ejus
366 2191 426 2267 rei,
459 2211 496 2254 ex
520 2212 577 2273 qua
599 2194 830 2271 ratiocinamur,
863 2194 1029 2273 pleniorem
1054 2192 1144 2254 fidem
1171 2190 1247 2253 iacit
1276 2190 1357 2255 circa
1382 2191 1413 2253 id
1437 2192 1516 2273 quod

168 2279 378 2341 ratiocinando
403 2281 616 2344 concludimus.

258 2369 361 2431 Motus
384 2370 488 2433 Lunae
512 2370 669 2451 oppositae
693 2370 758 2434 Soli
779 2371 819 2432 ad
842 2388 970 2450 unguem
989 2369 1132 2450 aequales
1149 2386 1217 2430 esse
1235 2367 1366 2430 motibus
1383 2368 1517 2447 ejdsdem

167 2458 347 2537 conjunctae
372 2457 437 2521 Soli
466 2460 584 2533 ceteris¹
600 2459 733 2539 paribus,
758 2460 946 2523 tritissimum
972 2467 1019 2520 est
1042 2457 1119 2540 apud
1144 2466 1342 2519 astronomos.
1389 2456 1422 2521 Si
1445 2474 1517 2537 ergo

167 2547 388 2627 prodiderimus
411 2548 547 2610 horarios
573 2549 600 2610 in
618 2549 864 2630 oppositionibus,
890 2548 909 2608 ii
924 2547 1067 2610 valebunt
1085 2555 1116 2608 et
1130 2546 1158 2608 in
1174 2545 1441 2626 conjunctionibus.
1481 2546 1517 2610 Si

168 2637 236 2715 qnis
263 2636 320 2699 boc
351 2635 531 2717 principium
556 2656 668 2717 negare
697 2638 827 2700 voluerit
851 2636 1046 2711 astronomis,
1083 2636 1161 2717 quod
1186 2635 1304 2716 quidem
1327 2654 1364 2696 en
1388 2635 1517 2697 omnium

167 2725 288 2787 illorum
311 2725 530 2807 hypothesibus
554 2727 697 2807 seqnitur,
723 2726 858 2789 convinci
882 2726 1042 2806 ispoterit
1063 2744 1208 2786 consensu
1225 2722 1418 2799 horatiorum,
1443 2743 1517 2805 quos

168 2814 316 2876 hactenus
339 2815 394 2876 snb
418 2816 546 2878 articulo
570 2816 812 2896 conjunctionum
836 2813 1101 2894 investigavimus,
1127 2832 1193 2875 cum
1216 2813 1264 2887 iis,
1288 2813 1336 2894 qui
1357 2814 1422 2892 jam
1444 2832 1518 2894 pro·
1593 2882 1597 2891 ‚

168 2902 276 2964 dibnnt
299 2922 337 2964 ex
360 2903 643 2984 oppositioualibus.
689 2905 834 2967 Horarius
858 2924 929 2967 vero
953 2904 1174 2984 oppositionum
1196 2902 1324 2964 habetur
1348 2902 1455 2978 t'acilc,
1479 2903 1515 2978 si,

169 3000 314 3142 qqrantum
345 2992 433 3055 Luna
470 2994 552 3055 ciroa
584 2993 803 3074 oppositionem
836 2994 1026 3074 progreditur
1056 2993 1087 3055 in
1120 3011 1177 3055 uno
1205 2991 1254 3053 die
1283 2992 1429 3066 naturali,
1462 3009 1517 3055 ex-

166 3090 313 3163 potetur.

259 3171 316 3233 ΙΙΙ.
350 3169 481 3232 Diurnos
515 3171 607 3249 igitur
630 3168 735 3232 Lunae
764 3175 862 3232 motus
884 3170 1022 3233 Brahens
1051 3179 1086 3232 ut
1108 3168 1284 3230 observaret
1305 3168 1382 3231 citra
1399 3169 1517 3232 ‘mixtu-

171 3279 237 3323 ram
258 3259 463 3341 parallaxeon‚
489 3260 565 3321 hanc
590 3257 669 3320 viam
694 3265 741 3319 est
759 3259 922 3337 ingressus,
947 3266 981 3320 ut
999 3258 1179 3339 exploraret,
1203 3257 1320 3337 qnando
1357 3326 1368 3331 Π
1472 3266 1519 3333 ¹et

172 3349 201 3411 in
227 3348 419 3428 nonagesimo
444 3349 540 3427 gradu
564 3368 583 3408 a
604 3355 714 3427 puncto
739 3348 895 3428 eclipticas
919 3348 1044 3411 oriente.
1090 3348 1173 3408 Tunc
1194 3347 1272 3407 enim
1294 3338 1420 3417 01111111·ΙΙ
1500 3381 1517 3395 -
1617 3392 1622 3402 ·

174 3437 255 3500 laxis
279 3437 307 3499 in
333 3438 427 3499 latum
450 3437 537 3510 abit,
568 3436 642 3498 nibil
667 3437 695 3496 in
722 3437 849 3516 longum.
875 3436 943 3498 .Eo
967 3437 1010 3498 sic
1033 3436 1114 3498 iacto
1138 3435 1252 3497 duobus
1276 3426 1513 3498 constitutio-

171 3525 230 3588 bus
253 3527 333 3589 circa
356 3526 588 3607 oppositionem,
612 3525 700 3587 facile
725 3525 823 3605 patuit
844 3525 947 3586 Lunae
972 3524 1095 3586 diurnus
1117 3533 1215 3585 motus
1237 3542 1337 3586 verus.

262 3619 350 3678 Auno
378 3612 469 3679 1595.
495 3613 524 3678 8.
550 3612 619 3676 Oct.
644 3632 730 3675 mane
755 3614 811 3674 init
834 3613 982 3695 oppositio
996 3613 1100 3675 Lunae
1124 3621 1155 3674 et
1173 3611 1264 3685 Solis,
1287 3613 1372 3676 Luna
1390 3612 1419 3674 in
1439 3633 1515 3695 apo-

174 3723 251 3784 gaeo
275 3714 423 3768 versante.
465 3705 560 3784 Igitur
581 3702 772 3782 praecedenti
794 3721 919 3783 vespera
941 3703 969 3763 h.
995 3699 1024 3765 9.
1049 3699 1103 3765 240
1127 3701 1207 3763 circa
1230 3702 1453 3781 nonagesimum
1476 3703 1515 3766 ab

174 3805 242 3855 ortu
280 3814 334 3874 per
370 3794 608 3855 observationem
642 3793 763 3855 inventa
794 3802 842 3852 est
870 3793 898 3853 in
930 3785 987 3854 180
1018 3788 1071 3851 470
1094 3789 1148 3868 Υ,
1179 3809 1243 3852 cum
1270 3791 1425 3852 latitudine
1449 3793 1515 3854 visa

180 3879 215 3944 10
248 3881 297 3945 120
325 3883 500 3945 meridiana.
552 3881 702 3962 Sequente
732 3899 859 3960 vespera
882 3877 912 3943 8.
938 3877 1007 3943 Oct
1030 3880 1061 3942 h.
1089 3879 1137 3942 11.
1162 3876 1232 3955 220,
1265 3881 1378 3941 oriente
1410 3874 1448 3944 90
1479 3886 1514 3957 ii,

176 3970 245 4050 ipsa
266 3971 428 4034 observata
452 3972 508 4033 fuit
530 3971 560 4033 in
587 3967 622 4032 1⁰
643 3964 742 4054 ²⁶¹l2‘
765 3970 803 4044 ὅ,
828 3970 945 4031 distans
966 3963 1007 4033 80
1028 3988 1047 4031 a
1069 3969 1270 4049 nonagesimo.
1317 3968 1392 4035 Cum
1415 3978 1515 4032 autem

177 4056 217 4125 9⁰
238 4061 265 4137 ὅ
289 4062 459 4124 distareta
488 4061 599 4121 vertice
624 4060 742 4122 circiter
764 4053 839 4133 450,
877 4059 976 4139 itaque
1008 4058 1173 4138 parallaxis
1204 4059 1388 4136 μηκοπλατης
1419 4053 1515 4122 ttin

176 4151 332 4212 horizonte
354 4156 439 4213 esset
460 4145 515 4213 lo‘
538 4148 671 4222 circiter,
702 4150 737 4209 de
762 4168 820 4230 qua
842 4142 882 4213 80
903 4157 1076 4231 cqnpetnnt
1099 4142 1180 4230 57„
1205 4140 1321 4211 tantulo
1353 4147 1515 4227 promotior

178 4248 244 4302 erat
266 4240 371 4314 Luna,
405 4238 513 4319 quippe
544 4256 619 4317 qnae
638 4237 703 4317 jam
726 4238 755 4299 in
780 4237 965 4301 occidentem
980 4237 1187 4318 propenderet.
1234 4234 1286 4300 Sic
1309 4237 1409 4318 itaque
1432 4239 1516 4304 locus

176 4328 282 4391 Lunae
324 4347 411 4391 verus
452 4324 488 4391 10
522 4323 576 4390 320
609 4327 646 4402 ὅ.
701 4326 845 4388 Promota
874 4332 926 4389 est
955 4325 1047 4404 igitur
1077 4326 1157 4389 horis
1195 4323 1238 4391 26
1268 4328 1364 4390 minus
1395 4324 1430 4390 20
1462 4346 1515 4409 per

181 4413 240 4480 120
262 4413 326 4491 453,
350 4417 437 4498 idque
461 4437 480 4478 a
502 4415 579 4477 imis.
626 4414 751 4477 Interim
774 4432 844 4475 vero
868 4412 921 4476 Sol
945 4414 983 4475 ab
1006 4414 1112 4478 iisdem
1135 4416 1202 4478 fixis
1216 4425 1367 4495 promotus
1382 4426 1430 4479 est
1444 4435 1516 4480 arcu

181 4504 219 4571 1·
241 4504 272 4569 20
296 4502 379 4582 2000,
407 4506 493 4568 Lnna
516 4503 606 4584 igitur
629 4523 647 4564 a
670 4501 742 4565 Sole
766 4510 918 4583 promotus
943 4510 992 4565 est
1017 4500 1075 4565 110
1096 4501 1149 4566 420
1171 4501 1245 4568 4000.
1293 4502 1386 4584 Cujus
1409 4506 1515 4570 distri·

176 4595 301 4658 butione
332 4596 414 4657 iacta
441 4595 470 4657 in
499 4595 590 4657 horas
618 4587 661 4655 26
684 4592 781 4655 minua
804 4587 854 4666 20,
891 4592 975 4653 venit
997 4593 1045 4654 uni
1069 4593 1159 4655 borae
1183 4590 1235 4654 270
1258 4591 1310 4656 300.
1356 4594 1463 4680 Itaque
1484 4596 1514 4657 in

179 4684 246 4764 ipso
267 4691 377 4763 puncto
400 4683 516 4757 medio,
558 4682 676 4762 qnando
708 4679 886 4742 acceleratio
909 4681 1096 4758 (copularum
1117 4680 1251 4763 propria)
1279 4690 1326 4743 est
1349 4681 1378 4744 in
1401 4701 1514 4747 summo

180 4772 295 4851 vigore,
318 4771 408 4853 plane
430 4771 595 4835 verisimile
615 4778 672 4843 est,
694 4767 844 4835 berarium
866 4788 934 4831 esse
958 4764 1011 4831 27‘
1038 4769 1108 4834 12¹¹.
1143 4770 1249 4832 Potest
1262 4769 1341 4832 enim
1356 4780 1386 4833 et
1400 4774 1514 4835 ratione
