3368 5534
175 288 239 365 126
592 295 693 349 literae
711 296 814 363 Keplsri
831 296 983 364 aliorumque
1001 301 1102 349 mamae

173 473 292 537 demum
315 473 422 553 incipit
444 493 482 536 ex
504 493 582 537 novo
605 493 670 536 meo
694 475 828 539 incubitu
851 483 883 538 et
907 476 970 538 fotu
1002 495 1118 538 rursum
1141 475 1345 554 incalescere;
1378 477 1435 543 sed
1457 479 1526 541 isa·

172 562 288 627 tissime
311 561 496 642 progredior.

261 650 377 714 Narras
409 646 573 732 pericnlum
611 652 791 714 »valetudinis
826 673 864 715 ex
896 652 1170 731 computationibus
1207 662 1407 719 contractum.
1452 656 1529 719 Post

103 772 107 818 2
173 741 282 802 festum
307 740 411 813 venio,
445 742 621 802 medicinam
654 753 754 802 tamen
785 744 907 805 suadeo.
954 741 1121 804 Abstineas
1145 765 1164 805 a
1187 745 1403 809 constituenda
1430 745 1529 828 bype-

174 829 253 891 thesi
267 829 388 902 Martis,
408 831 473 909 jem
489 831 566 892 enim
582 841 629 891 est
653 830 827 893 constituta.
864 831 931 912 Ego
946 840 1064 894 tantum
1087 832 1212 895 insnmsi
1236 835 1358 912 laboris,
1383 844 1527 916 qnantum

116 948 126 959 ·
176 918 289 980 scilicit
311 918 358 978 vel
383 919 486 980 decern
511 918 665 994 mortibus,
690 928 721 981 et
743 920 856 999 pervici
878 940 932 1001 per
954 921 1012 983 Dei
1035 921 1165 1001 gratiam
1197 924 1380 1007 pervenique
1408 941 1463 996 eo,
1495 932 1529 986 nt

172 1016 331 1068 contentus
355 1027 422 1068 esse
454 1008 566 1088 possim
595 1008 671 1070 meis
703 1009 833 1071 inventis
866 1019 898 1072 et
927 1009 1054 1091 quietus.
1101 1011 1274 1093 Antequam
1304 1012 1527 1094 acquiescerem

173 1095 312 1247 querentis,
338 1097 490 1177 quiescere
513 1097 631 1159 omnino
646 1116 704 1160 non
727 1099 811 1178 potui
818 1118 827 1173 ;
850 1118 888 1160 ex
911 1100 1065 1179 praesenti
1089 1099 1180 1180 igitur
1203 1101 1302 1183 quiete
1316 1108 1529 1184 argumentare

195 1204 212 1246 e
236 1185 311 1247 meis
335 1186 473 1250 inventis.

263 1273 311 1335 Ex
325 1272 372 1349 iis,
389 1294 465 1354 quae
480 1275 587 1338 scribis
607 1277 643 1337 de
660 1275 803 1348 Saturno,
819 1276 937 1356 colligo,
963 1296 1038 1358 qnae
1058 1277 1112 1341 tibi
1127 1297 1236 1340 causae
1251 1277 1322 1356 sint,
1338 1297 1392 1342 cur
1405 1275 1529 1343 Saturni

174 1363 336 1426 observata
358 1382 416 1426 non
440 1364 545 1427 mittas
569 1385 622 1427 nec
645 1364 742 1427 Jovis.
791 1363 883 1446 Cupis
914 1366 1025 1444 aliquid
1054 1375 1085 1428 et
1115 1366 1180 1447 ipse
1203 1376 1379 1446 praestare,
1412 1367 1444 1431 in
1473 1387 1530 1449 qua

177 1451 280 1533 operis
291 1460 377 1532 parte
393 1471 452 1514 non
472 1454 517 1517 vis
533 1454 644 1517 habere
661 1455 819 1516 aemulum.
858 1454 933 1517 Mihi
957 1455 1013 1517 hoc
1028 1475 1085 1518 non
1104 1464 1153 1517 est
1167 1454 1268 1518 cordi:
1293 1458 1319 1519 si
1335 1475 1394 1519 nou
1409 1464 1527 1521 tentum

172 1541 227 1604 tibi
258 1539 343 1603 mitto
368 1549 511 1623 qnantum
540 1543 692 1624 postulas,
717 1544 744 1605 in
770 1553 942 1618 causaest,
967 1545 1044 1624 quod
1076 1545 1155 1624 fugio
1180 1544 1312 1608 laborem
1337 1544 1530 1609 describendi

174 1639 205 1694 et
228 1630 431 1711 conquirendi.
473 1631 543 1695 Pati
566 1651 697 1713 possum,
722 1641 756 1694 ιιι
779 1632 852 1694 edas
876 1632 977 1713 aliqua
1001 1633 1037 1694 de
1056 1635 1155 1695 Marte
1180 1634 1227 1696 vei
1251 1642 1321 1696 ante
1345 1653 1415 1698 mea
1433 1633 1528 1699 cau-

166 1719 321 1785 mentaria
344 1721 390 1781 vei
414 1729 493 1800 post.
531 1719 698 1804 Quicquam
713 1721 813 1797 etiarn,
838 1721 863 1784 si
886 1720 1026 1783 brevibus
1049 1742 1180 1803 possum,
1205 1722 1242 1785 de
1266 1723 1327 1786 tuis
1342 1723 1528 1789 inventioni·

174 1810 230 1873 bus
254 1809 364 1871 addam
397 1812 471 1873 meis
496 1810 737 1874 Commentariis.
776 1810 901 1873 Interim
925 1811 984 1872 tuis
1008 1812 1101 1891 ipsius
1125 1812 1387 1876 observationibus
1411 1833 1447 1875 es
1469 1812 1529 1875 ini·

175 1918 265 1980 quus,
299 1917 421 1979 qnamm
446 1920 546 1963 curam
576 1900 685 1962 nemini
713 1899 864 1980 permittis
896 1900 953 1961 nisi
977 1900 1032 1962 tibi
1062 1901 1128 1981 ipsi.
1177 1898 1257 1973 Quid
1288 1901 1314 1964 si
1343 1921 1403 1964 non
1432 1900 1531 1965 omnia

175 2005 332 2071 possumus
356 1991 477 2051 omnes!
511 1987 592 2061 Quid
615 1989 641 2052 si
665 1989 737 2051 mihi
760 1989 843 2052 Dens
867 1989 923 2050 hoc
947 1990 1048 2065 dedit,
1081 1998 1116 2051 ιι
1138 1990 1243 2052 meiius
1268 1990 1312 2053 nti
1333 1990 1450 2071 possim
1472 1990 1530 2053 tnis

177 2075 348 2139 observatis
364 2095 452 2156 quam
476 2089 508 2142 tu
532 2078 618 2159 ipse?
642 2096 723 2159 ergo,
749 2079 776 2141 si
791 2097 847 2160 ego
862 2095 978 2140 cessem
994 2087 1026 2140 et
1049 2087 1081 2141 tu
1102 2098 1261 2160 perperam
1286 2080 1391 2155 ιιιιιι,
1419 2080 1532 2144 frustm

175 2175 208 2228 tu
232 2165 413 2230 observasti.

479 2254 553 2319 Cum
573 2266 607 2318 tu
620 2257 735 2318 habeas
755 2257 784 2317 in
799 2255 931 2319 Saturno
952 2255 1208 2319 eecentricitatem
1232 2252 1331 2330 5420,
1355 2274 1412 2338 ego
1432 2252 1530 2333 5100,

392 2346 495 2407 mimm
512 2365 568 2407 non
584 2353 642 2419 est,
657 2365 711 2407 nos
726 2345 818 2407 etiam
834 2345 863 2406 in
879 2344 997 2424 aphelio
1013 2344 1142 2409 differre.
1168 2346 1213 2409 Tu
1227 2346 1304 2409 enim
1320 2345 1426 2426 procui
1440 2345 1530 2411 dnbio

392 2435 522 2497 exstruis
554 2434 732 2519 hypothesin
757 2453 795 2495 ex
818 2442 921 2495 centro
945 2434 1075 2508 Terrae,
1108 2454 1160 2497 sen
1189 2434 1220 2496 in
1248 2436 1345 2498 iorma
1369 2434 1528 2516 Copernicl

393 2545 430 2586 ex
453 2531 557 2586 centro
582 2523 663 2585 orbis
687 2523 798 2602 magni,
823 2542 878 2603 ego
901 2541 972 2584 vero
997 2541 1035 2584 ex
1049 2523 1115 2602 ipso
1131 2522 1204 2587 Sole
1228 2525 1305 2589 vei
1297 2545 1324 2587 ιι
1340 2524 1531 2589 Ptolemaios

392 2613 554 2696 hypothesi
577 2631 615 2673 ex
638 2621 741 2674 centro
765 2611 845 2673 orbis
869 2609 960 2674 Solis.

277 2774 280 2781 ,
482 2700 531 2765 Sit
553 2703 579 2764 B
604 2700 667 2776 Sol,
692 2701 879 2764 Acentrum
903 2699 983 2762 orbis
1007 2699 1127 2777 Terrae,
1153 2699 1337 2764 (icentrum
1361 2701 1445 2764 orbis
1468 2700 1528 2764 Sa·

284 2810 319 2878 in
394 2791 483 2854 turni.
521 2789 596 2852 Mihi
619 2749 673 2852 Βο
697 2790 809 2852 cadit
802 2810 830 2851 ιι
855 2784 915 2851 25⁰
942 2786 991 2851 15
1016 2786 1430 2867 r,tibiA01n26⁰r;
1455 2791 1531 2853 base

227 2879 282 3002 A
305 2871 316 2955 ἰ
393 2880 485 2961 probe
519 2880 717 2942 consentiunt.
764 2878 826 2941 Sed
859 2879 915 2939 hcc
947 2879 1053 2949 miror,
1087 2899 1153 2941 cum
1187 2878 1259 2940 mihi
1287 2876 1341 2941 BC
1366 2879 1408 2940 sit
1431 2876 1528 2956 5700,

190 2986 225 3069 p
317 2964 336 3051 q
394 2990 445 3033 cur
474 2970 529 3032 tibi
562 2969 677 3049 longior
701 2967 757 3032 AC
782 2968 824 3029 sit
854 2967 990 3041 brevior,
1022 2987 1064 3031 sc.
1090 2966 1201 3032 5420?
1240 2967 1306 3047 Ego
1330 2967 1402 3030 mihi
1427 2968 1531 3032 videor

337 3058 340 3067 ⁸
393 3066 475 3122 recte
499 3066 640 3139 operatus
664 3067 695 3120 et
717 3067 789 3139 peto
813 3056 985 3119 observata.

263 3149 453 3202 Fabricius:
479 3147 585 3199 Unicum
604 3155 655 3203 est,
673 3147 737 3213 qnod
755 3148 855 3196 omnino
883 3146 926 3196 tibi
953 3144 1108 3195 scribendum
1131 3146 1215 3208 putavi
1234 3152 1260 3194 ct
1278 3144 1343 3210 quod
1361 3159 1401 3195 me
1420 3148 1528 3198 maxims

174 3221 315 3287 perplexum
334 3222 448 3279 reddidit,
466 3221 530 3270 hoc.
557 3222 583 3270 ιι
602 3219 683 3270 Marte
702 3221 784 3284 posita
802 3227 846 3267 ιιι
864 3219 1051 3268 eecentricitate
1077 3213 1190 3274 020500,
1211 3224 1237 3266 ct
1254 3216 1340 3267 lunula
1358 3232 1401 3283 pro
1419 3219 1529 3269 sseantb

176 3294 272 3343 ntione
291 3296 427 3345 constituta
446 3289 543 3350 struo,
561 3293 598 3341 ita
614 3298 644 3341 ut
661 3292 746 3342 lunula
764 3292 837 3353 juxta
854 3303 937 3339 meam
961 3287 1109 3353 hypothesin
1127 3295 1197 3338 extra
1215 3288 1332 3338 circulum
1350 3289 1383 3339 sit
1401 3304 1453 3339 non
1471 3302 1527 3340 rsm

174 3367 248 3420 intra
268 3372 297 3414 nt
316 3367 340 3414 in
359 3372 404 3414 tua
422 3364 498 3428 ellipsi
516 3364 552 3423 fit,
572 3359 882 3413 ιοιοιι195οι1ιιιιιιιιο
900 3359 1153 3422 mediaeabaphciio
1172 3360 1294 3423 inquirere
1312 3360 1416 3455 primoum
1435 3373 1526 3427 aequa·

176 3439 276 3486 ιιοιοιι.
303 3436 384 3486 Datur
395 3451 439 3500 per
451 3435 562 3485 tabulam
575 3435 723 3485 foecundam
736 3430 915 3519 (tangentium)
930 3431 1035 3496 angulus
1048 3432 1203 3495 aequationrs
1215 3426 1381 3480 ιιιιιιιιιιι
1392 3428 1435 3477 17
1445 3427 1499 3480 W
1505 3446 1526 3481 e.

175 3506 224 3557 Ubi
242 3522 299 3556 vero
319 3507 405 3557 eodem
423 3507 496 3556 modo
514 3507 547 3556 ad
560 3503 609 3556 96⁰
626 3507 784 3570 quaesiveris,
803 3504 883 3568 prodit
902 3498 1069 3567 sequeri05⁰
1085 3499 1125 3550 19¹
1139 3499 1183 3558 7¹¹,
1203 3501 1254 3551 diu.
1276 3499 1346 3566 101’.
1367 3510 1526 3554 summ

176 3579 247 3628 eirca
265 3581 388 3629 maximae
416 3580 569 3644 aequationis
596 3579 676 3627 locnrn
694 3579 733 3626 rix
752 3578 838 3640 paucis
866 3574 1006 3624 secundis'
999 3590 1024 3623 ιι
1044 3589 1093 3623 ιιο
1120 3583 1165 3623 ιιι
1183 3573 1260 3623 altero
1279 3573 1358 3639 gradu
1387 3573 1528 3625 nomaiiaa

176 3655 293 3699 mutetur.
330 3650 378 3701 Ubi
396 3666 453 3700 vero
472 3656 531 3700 aute
551 3657 576 3700 et
593 3656 649 3713 post
666 3650 789 3698 maximae
809 3647 964 3711 aequationis
983 3645 1100 3729 anguium
1118 3645 1269 3709 quaesiveris
1288 3645 1459 3709 aequationea,
1477 3660 1528 3696 ιιι

174 3721 255 3804 magis
273 3720 310 3770 vei
329 3723 409 3771 minus
428 3728 543 3772 crescunt
562 3728 607 3770 ent
624 3721 769 3770 decrescunt
788 3719 949 3784 aequationes
967 3718 1100 3781 proximae,
1119 3730 1193 3780 quam
1211 3731 1238 3765 re
1256 3729 1315 3765 vera
1333 3715 1425 3767 debent
1443 3723 1470 3768 et
1486 3717 1526 3767 via

176 3793 201 3840 ιι
222 3791 315 3855 aliquot
333 3792 448 3843 secundis
466 3799 601 3842 mutantur.
632 3791 683 3841 Res
701 3805 794 3839 ssnev
780 3790 851 3840 vaide
870 3790 941 3846 mira,
960 3801 1006 3838 nec
1026 3802 1127 3839 cansam
1145 3788 1266 3853 indagare
1282 3789 1359 3852 potui.
1379 3787 1525 3853 heasptnt·

175 3877 242 3913 mnm
267 3863 429 3913 laboraverim
446 3862 491 3914 dc.
529 3863 670 3925 Quaeritur,
696 3876 760 3928 qnae
783 3864 815 3910 sit
842 3874 920 3911 cansa
946 3866 999 3909 tam
1017 3861 1114 3910 subitae
1140 3865 1167 3909 st
1192 3859 1312 3909 sensibilis
1339 3860 1508 3910 variationis
1500 3874 1527 3909 ιι

220 2326 273 2392 rig.
293 2322 339 2374 12.

33 3924 38 3931 ’
92 3929 97 3943 ’
178 3935 366 3999 aequationibna
384 3937 511 3998 proximis,
540 3949 596 3984 cnm
614 3943 699 3984 ιιιιοι
718 3940 777 3983 ante
797 3940 896 3997 etpost
913 3931 981 3981 iilum
1000 3927 1049 3981 950
1077 3938 1191 3983 crescant
1210 3938 1235 3981 et
1253 3930 1400 3983 decrescant
1425 3946 1526 4026 propos-¹

175 4005 310 4065 tionaiitcr,
330 4019 376 4055 nec
392 4006 443 4055 nlla
461 4006 585 4055 anomalia
603 3998 834 4056 animadvertatur?

265 4075 469 4155 Keplerus:
503 4074 623 4148 Quod
615 4097 646 4139 ιι
670 4078 768 4138 Μιιιο
792 4076 896 4137 ιοίιιιι
920 4074 1069 4146 celebras,
1099 4074 1201 4135 uidere
1226 4073 1330 4136 videor
1358 4072 1447 4154 quale
1475 4072 1525 4136 sit

176 4164 321 4228 Latitndo
346 4167 462 4229 lunulae
486 4177 535 4228 est
558 4167 668 4228 lineola
690 4174 775 4227 recta
797 4165 836 4226 ad
859 4165 967 4226 lineam
991 4160 1138 4243 apsidum.
1186 4163 1244 4224 Ilia
1270 4162 1296 4223 si
1325 4161 1354 4223 in
1384 4161 1526 4243 perigaeo

177 4262 350 4327 essettota,
373 4256 534 4319 maximum
549 4264 723 4318 causaretur
745 4255 895 4335 angulum.
932 4254 977 4314 At
1000 4253 1028 4313 in
1045 4251 1227 4354 longitudine
1242 4251 1340 4313 media
1358 4258 1529 4333 coaequata

178 4352 318 4406 causatur
347 4346 487 4423 angulum
515 4346 643 4418 nulium,
679 4343 748 4424 quia
770 4343 945 4405 continuata
972 4340 1111 4404 incidit
1104 4361 1132 4401 rn
1161 4341 1257 4421 ipsum
1286 4348 1419 4402 centrum
1444 4340 1528 4403 Solis

178 4431 365 4505 (Ptolemaeo
388 4433 543 4509 Telluris),
567 4443 598 4495 et
622 4434 665 4495 sic
687 4451 741 4512 per
760 4432 861 4512 optica
883 4429 1029 4512 principia
1044 4439 1170 4547 appqret
1193 4428 1248 4491 sub
1272 4429 1387 4492 ratione
1410 4429 1527 4534 puncti.

179 4521 223 4584 lit
253 4522 420 4586 anomaliae
444 4530 628 4603 coaequatae
652 4519 714 4587 900
736 4522 897 4602 respondet
923 4519 1022 4582 media
1050 4511 1129 4580 1000
1151 4515 1205 4582 430
1228 4519 1360 4591 circiter,
1395 4538 1469 4597 ergo
1496 4519 1528 4582 in

179 4612 330 4674 anomalia
352 4612 451 4674 media
464 4608 525 4675 900
539 4612 648 4674 lineola
672 4611 745 4671 haec
770 4611 896 4671 nondum
921 4606 1074 4670 subteudlt
1089 4607 1171 4680 nihil,
1195 4609 1248 4669 sed
1264 4617 1407 4670 causatur
1429 4626 1529 4690 angu-

179 4699 238 4761 ium
265 4697 337 4778 101
363 4721 388 4762 c.
436 4701 501 4763 Hoc
524 4701 629 4762 mirum
654 4719 711 4760 non
736 4710 793 4761 est.
839 4698 916 4760 Nam
939 4699 1029 4778 panio
1053 4715 1143 4775 supra
1167 4698 1294 4759 mediam
1310 4693 1531 4762 90'cauaatur

179 4789 318 4867 anguium
342 4791 485 4870 majorem
508 4798 540 4853 et
561 4789 590 4851 in
615 4788 764 4850 anomalia
787 4782 849 4851 450
870 4795 1012 4850 causatur
1035 4786 1204 4849 marimum.
1241 4787 1288 4848 De
1313 4807 1370 4868 qno
1393 4786 1529 4849 invenies

178 4876 334 4960 pulchram
355 4879 641 4947 demonstrationem
664 4876 694 4941 in
716 4877 791 4941 meis
814 4873 1047 4941 Commentariis
1070 4875 1108 4938 de
1130 4883 1156 4947 ό
1179 4883 1253 4950 (cap.
1272 4880 1340 4945 La)
