3368 5534
164 308 231 388 456
582 311 611 368 In
629 316 814 369 commentaria
831 316 987 368 domatibus
1003 313 1092 370 Meros

165 507 260 575 Optlels
278 504 374 557 addidit
390 497 524 569 Keplem)
542 497 578 550 ad
607 497 721 549 eundem
751 513 838 551 usum.
860 525 900 537 -
921 496 992 560 Quid
1010 494 1157 551 Merlini
1186 495 1406 569 Cosmographia
1423 513 1510 568 nuper

164 581 242 637 edita
254 579 402 642 contineat,
424 578 540 632 nondum
560 576 700 646 perspexi.
733 578 797 630 Jam
816 577 845 630 in
865 594 899 629 eo
919 593 987 640 sum,
1002 583 1034 630 ut
1054 576 1153 630 librum
1173 576 1250 631 illum
1270 578 1336 633 mibi
1350 592 1508 648 emm

253 676 309 727 Hae
327 686 403 739 usque
421 672 551 736 Keplsrns.
587 671 706 736 Reliqua,
725 686 789 736 qnae
816 673 900 720 insunt
923 672 979 721 huie
998 672 1125 736 epistolae,
1144 672 1177 722 ad
1199 672 1362 724 Harmoniam
1380 675 1507 736 panthu

163 748 287 814 Keplerns
303 748 330 796 in
347 745 487 810 praemissis
503 743 590 799 literis,
608 745 730 792 intestam
742 744 911 808 quaestionem
923 742 1045 792 llervarti
1058 741 1089 792 de
1102 742 1273 808 Copernieaaa
1289 744 1420 809 hypoaut
1437 744 1509 795 ralis·

164 834 258 887 quem.
277 818 312 869 ad
329 830 385 868 um
401 815 475 866 rediit
492 816 560 866 eirea
577 815 685 883 Aprilem
703 829 812 864 mensem
835 811 910 870 root.
928 822 1009 864 motus
1026 814 1064 863 his
1083 814 1205 864 Hersarti
1222 816 1317 865 verbis:
1342 815 1402 865 Fas
1418 815 1463 867 let
1479 815 1510 866 ds

163 889 293 957 ansam
311 887 374 939 mm
401 893 427 935 a
444 885 535 936 reuss
554 884 725 951 commem
750 887 789 935 m
806 885 872 936 mon
898 885 1015 943 selani,
1041 887 1089 937 ιιι
1107 900 1134 934 0·
1150 888 1198 935 mn
1223 887 1292 938 mm
1309 889 1395 954 span
1412 900 1446 939 ιι
1461 874 1508 939 ιιι

164 961 235 1013 nnn
246 974 386 1029 geunnen,
404 956 573 1025 ssmehrieben.
592 957 683 1007 darem
698 957 761 1007 habe
780 956 820 1009 ich
838 957 910 1007 haine
923 958 1043 1015 hntsort,
1062 956 1184 1008 melleleht
1196 956 1292 1019 darum,
1312 959 1370 1009 dass
1381 973 1410 1009 es
1427 957 1510 1009 kaiser

164 1035 277 1085 Antvort
293 1029 395 1095 vffldig.
417 1028 477 1149 8loir
503 1028 570 1078 solit
596 1028 655 1079 aber
680 1028 744 1077 doeh
769 1043 830 1094 pern
849 1028 888 1077 die
907 1027 1060 1078 conlutation
1086 1028 1175 1079 dassen
1202 1030 1347 1081 resnehmsn
1376 1029 1420 1091 (ea
1440 1030 1508 1094 epit

253 1176 321 1231 Cum
340 1189 508 1246 quaererem,
530 1178 764 1243 seripsitKeplems,
788 1188 843 1242 qua
862 1172 970 1226 ratione
991 1172 1102 1236 lactum,
1124 1180 1157 1227 ut
1177 1175 1365 1245 quaestionem
1385 1176 1420 1228 de
1439 1180 1509 1229 mota

165 1259 237 1315 Solis
256 1254 387 1328 proximis
408 1254 497 1308 literis
517 1252 739 1324 praeterirerim,
768 1251 872 1314 incidit,
901 1251 1059 1306 neminisse
1081 1257 1115 1308 ad
1136 1271 1231 1309 manus
1253 1254 1446 1325 Copernieum;
1475 1273 1510 1310 ea

166 1355 219 1411 quo
239 1353 300 1391 enm
320 1336 447 1399 schema,
478 1350 529 1405 per
548 1334 620 1404 quod
644 1349 748 1387 meeum
778 1329 857 1402 agis,
888 1333 933 1385 diu
963 1333 1046 1387 anxie
1067 1335 1276 1405 quaesivissem,
1311 1334 1428 1407 deniqne
1448 1334 1510 1390 inei·

165 1419 213 1484 dit,
234 1416 333 1472 vidisse
354 1433 398 1470 me
424 1415 452 1470 in
472 1414 537 1469 Tuis
559 1413 646 1467 literis
666 1413 802 1483 prioribus
829 1412 967 1482 adjectum
991 1415 1102 1469 schema
1121 1414 1274 1470 Lunaribus
1297 1414 1510 1487 quaestionibus,

164 1498 243 1570 eujus
264 1513 343 1552 usum
363 1503 427 1550 tuno
447 1495 552 1548 nullum
572 1492 664 1547 videre
684 1492 770 1564 potui.
803 1497 921 1561 (Schema
940 1497 1013 1561 lto.)
1052 1500 1144 1566 Atque
1164 1512 1218 1566 ego
1247 1495 1274 1549 in
1295 1497 1393 1551 eadem
1413 1496 1512 1551 aeheds

162 1585 244 1634 notae
261 1592 339 1631 meas
354 1577 389 1630 ad
403 1573 578 1647 quaestiones
591 1573 716 1627 Lunares
737 1573 959 1643 perscripseram,
981 1574 1075 1647 itaque
1089 1576 1200 1638 laetum,
1215 1582 1247 1631 ιιι
1259 1584 1290 1629 et
1302 1575 1383 1643 iilud,
1399 1575 1451 1631 nisi
1470 1592 1509 1629 me

164 1658 240 1714 tellit
260 1655 397 1720 memoria,
419 1656 455 1710 ab
470 1654 630 1708 amanuensi
650 1653 722 1708 inter
734 1653 859 1706 Lunares
880 1662 989 1709 nostras
1010 1656 1213 1728 depingeretur.
1247 1657 1310 1711 Jam
1330 1657 1510 1727 respondebo.

163 1739 214 1794 sed
242 1737 307 1810 quia
334 1737 453 1791 obscura
481 1741 526 1788 est
554 1734 708 1796 sententia,
737 1733 823 1787 diram
854 1734 960 1805 eliqua,
990 1752 1061 1805 quae
1091 1736 1162 1791 forte
1188 1752 1241 1789 non
1268 1735 1450 1806 pertinebunt
1478 1736 1510 1791 sd

163 1819 315 1875 rhombum.

253 1897 298 1952 Sia
318 1896 376 1951 Tu:
399 1894 464 1967 quia
483 1895 555 1949 DFB
576 1915 612 1940 =
632 1893 712 1954 DCB,
734 1893 798 1946 hinc
818 1893 926 1963 colligit
948 1895 1121 1965 Copemions,
1144 1912 1237 1950 aream
1250 1896 1324 1951 nel.
1338 1912 1403 1951 esse
1424 1895 1508 1949 insen·

165 1979 280 2036 sibilem.
314 1976 366 2031 Hie
387 1991 441 2046 ego
463 1974 521 2028 dieo
542 1972 640 2043 primo:
663 1973 685 2025 si
701 1980 776 2027 esset
795 1973 935 2043 possibile,
957 1992 1005 2028 nos
1027 1976 1119 2030 videre
1140 1994 1176 2030 ex
1196 1982 1221 2030 Δ
1242 1976 1330 2031 Terra
1343 1976 1510 2047 punctumB

164 2061 290 2122 fixarum
312 2072 372 2111 oum
392 2071 446 2127 quo
466 2056 488 2108 F
508 2053 555 2108 Sol
576 2053 684 2107 videtur
702 2053 841 2124 conjungi,
863 2053 901 2106 sic
922 2072 958 2107 ex
980 2056 1001 2109 C
1021 2063 1151 2126 punctum
1172 2058 1205 2119 D,
1227 2064 1294 2111 tuno
1313 2056 1384 2111 nhil
1404 2058 1439 2111 ad
1460 2072 1510 2110 ren

166 2141 288 2203 inseret,
327 2136 385 2191 sive
415 2134 552 2189 sensibilis
582 2135 640 2186 sire
669 2132 834 2187 insensibilis
868 2141 943 2188 esset
972 2151 1040 2189 area
1067 2136 1146 2191 Acin
1196 2136 1409 2192 Numeraremus
1445 2136 1510 2191 enim

168 2220 273 2294 gradem
294 2233 313 2272 a
332 2217 355 2270 Β
376 2216 404 2269 in
424 2215 459 2279 D,
481 2214 522 2268 illi
542 2221 733 2269 mensurarent
746 2214 811 2268 mibi
825 2215 957 2285 angulum
970 2215 1042 2271 DFB
1056 2217 1102 2270 rel
1115 2215 1193 2281 ΔΕΘ,
1208 2217 1274 2289 quia
1288 2218 1380 2272 lineae
1395 2217 1452 2281 CI),
1466 2216 1510 2271 ΑΒ

166 2316 218 2372 per
236 2304 359 2352 nentrum
379 2297 402 2351 Ρ
421 2302 574 2350 transeunt.

248 2376 347 2451 Atqui,
368 2376 422 2431 etsi
441 2382 555 2446 propter
569 2373 640 2429 Solis
660 2373 847 2444 praesentiam
867 2391 920 2427 non
945 2391 1087 2444 possumus
1109 2376 1199 2431 videre
1219 2385 1350 2449 punctum
1371 2378 1396 2432 B
1415 2376 1462 2430 rel
1480 2375 1510 2437 1),

169 2477 220 2516 nee
240 2458 264 2512 si
282 2457 435 2512 rideremus
457 2471 684 2526 agnosceremus,
707 2469 765 2506 eum
793 2470 847 2507 non
868 2454 923 2508 sint
943 2457 1088 2525 appositae
1109 2464 1193 2511 notae
1212 2474 1400 2523 numerorum,
1430 2466 1463 2512 nt
1488 2457 1512 2511 is

169 2538 271 2596 nostris
302 2536 409 2591 sireniis
439 2535 619 2598 mechanicis,
650 2542 741 2588 tamen
769 2534 1019 2604 comprehendimus
1046 2536 1097 2591 illa
1126 2537 1187 2608 ipsa
1213 2545 1318 2608 pnnota
1346 2538 1461 2594 seorsim
1487 2546 1513 2590 et

169 2633 342 2677 numeramus
363 2616 421 2673 ills.
465 2616 536 2670 Nam
556 2621 718 2683 eomparata
736 2613 808 2666 Solis
832 2614 950 2668 altitudo
969 2632 1029 2670 eum
1050 2618 1208 2687 aequatoris
1229 2618 1377 2673 altitudine
1398 2617 1513 2673 ostendit

168 2698 379 2756 deehnatimm
408 2703 570 2767 punctorum
599 2693 744 2763 eclipticae
764 2694 796 2756 Β,
817 2695 852 2756 D,
875 2709 946 2765 quae
967 2697 1062 2767 quovis
1091 2697 1119 2751 in
1139 2700 1228 2770 gradu
1255 2708 1301 2753 est
1327 2699 1396 2756 alia
1437 2698 1513 2753 l'ides

168 2797 238 2853 ergo
258 2777 357 2849 primo,
388 2777 441 2830 etsi
461 2777 549 2831 Terra
568 2793 622 2829 non
651 2773 688 2828 sit
715 2774 741 2828 in
763 2782 856 2827 centro
878 2775 968 2829 mundi
988 2777 1023 2841 F,
1044 2779 1115 2848 quod
1144 2788 1236 2833 tamen
1265 2777 1424 2836 innoteseat
1441 2778 1514 2835 nobb

168 2859 289 2933 angulus
311 2859 345 2912 ad
368 2856 610 2912 reomenses
632 2854 790 2924 eeliptioae,
822 2872 871 2908 nee
893 2872 961 2925 opus
987 2856 1024 2910 sit
1044 2858 1079 2911 ad
1099 2857 1151 2912 hoo
1180 2858 1317 2930 positione
1336 2857 1513 2933 aequalibtis

167 2939 333 3014 angulorum
352 2937 433 3000 Dra,
455 2936 537 2992 DCB.
579 2936 676 3006 ltaque
697 2952 734 2988 ex
748 2933 889 2989 Solaribus
912 2937 1149 2992 observationibus
1170 2956 1223 2994 non
1244 2937 1385 2994 invenitur
1404 2938 1513 2995 insessi·

169 3022 265 3078 bilitas
286 3033 370 3074 areae
391 3016 473 3072 ach.
518 3015 661 3071 Invenitur
689 3021 782 3069 autem
807 3014 939 3070 diameter
960 3016 1004 3071 cl.
1024 3017 1190 3073 insensibilis
1217 3020 1252 3073 ad
1272 3018 1345 3074 hxas
1367 3036 1406 3074 ex
1426 3020 1513 3074 obser·

168 3101 281 3158 ratione
296 3096 444 3153 distantiae
465 3097 608 3152 stellarum
628 3097 753 3157 lixarum,
776 3101 905 3165 quaeest
924 3107 1059 3166 perpetuo
1080 3101 1183 3162 eadem,
1205 3099 1263 3153 sire
1284 3116 1322 3153 ex
1336 3099 1359 3154 c
1372 3099 1433 3154 sire
1446 3097 1513 3154 enh

168 3186 349 3238 mensuretur.
378 3178 452 3232 Nam
469 3177 493 3230 si
514 3177 559 3232 CL
579 3178 606 3232 in
627 3175 749 3229 sensibili
770 3176 947 3244 proportione
968 3187 1043 3232 esset
1063 3179 1097 3232 ad
1118 3180 1197 3244 lixas,
1219 3178 1355 3234 distantia
1368 3180 1420 3234 DB
1433 3179 1513 3235 misor

169 3281 207 3319 ex
227 3262 257 3325 C,
278 3258 366 3328 maior
386 3276 423 3314 ex
443 3258 466 3311 L
487 3264 637 3328 appareret
657 3255 830 3311 sensibiliter.

250 3353 313 3405 Jam
338 3351 527 3404 demonstrata
547 3346 760 3400 insensibilitate
781 3345 905 3407 aliunde,
927 3353 959 3398 ut
979 3347 1091 3409 dietum,
1113 3353 1187 3401 reete
1208 3348 1401 3418 progredimur
1420 3366 1467 3411 eo,
1485 3358 1512 3401 nt

171 3431 237 3504 quia
255 3430 455 3486 semidiameter
469 3427 513 3482 CF
526 3427 699 3489 insensibilis,
725 3426 808 3479 etiam
823 3427 942 3497 angulus
958 3426 1024 3481 FBC
1038 3426 1075 3479 sit
1097 3426 1272 3491 insensibilis,
1294 3427 1391 3499 itaque
1404 3428 1476 3485 Dm
1487 3440 1513 3481 es

170 3512 243 3568 DCB
258 3512 293 3565 ad
313 3525 423 3564 sensum
436 3507 576 3579 aequales.
606 3508 740 3570 Quorsum
760 3506 830 3559 haec
852 3506 952 3559 utilia?
985 3508 1028 3560 Ad
1049 3506 1185 3561 sciendam
1199 3504 1377 3563 remotionem
1398 3507 1513 3565 exuis

171 3593 196 3649 B
218 3609 236 3647 a
256 3592 316 3645 loeo
336 3589 407 3646 Solis
428 3588 456 3642 in
476 3589 502 3643 D
523 3605 561 3642 ex
581 3586 602 3641 C
623 3588 708 3641 Terra
729 3587 882 3657 inspectae,
914 3586 1050 3640 mediante
1071 3587 1179 3640 Venere
1199 3587 1243 3642 rel
1263 3588 1354 3643 Luna.
1397 3588 1468 3645 Nu
1494 3588 1513 3643 d

172 3668 362 3727 insensibilis
376 3676 459 3732 esset,
475 3668 595 3739 angellus
604 3667 676 3722 DCB
687 3682 789 3736 parvus
800 3673 957 3735 appareret,
973 3674 1002 3719 et
1011 3674 1043 3720 ut
1056 3666 1108 3737 ipsi
1117 3666 1144 3720 D
1153 3676 1256 3721 eertum
1266 3668 1294 3723 in
1303 3664 1418 3723 sodiaeo
1431 3670 1514 3725 lm

173 3750 345 3815 definiamus,
376 3750 465 3821 ipsum
492 3755 623 3818 punotum
642 3747 666 3800 B
688 3747 825 3799 videretur
855 3745 907 3815 ipsi
927 3746 953 3799 D
974 3745 1086 3816 propius
1111 3746 1291 3819 exequens
1320 3766 1359 3803 ex
1385 3750 1514 3805 rmus

173 3831 272 3905 mundi.
306 3832 383 3885 Haeo
403 3830 577 3884 memoranda
590 3828 708 3889 luerunt,
732 3825 754 3879 si
775 3825 847 3879 sorte
868 3825 942 3879 eirea
962 3842 997 3880 ea
1017 3826 1180 3897 impedieris.
1218 3826 1332 3899 Pergis:
1362 3829 1420 3891 ,250
1439 3828 1514 3885 imp.

173 3912 241 3985 ligo,
263 3911 350 3966 solam
370 3908 551 3964 differentiam
563 3905 807 3971 ΙιιῈ,1)οΒ,1ιοι
827 3912 871 3959 est
885 3905 959 3969 FBC,
976 3905 1161 3960 insensibilem
1182 3908 1271 3963 esse*
1308 3908 1396 3972 Quat
1414 3910 1514 3965 dim

173 3995 262 4049 solmn
281 3991 326 4047 CF
344 3988 537 4051 insensibilem,
560 4005 612 4042 non
633 4004 697 4042 vere
719 3986 903 4041 insensibilem
926 3984 970 4039 CL
991 3986 1110 4057 duplum.
1152 3990 1192 4041 At
1211 3987 1235 4062 si
1255 3987 1383 4061 simplum
1407 3989 1514 4045 insemi-

173 4073 246 4137 hile,
276 4072 389 4142 duplum
409 4071 526 4124 nendum
546 4068 688 4133 sensibile,
720 4068 768 4123 sed
797 4066 914 4122 sortasse
935 4067 1092 4137 centuplum
1122 4074 1173 4122 aut
1199 4068 1387 4140 millecuplnm
1414 4072 1514 4125 dem

172 4151 287 4224 incipiet
305 4166 366 4205 esse
386 4148 524 4204 sensibile.

266 4231 399 4294 ,Videtur
419 4229 458 4284 sio
478 4227 585 4282 institui
606 4244 688 4298 posse
708 4224 881 4298 hypothesis,
902 4233 935 4278 ιιι
956 4225 1004 4280 Sol
1025 4224 1109 4278 sitin
1130 4227 1164 4291 G,
1185 4235 1308 4282 oentsum
1329 4229 1422 4285 mnndi
1442 4230 1470 4286 in
1487 4230 1514 4293 ἲ,

175 4315 265 4370 nens
282 4311 311 4366 in
330 4310 383 4365 Est*
425 4309 542 4363 Primum
563 4307 607 4360 hie
627 4308 669 4360 Τιι
689 4307 738 4361 EG
759 4306 826 4360 faois
853 4305 997 4376 aequalem
1026 4304 1078 4374 ipsi
1098 4304 1151 4369 cl,
1181 4325 1217 4361 ex
1244 4324 1299 4379 quo
1327 4318 1462 4381 amm,
1479 4308 1515 4365 τ.

175 4400 308 4455 metuere,
329 4390 353 4445 si
373 4396 461 4444 mutes
481 4388 626 4443 distantias
640 4386 711 4441 Solis
727 4386 851 4448 a'l'erra,
874 4403 908 4438 ne
928 4385 956 4438 in
976 4385 1125 4439 observata
1144 4386 1254 4442 Solaria
1272 4404 1382 4458 peasa.
1414 4390 1515 4447 Μὴ

176 4473 248 4529 ratio
268 4470 452 4525 astronomiae
473 4467 676 4538 Copernieanae
700 4468 771 4519 haee
790 4472 848 4528 est,
879 4471 912 4519 ut
933 4464 1033 4518 indioet
1061 4464 1208 4521 distantias
1236 4468 1415 4538 planetam
1442 4470 1516 4525 Μ·

177 4560 272 4608 oentro
292 4550 391 4614 mundi,
412 4549 549 4604 mediante
562 4546 695 4602 distantia
715 4547 817 4600 Terrae
837 4545 861 4598 Ε
881 4547 918 4598 ab
938 4546 1033 4598 eodem
1047 4545 1069 4599 F
1082 4556 1183 4601 oentro.
1215 4548 1294 4619 Ergo
1314 4549 1338 4603 si
1358 4550 1447 4605 Terra
1459 4550 1514 4620 isa

177 4633 278 4687 saltem
298 4630 405 4685 dimidio
425 4629 522 4691 distet,
552 4643 606 4681 non
632 4625 755 4681 manebit
774 4624 890 4694 amplius
910 4626 1136 4682 commensuratio
1156 4627 1349 4684 distantiarum
1368 4631 1471 4686 'rm
1488 4638 1515 4683 ,ι

177 4711 343 4783 reliquorum
363 4727 382 4764 a
400 4711 478 4766 Sole:
499 4724 553 4763 non
573 4707 659 4777 igitur
679 4712 821 4761 manerent
841 4705 960 4761 eaedem.
994 4709 1053 4760 Aut
1071 4706 1144 4762 enim
1162 4707 1234 4763 Solia
1249 4724 1267 4763 a
1280 4709 1369 4764 Terra
1388 4708 1515 4767 disus&

178 4793 365 4861 duplicaretur
385 4799 435 4845 ant
452 4788 576 4859 reliquae
596 4786 807 4842 dimidiarenmr.

266 4869 368 4933 Tarde,
390 4868 433 4925 his
453 4864 588 4925 toneessis
608 4862 824 4937 sementiam
836 4872 889 4930 est,
909 4876 1067 4923 masan
1077 4862 1211 4938 reliquam
1229 4868 1369 4926 radonem
1380 4866 1514 4927 mue
