3368 5534
649 286 688 339 De
705 286 814 339 Motibus
835 287 928 341 Stellae
945 286 1034 340 uuus

936 532 939 539 ,
985 465 1151 528 eccentrico
1164 464 1520 546 circulozsitejnscen-

983 566 1063 618 trum
1095 556 1185 617 aba
1215 575 1321 617 versus
1351 565 1459 637 partes
1481 559 1519 621 lt

983 646 1032 708 Sit
1062 654 1162 707 autem
1191 644 1249 706 AL
1284 645 1392 725 regula
1420 646 1521 708 lineae

983 734 1120 813 apsidum
1139 733 1261 807 Martis,
1285 743 1319 796 nt
1335 734 1416 796 linea
1431 735 1520 813 apsi·

985 824 1054 885 dnm
1073 822 1267 884 circulatione
1288 828 1320 885 e't
1342 823 1520 904 transposi-

984 911 1066 974 tione
1103 911 1149 974 sni
1191 913 1354 974 eecentrici
1397 932 1521 995 semper

984 1009 1106 1063 maneat
1145 1001 1311 1081 parallelos
1353 1002 1413 1082 ipsi
1451 1005 1518 1066 AL

984 1091 1053 1153 Sint
1075 1099 1175 1153 autem
1195 1089 1293 1152 lineae
1307 1091 1400 1153 medii
1416 1101 1519 1155 motus

984 1180 1066 1243 Solis
1089 1180 1129 1241 ad
1159 1186 1264 1241 nostra
1296 1186 1427 1261 quatuor
1450 1201 1518 1243 mo-

983 1277 1084 1330 menta
1106 1269 1176 1353 All,
1200 1269 1266 1340 Ar,
1291 1269 1358 1343 ΑΕ,
1381 1270 1457 1332 AS:
1486 1278 1519 1332 et

983 1377 1020 1418 ex
1037 1356 1065 1419 A
1079 1357 1237 1437 ejiciantur
1251 1356 1349 1418 lineae
1367 1358 1518 1423 visionum

984 1448 1104 1522 Martis,
1126 1454 1217 1527 prout
1236 1466 1327 1527 supra
1344 1447 1517 1528 descriptae

577 1574 660 1625 §213
771 1588 788 1605 ,N
984 1544 1064 1610 snut,
1089 1537 1118 1597 iu
1133 1536 1211 1597 hnnc
1224 1536 1274 1597 vel
1297 1537 1383 1598 illum
1398 1538 1517 1600 zodiaci

507 1666 510 1673 ·
553 1616 608 1683 *a
661 1604 937 1726 NJK]
983 1627 1109 1706 gradum
1159 1642 1295 1704 vergere.
1364 1626 1407 1688 Et
1447 1628 1517 1708 qnia

534 1774 547 1782 .,
982 1715 1103 1795 ponitur
1118 1715 1204 1776 Mars
1228 1714 1366 1776 omnibns
1388 1727 1518 1797 quatuor

557 1784 789 1911 N*
983 1804 1099 1866 vicibus
1123 1803 1228 1865 eodem
1250 1804 1317 1865 loeo
1338 1805 1517 1867 ecceutn'ci:

983 1912 1074 1974 quare
1097 1892 1262 1954 distantiae
1282 1892 1347 1971 ejus
1362 1915 1381 1954 a
1396 1895 1518 1973 punctis

983 1982 1074 2044 medii
1093 1982 1151 2044 loci
1166 1981 1249 2044 Solis
1267 1983 1411 2062 aequales
1430 1992 1518 2046 erunt

984 2091 1087 2133 ornnes
1111 2080 1142 2134 et
1165 2071 1313 2150 paralleli.
1351 2071 1424 2135 Sint
1446 2072 1517 2147 (ill,

982 2163 1043 2235 FT,
1067 2161 1120 2235 ΙΕ,
1144 2160 1198 2224 KS
1223 2179 1326 2222 omnes
1360 2162 1517 2244 aequales,

166 2270 197 2322 et
220 2257 321 2338 anguli
345 2256 447 2329 LHG,
471 2254 564 2326 LTF,
587 2252 674 2324 LEI,
698 2249 780 2313 LSK
810 2254 951 2335 aequales
979 2251 1073 2332 priori
1094 2253 1186 2316 AAK
1206 2256 1272 2323 (fig.
1292 2255 1347 2319 77.)
1370 2253 1419 2313 rel
1452 2254 1518 2312 lar

163 2355 231 2424 (lug.
251 2354 307 2415 76),
331 2347 374 2408 sic
397 2353 431 2407 ut
453 2345 538 2405 Mars
562 2341 601 2402 ad
624 2348 728 2402 nostra
750 2350 901 2404 momenta
925 2342 965 2404 sit
988 2342 1017 2403 iu
1041 2341 1080 2414 G,
1103 2343 1138 2411 F,
1165 2341 1189 2414 Ι,
1213 2341 1252 2402 K.
1297 2341 1341 2402 Et
1362 2351 1396 2402 ut
1420 2342 1518 2404 obiter

165 2458 314 2508 moneam,
338 2437 413 2497 baec
428 2440 554 2515 quatuor
573 2438 684 2511 puncta
702 2430 741 2504 G,
765 2434 800 2507 F,
825 2435 847 2506 l,
871 2433 901 2493 K
924 2431 1078 2493 facientia
1098 2429 1142 2491 rei
1164 2429 1294 2490 veritate
1309 2449 1411 2491 arcum
1427 2430 1517 2511 plane

167 2528 323 2609 aequalem
347 2534 378 2585 et
401 2521 566 2604 aequaliter
591 2520 681 2581 sitnm
704 2540 771 2581 cum
794 2521 883 2601 priori
908 2541 978 2582 arcu
1004 2521 1116 2583 ΘΗΕΖ
1139 2518 1169 2580 in
1193 2519 1290 2580 forma
1308 2519 1516 2581 Ptolemaica:

168 2617 238 2698 qnia
260 2615 344 2678 nulla
361 2613 489 2693 amplius
504 2619 552 2671 est
567 2609 745 2683 differentia,
770 2630 858 2690 quam
878 2610 955 2690 quod
975 2609 1167 2671 Ptolemaeus
1190 2608 1356 2689 epieyclum
1378 2609 1517 2671 theoriae

84 2768 88 2777 ,
163 2705 246 2768 Solis
269 2702 426 2783 aequalem
449 2701 479 2763 in
504 2699 670 2760 eccentrico
690 2699 869 2772 circumfert,
894 2699 996 2779 Tycho
1015 2697 1211 2759 eccentricnm
1235 2699 1264 2759 in
1288 2697 1409 2759 theoria
1423 2699 1517 2774 Solis,

165 2815 217 2861 seu
241 2794 271 2854 iu
296 2791 414 2872 aequali
437 2790 548 2852 circulo
573 2788 631 2869 ipsi
655 2789 788 2868 epicyclo
807 2789 1001 2849 Ptolemaico.

251 2883 383 2945 Rursum
411 2878 503 2958 igitur
531 2877 719 2938 innuentibus
750 2877 854 2938 iisdem
886 2877 1004 2956 angulis
1032 2885 1064 2937 et
1094 2875 1225 2936 numeris
1249 2874 1518 2952 demonstrabitur,

144 2972 242 3057 'quod
265 2970 363 3032 lineae
386 2970 461 3042 All,
485 2969 559 3040 AT,
582 2967 655 3039 ΛΕ,
680 2964 734 3027 AS
757 2973 877 3045 praetor
901 2966 1068 3047 opinionem
1093 2964 1154 3026 siut
1177 2965 1360 3045 inaequales.
1410 2968 1517 3048 ltaque

163 3068 304 3143 punctum
327 3059 402 3120 illud
415 3056 585 3130 eccentrici,
609 3056 686 3116 uude
701 3055 857 3134 consurgit
878 3055 988 3118 Martis
1003 3065 1035 3117 et
1050 3055 1178 3117 omnium
1197 3054 1384 3134 planetarum
1406 3074 1516 3118 eccen-

164 3151 282 3214 tricitas
313 3148 407 3230 (quod
433 3148 495 3226 jam
523 3145 643 3226 ponitur
671 3145 701 3205 in
728 3143 808 3204 linea
838 3144 927 3205 medii
954 3154 1054 3206 motus
1083 3143 1165 3208 Solis
1195 3145 1357 3205 secundum
1386 3157 1518 3208 mentem

166 3241 311 3301 artificum
334 3238 492 3318 priorum),
516 3255 574 3296 oon
601 3233 787 3295 circumitio
812 3234 864 3297 illo
888 3235 999 3296 circulo
1022 3234 1093 3309 DC,
1117 3235 1198 3295 circa
1220 3233 1305 3312 cujus
1328 3243 1465 3297 centrum
1488 3238 1518 3298 A

167 3328 308 3408 aequales
332 3327 407 3388 facit
436 3325 563 3404 angulos
587 3323 763 3403 aequalibus
785 3325 987 3407 temporibus;
1018 3325 1071 3385 sed
1095 3324 1124 3385 in
1148 3322 1259 3385 circulo
1283 3324 1408 3399 11TES,
1433 3326 1518 3405 cujus

166 3427 298 3477 centrum
324 3439 342 3476 a
365 3419 390 3477 Β
414 3421 516 3476 centro
533 3412 692 3474 eceentrici
715 3411 797 3474 Solis
821 3412 920 3492 vergit
942 3414 971 3476 in
993 3422 1097 3494 partes
1112 3412 1289 3486 contrarias,
1314 3422 1348 3474 ut
1371 3414 1518 3477 hactenns

167 3526 271 3568 crassa
295 3505 432 3568 lllinerva
454 3524 492 3565 er
515 3502 589 3584 ipsis
612 3501 701 3563 lineis
724 3500 873 3582 apparuit.

752 3733 791 3741 ...-
801 3733 936 3742 --—--—-

709 3910 829 4009 Caput
855 3910 977 3985 XXV.

172 4076 227 4140 En
256 4076 357 4139 tribute
386 4074 547 4137 distantiis
572 4069 657 4134 Solia
680 4095 701 4134 a
724 4079 829 4135 centro
859 4073 985 4144 mundi,
1020 4073 1151 4153 capnitis
1179 4069 1258 4134 loeis
1277 4074 1346 4136 ‘suo
1375 4076 1517 4147 zodiaco,

335 4167 494 4248 inquirere
518 4182 693 4244 apopomm
716 4171 745 4225 et
766 4162 1020 4225 eccentricitotem
1045 4160 1131 4223 Solia
1152 4157 1200 4222 uel
1223 4162 1351 4224 Terrae.

260 4307 469 4379 Quantitatenr
493 4313 592 4366 autem
616 4306 849 4368 eceentriritatis
871 4314 903 4366 et
926 4304 1015 4366 situm
1039 4293 1166 4385 apbgaei
1189 4303 1321 4382 probabo
1340 4305 1406 4385 jam
1428 4325 1519 4387 porro

173 4401 203 4461 in
227 4397 315 4459 11111111
338 4395 449 4457 circulo
473 4394 608 4455 erunibus
631 4397 727 4456 tribus
752 4395 855 4456 formis
879 4403 959 4475 apto.
997 4394 1097 4456 Facile
1121 4393 1200 4454 enim
1223 4403 1359 4473 apparet,
1382 4398 1519 4459 rationes

174 4508 241 4547 esse
264 4484 469 4546 tantummodo
486 4485 657 4562 oppositas:
683 4493 715 4546 ut
739 4485 768 4545 io
793 4486 888 4546 lorma
903 4483 1109 4563 Copernicana
1132 4484 1211 4544 linea
1226 4482 1406 4561 longissima
1422 4486 1521 4563 serpit

175 4577 204 4637 in
221 4574 375 4645 Geminos,
401 4574 429 4633 iu
453 4573 576 4653 reliquis
600 4574 703 4635 formis
727 4574 822 4651 vergit
847 4575 875 4634 in
892 4574 1103 4652 Sagittarium:
1126 4575 1380 4653 proptereaquod
1400 4576 1518 4658 Caper.

175 4665 258 4726 nicus
282 4664 378 4725 visum
400 4682 507 4723 versus
530 4670 662 4723 centrum
685 4663 797 4741 dirigit,
821 4664 925 4744 reliqui
949 4684 969 4723 a
991 4672 1103 4724 centro.
1151 4663 1252 4734 Quare
1283 4663 1376 4725 etiam
1400 4664 1517 4747 Caper.

178 4754 261 4816 nicus
284 4763 369 4815 trans
393 4760 525 4813 centrum
549 4752 578 4813 iu
601 4761 704 4831 partes
728 4753 841 4813 zirdiaci
866 4754 986 4815 easdem
1009 4753 1105 4815 visum
1129 4752 1232 4832 dirigit
1254 4772 1320 4813 curn
1343 4757 1463 4817 ceteris.

269 4842 445 4927 Exponatur
468 4842 596 4905 circulus
609 4838 701 4918 θηοζ
723 4848 789 4918 (rig.
809 4847 855 4911 79)
878 4851 981 4905 centro
996 4843 1025 4921 β,
1049 4842 1154 4926 inquo
1174 4861 1194 4905 a
1211 4851 1354 4926 sowepto
1375 4856 1520 4930 punctos
