3368 5534
159 308 225 378 tat
753 304 918 379 memm-

162 488 283 574 pnnetis
296 489 343 566 Μ,
359 488 522 571 Ptotoqne
546 488 656 552 eironlo
673 507 734 570 per
755 488 809 551 illa
831 491 971 553 tradnoto
985 487 1041 551 Sol
1056 489 1161 552 ultimo
1181 498 1264 554 totns
1279 494 1375 557 videri
1394 504 1507 600 potest

161 580 279 644 Exinde
312 577 391 640 enirn
415 598 472 659 quo
496 579 593 660 magis
616 578 798 658 ingredimur
821 579 859 640 ad
882 579 1039 653 interiora,
1068 579 1127 659 hoo
1148 580 1217 660 plue
1240 582 1277 643 de
1300 583 1373 647 Sole
1399 582 1511 668 tegitur

164 668 309 743 aLnna,
344 667 442 748 quoad
473 676 595 731 ventum
617 668 710 730 fuerit
731 668 770 731 ad
794 667 937 731 eironlnm
957 687 1013 750 per
1034 669 1079 744 N,
1109 666 1272 750 Opnneta
1295 672 1435 750 ductum,
1464 677 1510 738 ubi

164 765 248 823 totns
271 755 326 819 Sol
349 757 413 836 tegi
436 755 549 838 ineipit
1094 793 1099 804 -

252 845 439 908 Definitio
462 844 519 909 lII.
564 845 701 908 Disene
730 845 869 908 Terrae
892 852 940 907 est
961 845 1091 908 oireulns
1113 865 1205 928 prope
1229 850 1377 914 maximus
1402 851 1511 914 illumi·

156 935 295 999 ·nationis
318 933 459 1010 Telluris,
483 954 571 996 axem
593 934 715 996 umbrae
729 935 841 996 Terrae
863 935 1153 1015 perpendiculariter
1168 955 1275 1001 secane
1292 958 1388 1020 prope
1404 942 1511 1003 Terrae

164 1032 308 1088 centrum
343 1023 454 1086 Discus
479 1022 597 1096 dieitur,
620 1023 690 1105 qnia
712 1023 850 1102 tingImus
874 1023 1060 1104 superficiem
1074 1025 1204 1089 Telluris
1226 1027 1431 1092 illuminatam
1444 1050 1512 1112 pro·

160 1113 275 1196 jeotam
298 1130 366 1175 esse
389 1112 419 1174 in
442 1112 564 1193 planum
588 1112 676 1192 hujus
700 1111 813 1174 eireuli.
876 1160 878 1169 .

682 1271 885 1333 Theorema
911 1270 997 1337 VIII.

105 1370 107 1376 ’
166 1378 336 1459 singulus
364 1376 580 1459 apparentis
609 1397 651 1440 ex
679 1385 812 1440 centro
840 1374 1274 1445 Terrae.semidiametri
1301 1381 1455 1445 luminis
1482 1383 1511 1446 in'

165 1469 249 1532 loeo
278 1467 463 1530 transitus
488 1467 612 1530 Lunae
635 1474 694 1529 est
716 1467 887 1570 aequalis
915 1468 1105 1547 parallaxi
1130 1470 1255 1533 Lunae
1287 1470 1512 1535 horizontali

422 1564 460 1617 et
482 1555 753 1618 semimuoroni
776 1555 921 1617 umbrae
944 1558 1088 1620 Terrae
1107 1557 1262 1638 junctis

140 1647 148 1665 ‘
254 1645 291 1708 In
319 1642 532 1706 schematet.
558 1645 600 1707 sit
629 1646 712 1708 loeus
735 1644 883 1707 transitus
907 1645 1012 1708 Lunae
1034 1665 1090 1728 per
1112 1649 1211 1711 lumen
1233 1650 1323 1726 HIT,
1355 1651 1403 1714 111
1426 1651 1512 1714 semi-

167 1735 315 1798 diameter
353 1733 482 1795 luminis.
547 1734 684 1800 Ducatnr
709 1733 781 1809 ΗΒ,
812 1734 871 1796 erit
897 1734 971 1798 IBH
998 1736 1161 1817 angulus
1152 1756 1182 1799 rn
1211 1748 1313 1801 centro
1343 1740 1512 1802 TerraeB.

167 1823 296 1906 Igitur
287 1843 318 1886 rn
341 1827 377 1892 Δ
400 1821 485 1888 ΗΟΒ
510 1831 558 1886 est
580 1824 653 1886 HBI
682 1824 877 1886 exterior:
900 1823 984 1888 BHO
1009 1823 1051 1905 -Ι-
1074 1825 1167 1901 ΒΟΗ,
1192 1827 1385 1890 interioribus
1408 1838 1442 1891 et
1459 1847 1512 1908 op·

167 1913 293 1994 positis;
330 1912 385 1974 sed
408 1912 493 1977 BHO
527 1911 557 1976 h.
585 1931 613 1974 e.
644 1910 728 1975 BHE
760 1920 809 1974 est
839 1912 1007 1994 parallaxis
1041 1914 1238 1978 horizontalie
1267 1916 1370 1997 prusti
1400 1918 1430 1979 Η
1466 1936 1513 1979 seu

172 2003 272 2067 Lunae
296 2002 326 2065 in
351 2020 396 2073 eo,
420 2011 452 2063 et
474 1999 559 2066 Bon
584 2010 632 2064 est
654 2001 831 2064 semimuero
856 2002 989 2065 umbrae.
1036 2001 1074 2074 Q.
1098 2003 1136 2065 Ε.
1160 2004 1199 2067 D.

707 2160 904 2224 Problema
925 2161 981 2225 111.
1058 2117 1087 2194 Ϊ

170 2268 284 2333 Datis
322 2268 583 2350 parallaxibus
619 2267 850 2331 luminarium
888 2277 924 2330 ot
952 2268 1230 2332 semidiametro
1268 2267 1374 2335 Solis
1406 2290 1513 2354 appa·

427 2359 537 2433 renti,
563 2357 731 2420 invenire
755 2356 1069 2421 semidiametrnm
1096 2358 1262 2420 luminis.

258 2447 310 2510 Ad
336 2446 507 2529 parallaxin
545 2448 648 2509 Lunae
676 2446 891 2509 horisontalem
918 2447 996 2509 adds
1028 2447 1135 2510 semid.
1159 2446 1242 2511 Solis
1266 2455 1515 2530 apparentem,a

172 2555 290 2600 summa
312 2536 397 2599 aufer
419 2536 589 2617 perallaxin
614 2535 710 2598 Solis:
734 2534 784 2596 vel
806 2534 885 2616 quod
908 2536 986 2598 idem
1010 2545 1067 2609 est,
1091 2536 1206 2616 eonjiee
1222 2537 1249 2598 in
1269 2554 1359 2599 unam
1374 2556 1514 2600 aummau

172 2625 342 2708 parallaxin
365 2625 470 2688 Lunae
494 2646 513 2686 a
536 2624 607 2689 Sole
632 2633 664 2686 et
687 2623 942 2693 semidiametrnm
966 2625 1062 2700 Solis,
1090 2624 1192 2707 prodit
1215 2626 1352 2708 utrinqne
1375 2627 1514 2690 semidia-

173 2723 269 2780 meter
291 2714 411 2778 luminis
434 2733 593 2796 apparens.
617 2713 704 2788 (vid.
728 2713 825 2795 probl.
849 2714 891 2788 I.)

701 2873 911 2936 Theorema
932 2875 988 2938 IX.

174 2981 380 3064 Duplieata
411 2982 533 3044 Lunae
561 2978 783 3062 parallaxis
806 2980 840 3042 in
869 2989 974 3044 eerta
997 2980 1185 3044 distantia
1208 2981 1335 3045 Lunae
1357 3003 1378 3046 a
1401 2985 1512 3047 Terra

228 3078 371 3154 aequat
400 3080 631 3152 apparentes
659 3069 693 3131 in
717 3069 848 3132 eadem
871 3069 1061 3133 distantia
1089 3091 1109 3132 a
1130 3071 1255 3134 Terra
1280 3073 1468 3137 semidia-

473 3166 621 3222 metros
649 3159 799 3221 umbrae
827 3159 968 3222 Terrae
1000 3168 1031 3222 et
1058 3160 1221 3224 luminis.

264 3248 344 3310 Nam
359 3247 582 3311 semidiameter
594 3247 714 3310 luminis
729 3248 848 3310 excedit
861 3248 1030 3329 parallaxin
1045 3249 1149 3312 Lunae
1165 3249 1380 3312 semimnerone
1391 3249 1516 3312 umbrae.

177 3341 235 3415 (th.
268 3336 375 3411 VIII.)
419 3339 465 3399 At
497 3336 718 3400 semidiameter
751 3337 872 3399 umbrae
899 3338 995 3400 minor
1021 3347 1070 3401 est
1104 3338 1207 3402 Lunae
1237 3339 1388 3420 parallaxi
1419 3340 1518 3402 eodem

177 3428 393 3493 semimnerone
418 3425 555 3489 umbrae:
575 3426 701 3506 junctae
724 3425 816 3506 igitur
838 3426 1051 3491 semidiametri
1065 3427 1186 3492 luminis
1205 3437 1237 3491 et
1254 3429 1377 3491 umbrae
1395 3437 1520 3510 aequant

178 3521 253 3582 duas
277 3515 449 3598 perallaxes
472 3515 586 3592 Lunae,
610 3535 736 3578 excessu
759 3524 969 3595 compensante
994 3517 1142 3580 deiectum
1165 3517 1332 3599 aequalem.
1369 3519 1454 3594 Ergo
1468 3519 1516 3580 tc.

177 3608 305 3672 Brevius
342 3622 380 3665 ex
413 3605 583 3668 schemate:
630 3604 704 3667 IBH
726 3613 849 3685 superat
870 3605 954 3669 ΒΗΕ
981 3608 1089 3689 angulo
1111 3605 1194 3671 BCE
1236 3625 1303 3669 oum
1326 3606 1422 3681 BHE,
1446 3605 1518 3669 ΒΓΕ

592 3691 676 3756 GBF
698 3703 856 3774 superator
878 3694 957 3758 ΒΓΕ
979 3696 1087 3777 angulo
1109 3694 1192 3759 BOE
1258 3695 1322 3758 sint
1348 3695 1498 3778 aequales.

718 3852 921 3917 Theorema
941 3852 982 3916 X

180 3962 353 4043 Angulne
377 3959 613 4042 apparentis
637 3959 917 4024 semidiametri
939 3960 1067 4023 Lunae
1091 3967 1284 4023 exoeutro
1299 3960 1442 4025 Terrae
1464 3969 1521 4025 eat

180 4049 368 4135 aequalis
388 4049 533 4130 junctis
558 4050 862 4125 semidiametris,
887 4047 991 4112 Solis
1015 4069 1057 4113 ex
1074 4059 1205 4113 eentro
1224 4050 1364 4113 Terrae
1388 4053 1463 4115 visi
1486 4060 1523 4114 et

224 4141 377 4204 umbrae
400 4138 528 4201 Lunae
553 4141 646 4218 apud
668 4149 839 4203 centrum
863 4138 1007 4201 Terrae
1031 4141 1144 4202 velut
1167 4157 1210 4201 ex
1233 4138 1334 4201 Luna
1357 4128 1486 4203 visae.

270 4230 305 4292 ln
338 4227 492 4293 schemate
522 4235 739 4293 connectantur
770 4235 883 4309 puncta
911 4227 951 4303 L,
979 4229 1014 4291 B
1060 4229 1183 4309 Ergo
1175 4247 1203 4289 ru
1228 4233 1264 4297 Δ
1286 4228 1369 4292 LRB
1394 4231 1523 4293 exterior

185 4321 254 4384 LBI
277 4324 327 4380 eet
349 4316 485 4397 aequalis
509 4317 701 4381 interioribus
725 4325 756 4379 et
778 4316 927 4397 oppositis
948 4317 1041 4392 BLR,
1064 4317 1157 4380 BRL.
1203 4315 1265 4379 Sed
1279 4317 1349 4380 Lm
1369 4328 1419 4381 est
1433 4319 1523 4381 semi-

185 4410 332 4471 diameter
364 4405 467 4467 Lunae
501 4424 539 4467 ex
566 4416 669 4470 centro
697 4408 808 4468 Terrae
836 4424 998 4486 apparens,
1037 4416 1068 4468 et
1089 4406 1187 4482 BLR,
1221 4405 1252 4467 id
1278 4414 1328 4468 est
1348 4405 1449 4482 BLO,
1479 4413 1524 4468 est

173 4497 289 4560 ¹semid.
320 4494 441 4557 umbrae
473 4495 638 4557 constitute
668 4495 704 4557 ad
733 4504 864 4557 nentrum
894 4496 1006 4556 Terrae
1027 4496 1054 4557 B
1077 4505 1109 4557 et
1135 4513 1284 4575 apparens
1307 4513 1345 4557 ex
1368 4495 1395 4558 L
1418 4507 1523 4576 puncto

186 4587 311 4649 Lunae:
335 4583 461 4664 deniqne
483 4582 577 4659 BRL,
601 4583 630 4647 h.
655 4603 681 4646 e.
705 4583 793 4647 ARD
817 4592 865 4647 eet
888 4582 1108 4646 semidiameter
1130 4584 1211 4647 Solle
1234 4602 1271 4645 ex
1293 4584 1448 4665 pnuotoR
1470 4604 1523 4665 ap·

185 4690 308 4754 pareus,
331 4671 411 4755 qnod
434 4689 552 4752 semper
575 4680 623 4733 est
644 4673 777 4753 proxime
800 4672 826 4735 B
850 4681 982 4735 nentrum
1005 4673 1126 4735 Terrae.
1172 4673 1253 4752 Ergo
1276 4673 1330 4735 be.
1362 4693 1391 4756 q.
1410 4694 1437 4737 e.
1451 4674 1480 4735 d.

278 4759 554 4825 Corollarium.
595 4759 720 4822 Summa
741 4761 1026 4825 semidiametrornm
1049 4759 1133 4824 Solis
1155 4770 1187 4822 et
1202 4761 1305 4824 Lunae
1318 4774 1430 4845 aequat
1443 4781 1520 4826 aum·

188 4862 270 4912 mam
293 4867 333 4912 ex
352 4846 503 4911 diametro
526 4847 608 4911 Solia
630 4846 903 4929 ethemidiametro
925 4850 1047 4914 umbrae
1069 4849 1184 4913 Lunae.
