3374 5528
447 110 478 163 de
496 109 686 165 commutaris
703 113 736 165 da
753 117 823 165 ructu
839 111 929 165 rtollaa
945 111 1044 165 116666.
1375 110 1418 179 35
1553 113 1555 116 ⁴

61 296 117 353 asc
165 286 398 357 1166666666
420 309 457 352 co
479 292 612 355 curando
635 292 704 355 dum
731 298 920 372 aegrotaret,
951 299 984 353 et
1005 291 1180 373 sepeliendo
1201 297 1320 357 mortuo
1343 310 1418 356 cou-

63 383 192 445 mua
239 377 314 443 ludo
345 398 441 460 usque
472 370 512 443 ad
544 380 636 445 ferias
666 379 834 445 Natalitias
864 364 960 460 relegi
990 378 1278 463 Progymasnrata,
1310 380 1420 465 scripsi

63 466 204 545 indicem,
226 466 352 548 concepi
374 476 474 543 notas,
498 489 623 551 quarum
644 470 763 552 aliquae
787 471 836 542 (nt
848 488 912 532 rem
926 469 1165 549 indignissimam
1177 469 1278 531 ‘obiter
1292 470 1418 545 addam)

64 556 273 619 6616666606
296 556 434 637 privatae
456 559 631 621 monitionis
655 579 748 621 causa
770 559 920 639 scriptae,
952 559 1142 639 postmodum
1163 578 1217 639 per
1247 556 1420 623 simultates

64 653 202 720 matres,
232 664 281 709 me
304 665 363 709 non
386 647 516 728 amplius
538 648 686 723 consulto,
710 649 832 710 fuerunt
854 648 898 709 ita
920 648 1037 712 nuditer.
1058 657 1090 710 et
1111 647 1253 722 cruditer,
1276 654 1311 709 ut
1332 655 1420 731 erant

67 753 152 797 ame
178 742 357 816 conceptae,
375 736 458 799 citra
480 756 597 799 omnem
619 737 833 801 necessitatem
854 738 1030 819 impressae,
1053 736 1190 812 consilio,
1213 744 1248 798 ut
1264 737 1359 817 ajunt,
1378 756 1420 801 ne

64 823 206 889 haberem
232 843 300 904 ogo,
322 844 381 906 quo
404 826 611 888 calumniarer.
648 827 824 891 Ubi-etiam
839 835 1031 908 praeceptum
1049 826 1081 889 in
1099 825 1302 907 computanda
1314 828 1419 889 Lunae

65 912 251 993 longitndine
275 933 313 975 ex
336 933 405 976 mea
425 934 521 995 prava
542 917 728 980 correctione
761 917 813 989 (06
845 937 904 998 qua
935 936 1018 978 eram
1049 914 1419 1001 seorsimdeliberaturue

66 1010 148 1065 extra
180 1002 360 1065 feminarum
392 1004 566 1084 strepitum:
603 1006 652 1069 cui
688 1006 733 1069 rei
769 1014 872 1077 notam
908 1006 948 1067 ad
979 1004 1145 1086 marginem
1175 1023 1353 1086 posueram,
1384 1010 1420 1069 61

19 1162 23 1167 ,
68 1090 192 1173 6661166
215 1110 307 1173 super
330 1109 366 1153 eo
389 1093 556 1156 conferrem
578 1113 645 1157 cum
667 1095 863 1170 haeredibus)
890 1113 938 1158 me
967 1114 1028 1158 nou
1049 1094 1179 1174 amplius
1201 1092 1339 1157 consulto
1362 1091 1421 1157 ruit

68 1199 254 1262 perversum:
278 1187 313 1243 ut
334 1181 423 1262 plane
446 1181 562 1244 habeas
584 1191 617 1245 tu
640 1185 688 1246 vel
711 1184 860 1248 Miillerus
881 1183 998 1266 potins,
1030 1183 1110 1266 quod
1140 1182 1215 1245 mihi
1245 1201 1300 1245 seu
1320 1182 1420 1263 magis

70 1269 272 1334 shuultatibus
294 1271 408 1333 uostris
432 1272 648 1336 succenseatis.
674 1270 677 1277 ’
925 1346 928 1351 ,
1354 1268 1358 1273 ’

146 1358 214 1423 Sed
238 1358 468 1438 regrediendum
489 1355 529 1423 ad
550 1361 637 1425 initia
659 1362 729 1425 anni
755 1357 855 1438 1602;
887 1361 929 1425 ibi
961 1370 997 1424 tu·
1016 1359 1079 1424 noli
1102 1360 1249 1424 rationem
1271 1361 1416 1441 temporis

71 1447 192 1529 erigere.
243 1446 341 1513 Crede
363 1449 451 1523 mihi,
484 1452 565 1531 quod
596 1451 675 1514 duos·
703 1449 838 1531 integros
870 1468 990 1515 menses
1013 1450 1122 1513 stando
1146 1448 1362 1513 consumserim
1385 1449 1416 1513 iu

72 1535 196 1619 equestri
217 1537 345 1617 palatio.
389 1539 471 1601 Nam
493 1548 610 1602 mortno
634 1540 775 1623 Tychoue
798 1535 850 1602 24.
876 1539 944 1603 061.
969 1531 1074 1611 (litor.)
1096 1537 1258 1603 Barwitius
1276 1533 1327 1601 26.
1346 1536 1416 1601 061.

72 1626 132 1689 nihi
152 1625 241 1687 ultro
264 1625 409 1689 salarium
433 1627 617 1692 Caesareum
640 1628 846 1704 annunciavit;
879 1629 910 1690 id
940 1637 975 1691 ut
1006 1629 1231 1692 confirmaretur
1257 1628 1421 1708 petendum
1525 1660 1527 1665 ·

73 1722 135 1787 arat,
158 1714 259 1777 donec
282 1712 449 1781 1660669.
464 1718 570 1780 Martii
593 1719 720 1799 primam
744 1718 847 1797 accepi
870 1718 1037 1799 pecuniam.
1080 1717 1177 1779 Paulo
1199 1723 1270 1797 post
1290 1716 1420 1805 migravi

74 1804 256 1879 Emauutem,
280 1804 372 1867 horae
394 1805 484 1869 unius
506 1806 615 1870 itinere
638 1807 788 1870 cursitans
812 1807 946 1888 quotidie
969 1807 1000 1869 16
1023 1806 1132 1868 66166.
1178 1805 1225 1868 Ibi
1247 1815 1311 1867 tum
1333 1804 1418 1886 coepi

74 1893 226 1955 obseram
250 1893 344 1956 6160
366 1895 501 1957 Martem
522 1897 637 1969 redire,
669 1897 845 1977 invenique,
876 1897 956 1958 viam
988 1896 1053 1976 ejus
1080 1913 1231 1957 6666666
1253 1894 1420 1974 perfectum

73 1981 282 2057 eccoutricum,
313 1982 369 2045 sed
399 1984 527 2047 ovalem.
573 1984 757 2066 Supervenit
778 1994 879 2047 antem
901 1983 1107 2065 Tengnaglins
1138 1989 1175 2045 61.
1202 1983 1317 2045 1666611
1347 1983 1418 2046 lites

72 2089 109 2132 ne
127 2071 211 2133 iuter
234 2078 266 2133 et
281 2071 493 2153 Tychcuianos
516 2075 591 2155 (qua
609 2073 640 2138 in
655 2094 687 2137 re
701 2074 909 2143 curiositatem
925 2074 979 2137 tibi
995 2093 1094 2136 meam
1109 2072 1237 2137 libenter
1252 2072 1360 2148 fateor,
1383 2079 1419 2135 ut

72 2158 132 2223 olim
147 2178 270 2241 quoque
286 2158 456 2235 inliteris),
479 2171 512 2225 61
524 2182 572 2226 66
587 2164 772 2245 quarundam
788 2162 1031 2226 observationum
1044 2181 1103 2224 uon
1119 2168 1237 2224 oratum
1254 2161 1420 2237 custodem,

71 2268 135 2330 quus
158 2246 221 2331 1661
244 2248 367 2335 quidem
398 2249 476 2313 citra
507 2252 600 2314 ullam
632 2252 869 2327 controversiam
896 2252 1023 2327 tradidi3
1057 2251 1112 2313 sed
1136 2248 1293 2313 'adventus
1324 2249 1421 2331 ipsius

70 2357 158 2401 meum
181 2337 331 2401 salarium
362 2359 508 2420 quassare
538 2340 706 2403 videbatur.
753 2343 858 2423 Itaque
887 2360 984 2405 novae
1017 2347 1101 2403 ortae
1134 2337 1366 2403 sollicitationes
1389 2346 1422 2402 61

69 2427 190 2509 danique
212 2444 265 2489 res
288 2445 324 2490 eo
347 2428 447 2503 rediit,
470 2437 505 2491 ut
522 2430 647 2509 juberer
660 2429 814 2493 nominare
828 2422 930 2495 studia
945 2449 998 2492 seu
1012 2432 1114 2511 opera,
1139 2447 1217 2509 quae
1236 2426 1420 2515 susciperem

67 2515 248 2597 6660616606
268 2534 324 2596 pro
347 2517 460 2580 salario
483 2537 560 2597 meo.
605 2520 733 2583 Factum
755 2519 787 2581 id
810 2527 858 2582 est
883 2514 976 2584 1602.
995 2513 1208 2601 Septembri.¹)
1241 2518 1419 2599 Nuucupavi

67 2604 280 2685 Aathuomiae
308 2613 425 2685 partem
449 2606 592 2688 Opticam
622 2608 663 2669 ad
695 2609 852 2690 sequentia
873 2608 1037 2682 Natalitia,
1071 2614 1103 2668 et
1126 2606 1349 2671 commentaria
1381 2607 1419 2669 de

25 2716 31 2729 ·
65 2694 193 2757 6611666
213 2693 390 2765 Martinam
413 2698 686 2778 sequensPas'cha.
734 2697 876 2778 Seposito
898 2698 990 2779 igitur
1004 2699 1105 2761 Marte
1128 2696 1224 2758 sumsi
1242 2694 1362 2776 Optica,
1389 2703 1422 2763 et

65 2804 127 2847 cum
144 2783 214 2863 jam
239 2782 277 2844 de
299 2783 461 2847 excusione
485 2805 617 2866 agerem,
640 2794 702 2849 166
726 2787 845 2849 demum
868 2788 953 2868 coepi
975 2787 1013 2848 de
1036 2805 1114 2849 novo
1131 2786 1310 2849 concinnare
1332 2804 1418 2865 6666,

64 2891 155 2955 nequa
177 2879 300 2935 tautum
314 2872 433 2953 aSept.
452 2870 546 2939 1602.
571 2876 602 2939 iu
616 2875 768 2939 Natalitia
794 2872 888 2952 1602,
914 2876 968 2938 660
990 2874 1022 2938 16
1044 2870 1415 2939 611666Ν616111161603.

10 2990 14 2999 ·
67 2962 107 3025 116
122 2960 307 3025 incumbere.
345 2961 389 3025 Iis
410 2963 556 3044 perfectis
581 2972 744 3045 occupatus
769 2966 812 3027 lui
835 2985 911 3046 pene
930 2966 987 3027 hoc
1009 2972 1074 3027 toto
1097 2959 1418 3044 66661601666616

64 3049 309 3133 typographicis,
339 3051 440 3133 itaque
473 3060 539 3116 toto
574 3048 672 3118 1603.
701 3054 754 3117 vix
775 3074 878 3136 parum
902 3054 1024 3134 respexi
1055 3053 1095 3115 60
1117 3053 1266 3127 Martem,
1299 3051 1432 3115 condidi·
1475 3126 1478 3130 A

64 3150 161 3203 tamen
173 3138 418 3221 Ephemeridad
428 3149 460 3203 et
473 3143 585 3206 tradidi
602 3162 669 3206 cnm
679 3142 808 3223 Opticis,
825 3145 974 3225 etiamque
989 3143 1073 3205 illam
1086 3148 1222 3204 nostram
1234 3139 1416 3216 Pandoram,

65 3227 361 3293 marmaricam
383 3230 451 3294 dico
466 3232 639 3308 Lumrium,
662 3231 798 3312 interjeci
813 3232 966 3297 mensibus
980 3231 1105 3306 Martio,
1127 3229 1228 3311 Aprili
1246 3236 1279 3292 et
1299 3229 1416 3292 duobus

65 3318 128 3383 eliis
150 3318 185 3381 in
206 3318 348 3400 plenaria
369 3319 566 3385 adornatione
590 3329 622 3383 61
640 3321 841 3402 descriptione
857 3321 1031 3385 consumtis.
1067 3320 1117 3385 Ab
1131 3318 1217 3381 initio
1232 3319 1302 3381 anui
1320 3314 1413 3391 1601.

65 3396 134 3473 retii
155 3408 200 3471 ad
220 3408 357 3471 Martem
379 3417 411 3472 et
434 3409 659 3475 Commentario
682 3410 789 3493 scripsi
796 3431 806 3487 ;
840 3411 928 3475 simul
959 3410 1079 3475 tabulas
1102 3408 1416 3490 proathaphaereseou

66 3496 141 3561 orbis
173 3497 269 3561 annui
299 3498 458 3579 generales
491 3507 523 3563 et
553 3501 716 3581 cuicunque
754 3500 939 3564 restitutioni
971 3508 997 3572 ὀ
1029 3506 1135 3580 66166,
1173 3498 1263 3561 61661
1293 3498 1415 3561 tabulas

67 3586 240 3669 prostbaph.
266 3605 305 3650 ex
326 3588 488 3669 hypothesi
510 3589 646 3671 physica,
669 3589 730 3665 ubi,
754 3591 862 3653 credas
883 3588 967 3667 mihi,
990 3587 1171 3671 quadragies
1191 3585 1345 3649 minimum
1358 3606 1415 3650 usu

67 3676 150 3753 66611,
174 3672 612 3757 616661616166666066
644 3678 780 3760 operatio
812 3680 1028 3742 traduceretur.
1073 3678 1153 3741 Nam
1182 3676 1228 3738 rei
1259 3675 1414 3739 subtilitas

67 3782 118 3829 uon
137 3774 319 3847 66166666,
341 3784 396 3846 per
418 3767 512 3829 denos
535 3775 700 3831 66166666
723 3768 835 3848 gratim
857 3769 980 3831 saltare.
1019 3766 1117 3830 Simul
1129 3772 1230 3829 antem
1245 3772 1277 3827 et
1291 3784 1413 3847 operam

68 3852 164 3919 libaria
185 3852 271 3929 0601,
293 3855 441 3939 geuniquo
463 3856 589 3919 tiliolum
600 3858 803 3933 Fridoricum3
827 3857 915 3921 simul
934 3865 966 3920 61
985 3856 1122 3921 bimestri
1145 3863 1279 3936 tempore
1302 3872 1413 3934 aegro-

69 3943 124 4007 tari
145 3953 182 4007 et
202 3963 266 4007 uua
295 3962 388 4021 uxor3
421 3945 511 4009 simul
542 3965 621 4009 uova
651 3947 743 4009 stella
774 3954 880 4011 exorta
911 3945 1125 4029 occupationes
1156 3944 1275 4027 peperit
1281 3962 1291 4018 ;
1324 3942 1413 4007 simul

69 4032 190 4114 migravi
202 4032 233 4095 in
243 4031 336 4097 nimis
347 4034 529 4117 longinquas
544 4036 646 4112 66066,
660 4045 691 4099 61
704 4035 788 4098 61116
802 4036 865 4099 alia
878 4036 1001 4117 negotia
1014 4034 1182 4099 domestica
1195 4040 1227 4096 61
1240 4033 1271 4096 16
1280 4031 1414 4114 Styriam

71 4123 245 4204 6616116666
265 4121 323 4187 tibi
344 4132 500 4206 comperta
520 4145 580 4189 uon
599 4133 677 4203 sunt,
701 4126 800 4191 aulica
814 4144 852 4186 ex
867 4124 1055 4207 Tengnaglio
1069 4125 1169 4187 discas
1182 4131 1263 4205 6616.
1302 4120 1412 4194 Credo,

70 4212 140 4293 quod
162 4210 323 4277 dimidium
344 4214 488 4295 temporis
511 4214 649 4296 eripiant.
695 4216 765 4279 Jam
787 4215 859 4297 quid
882 4215 922 4278 sit
945 4215 1084 4277 effectum
1105 4212 1183 4276 vide.
1229 4210 1326 4275 Ovale
1354 4209 1413 4299 iter

71 4308 163 4383 dpor
184 4322 294 4367 auram
316 4302 488 4367 aetheream
510 4311 559 4366 est
581 4312 733 4369 constans.
781 4302 884 4369 Causa
905 4303 1061 4366 ovalitatis
1080 4303 1200 4365 titubat.
1246 4300 1313 4380 Ego
1336 4298 1411 4361 hac·

72 4398 150 4455 tcuss
171 4411 300 4457 666666
321 4392 411 4457 attuli
433 4393 542 4469 talem,
575 4412 612 4455 ex
644 4412 704 4475 qua
735 4393 885 4475 sequitur,
916 4394 1086 4474 ingressum
1108 4400 1134 4463 ό
1156 4413 1176 4453 6
1204 4388 1315 4452 circulo
1343 4406 1411 4451 esse

77 4474 151 4545 idm
162 4482 201 4545 de
217 4470 362 4559 152500,
375 4502 463 4565 quem
477 4482 529 4545 ubi
544 4483 628 4565 coepi
643 4483 809 4554 illustrare·
825 4502 885 4546 non
900 4482 1018 4545 invenio
1034 4481 1177 4561 majorem
1191 4474 1257 4543 800
1272 4472 1409 4542 661900.

79 4565 288 4654 Comprehendi
309 4580 413 4639 lamen
435 4570 475 4636 ⁵1
502 4571 651 4655 capitibus
674 4573 775 4635 omnia
797 4591 872 4654 quae
896 4573 1053 4654 explorata
1075 4569 1181 4631 habeo.
1228 4565 1263 4630 Si
1290 4565 1411 4642 moriar,

10 4694 13 4723 r
81 4658 131 4723 trio
150 4660 225 4726 haee
249 4663 353 4726 omnia
374 4660 538 4727 utilissima
560 4662 660 4726 futura
675 4661 800 4725 ulterius
818 4679 1026 4743 progressuro.
1064 4658 1187 4723 Summa
1209 4657 1302 4723 haec:
1325 4658 1412 4723 Mars

10 4744 14 4783 l
1161 4758 1200 4814 ³⁸
