3368 5534
169 260 220 331 50·
585 236 806 351 lmulbssepleri
824 262 976 331 aliorumque
994 267 1096 314 mutuae

257 442 346 515 Vale,
371 448 404 504 et
425 460 478 503 oro
501 449 532 504 te
555 439 695 517 rescribe,
720 449 753 503 ut
775 440 990 504 recreationem
1013 440 1139 503 habeam
1163 458 1201 503 ex
1223 438 1364 503 lectione.

256 527 287 597 8.
312 530 385 594 Feb.
414 526 508 595 1601.
553 531 681 608 Pragae.
784 586 787 593 .

613 620 651 683 11.
677 620 711 681 Τ.
741 616 873 681 Gratias.
897 616 1070 697 Discipulus

1132 706 1176 769 M.
1200 707 1235 771 J.
1258 704 1428 793 Keplmss.

255 815 357 883 Propius
375 814 464 867 Martis
483 815 602 867 meoriam
621 812 936 948 attinguntShaellieplgi
953 813 1059 863 literae:

256 974 433 1039 Clarissima
456 973 510 1050 vir,
534 971 718 1055 Praeceptor
739 974 923 1038 honorande.
970 971 1057 1045 Quod
1086 979 1170 1033 tanto
1202 979 1336 1052 ternpore
1361 980 1464 1049 taces,
1488 974 1516 1036 id

167 1085 212 1127 me
237 1065 355 1127 omniuo
379 1064 500 1126 credere
519 1064 619 1145 jubet,
645 1074 676 1127 te
700 1084 821 1129 causam
845 1063 965 1126 tacendi
989 1061 1182 1133 confinxisse,
1207 1081 1294 1141 quam
1318 1062 1433 1125 ultimis
1458 1065 1516 1125 tuis

165 1153 262 1215 literis
285 1152 356 1216 mibi
379 1153 569 1232 exprobrasti
589 1161 623 1223 (r.
643 1162 699 1211 vol
719 1161 752 1219 11,
772 1178 795 1227 p.
818 1157 873 1223 1³).
919 1151 986 1233 Ego
1010 1150 1099 1212 rebus
1128 1151 1203 1211 meis
1226 1150 1257 1212 in
1286 1151 1377 1213 alium
1401 1159 1516 1215 statum

165 1242 390 1305 transeuntibus
414 1261 472 1303 non
497 1242 652 1315 desistam,
678 1243 776 1323 quoad
799 1261 903 1304 vocem
927 1241 982 1302 tibi
1007 1258 1193 1319 expressero.
1232 1239 1313 1302 Nam
1335 1239 1409 1303 mihi
1434 1251 1515 1304 certe

164 1351 222 1394 non
247 1330 306 1392 alio
340 1339 473 1409 tempore
505 1331 602 1410 magis
636 1342 688 1392 tua
720 1351 812 1410 opera
840 1340 872 1392 et
898 1328 1087 1392 institutione
1123 1347 1197 1406 opus
1226 1328 1292 1391 fuit.
1340 1328 1515 1409 'l'ychonem

164 1418 308 1483 inaudisti
331 1430 489 1481 mortuum.
528 1417 645 1482 Caesar
664 1440 764 1482 curam
778 1421 1043 1483 instrumentorum
1062 1426 1093 1478 et
1107 1416 1349 1496 imperfectorum
1364 1417 1515 1500 Tycbonis

164 1509 328 1572 studiorum
353 1507 424 1571 mihi
448 1509 600 1591 imponere
624 1509 766 1584 decrevit,
791 1509 933 1570 salarium
956 1506 1027 1569 mihi
1059 1505 1266 1580 denunciavit,
1289 1515 1395 1585 petere
1422 1508 1515 1586 jussit

165 1599 297 1678 aliquam
320 1616 477 1661 summam.
515 1597 596 1661 Usus
611 1617 666 1679 ego
686 1598 819 1660 consiliis
843 1598 977 1671 aliorum,
1003 1595 1081 1676 quod
1095 1615 1194 1657 meam
1213 1595 1332 1674 quidem
1355 1615 1514 1676 personam

166 1688 286 1762 attinet,
311 1705 458 1749 summam
481 1686 606 1750 arbitrio
624 1686 766 1751 Caesaris
789 1685 933 1760 commisi,
958 1685 1036 1765 quod
1060 1703 1130 1746 vero
1154 1683 1369 1764 perfectionem
1393 1704 1514 1767 operum

166 1774 332 1858 Tychonis,
366 1794 488 1855 qunmm
521 1775 679 1856 potissimo
702 1776 789 1841 virus
812 1775 1041 1838 Tabularum
1064 1773 1385 1852 Rodolphaearum
1408 1793 1513 1837 nomeu

166 1864 247 1937 iecit,
272 1863 425 1926 dimidiam
439 1864 591 1944 Tychonis
614 1885 757 1929 summanr
782 1884 823 1928 sc.
852 1861 936 1928 1500
951 1864 1079 1925 florenos
1104 1882 1217 1925 anuum
1239 1862 1324 1942 petii,
1349 1863 1512 1942 pollicitus,

165 1953 193 2016 si
209 1953 324 2018 Caesar
343 1963 425 2015 totos
444 1948 531 2019 3000
546 1954 732 2036 Tychouicos
752 1955 815 2030 det,
834 1973 881 2016 me
904 1953 978 2014 bene
1002 1952 1216 2014 collocaturum
1240 1951 1366 2013 adscitis
1390 1952 1514 2033 collegis

165 2050 197 2103 et
227 2042 461 2105 calculatoribus
494 2051 525 2104 et
560 2043 717 2124 exquisitis
753 2044 908 2105 doctorum
941 2040 1084 2103 consiliis.
1140 2040 1330 2119 Responsum
1364 2042 1513 2121 quoduam

165 2133 296 2194 futurum
329 2131 385 2206 sit,
417 2140 535 2211 tempus
567 2131 742 2212 patefaciet.
789 2132 855 2212 Ego
880 2133 984 2210 plenus
1009 2148 1062 2209 spe
1089 2149 1164 2190 sum.
1211 2130 1291 2193 Narn
1321 2129 1348 2191 si
1380 2129 1456 2192 milri
1479 2130 1513 2192 de

162 2214 274 2303 pu'tiori
297 2220 380 2281 Deus
403 2220 568 2300 prospexit,
593 2221 630 2281 de
655 2221 781 2283 materia
805 2240 847 2282 sc.
864 2218 1023 2280 exercendi
1046 2219 1166 2298 ingenii,
1191 2219 1292 2298 utique
1316 2226 1347 2278 et
1371 2218 1407 2279 de
1433 2238 1513 2283 sum-

162 2309 245 2373 tibus
268 2308 442 2389 prospiciet.
480 2308 626 2388 Adeoque
650 2311 676 2371 si
691 2310 756 2372 Deo
779 2329 868 2370 curae
893 2316 940 2369 est
963 2308 1158 2375 astronomia,
1183 2308 1260 2386 quod
1284 2304 1407 2369 credere
1432 2308 1512 2393 pium

164 2406 229 2472 est,
258 2397 325 2477 jam
348 2415 403 2476 ego
436 2415 541 2476 spero,
576 2417 623 2460 me
648 2399 676 2460 iu
701 2418 737 2460 ea
760 2398 872 2478 aliquid
903 2397 1135 2476 praestiturum,
1167 2416 1233 2458 cum
1263 2394 1401 2469 videam,
1427 2416 1514 2478 quam

164 2485 300 2549 fataliter
330 2504 376 2549 me
401 2487 533 2567 Tychoni
558 2486 641 2548 Deus
672 2486 845 2566 adjunxerit
876 2506 930 2548 nec
962 2483 1151 2566 gravissimis
1183 2484 1378 2547 incommodis
1411 2486 1452 2548 ab
1480 2505 1513 2548 eu

163 2574 266 2638 divelli
290 2593 399 2656 passus
422 2575 471 2639 sit.
510 2574 611 2657 Tycha
636 2596 711 2656 quae
735 2575 898 2655 praestitit,
923 2583 993 2636 ante
1013 2593 1121 2635 anuum
1145 2570 1199 2637 97.
1222 2574 1389 2654 praestitit,
1415 2574 1457 2636 ab
1480 2595 1513 2637 eo

164 2672 299 2743 ternpore
323 2681 371 2725 res
394 2664 459 2742 ejus
483 2663 512 2725 in
532 2664 617 2743 pejus
641 2684 738 2736 ruere,
763 2665 828 2744 ipsc
843 2663 922 2725 curis
948 2661 1124 2725 immanibus
1149 2663 1295 2735 distineri,
1323 2682 1512 2743 puerascere.

163 2752 269 2817 Patria
292 2752 513 2815 inconsiderate
537 2753 660 2815 deserta
683 2753 779 2834 ipsum
804 2753 932 2816 afflixit:
958 2754 1027 2813 aula
1050 2752 1126 2812 haec
1148 2752 1237 2831 plane
1261 2751 1405 2831 perdidit.
1447 2752 1513 2814 Non

163 2843 333 2905 eratenim
357 2841 393 2916 is,
419 2842 548 2922 quicum
572 2861 719 2923 quoquam
743 2843 843 2904 rivere
860 2841 925 2904 sine
949 2840 1137 2921 gravissimis
1161 2839 1376 2904 offensionibus
1400 2854 1513 2923 posset,

163 2932 273 2994 nedum
296 2950 363 2994 cum
385 2938 490 2992 tantae
515 2932 721 3012 amplitudinis
745 2931 827 3002 riris,
852 2931 897 2992 sui
921 2930 978 2992 sibi
1001 2930 1140 3000 consciis,
1165 2938 1323 3009 regum'et
1346 2928 1513 3011 principum

163 3018 297 3082 arbitris.
327 3019 539 3103 ,Tychonicum
563 3039 635 3100 opus
657 3020 785 3084 omnium
808 3019 1104 3101 praestantissimum
1123 3028 1193 3081 suut
1216 3018 1513 3095 observationes,

164 3108 291 3171 totidem
319 3106 395 3187 justi
429 3107 514 3182 libri,
549 3119 621 3189 quot
645 3109 730 3172 annis
754 3109 822 3171 huic
855 3108 949 3171 labori
979 3107 1120 3188 praefuit.
1166 3107 1244 3169 Dein
1266 3109 1511 3189 Progymnas-

164 3206 260 3260 mata
283 3193 328 3279 (in
354 3216 390 3258 eo
413 3198 521 3260 stellae
545 3200 632 3274 fixae,
658 3208 757 3261 motus
773 3198 854 3261 Solis
869 3206 900 3258 et
915 3198 1017 3259 Lunae
1039 3198 1077 3258 ad
1097 3206 1202 3258 nostra
1225 3199 1376 3276 tempora)
1401 3215 1513 3260 meram

164 3287 282 3365 spirant
305 3286 493 3349 ambrosiam.
533 3286 628 3367 Spero
642 3289 827 3367 proditumm
851 3286 1032 3350 instantibus
1056 3286 1204 3348 nundinis.
1242 3285 1321 3347 Nam
1342 3284 1372 3347 id
1393 3295 1513 3349 strenue

164 3392 286 3455 operam
309 3375 357 3449 do,
382 3374 509 3438 indicem
532 3378 619 3439 facio.
659 3375 745 3449 Quae
764 3377 899 3439 Lunam
923 3375 1064 3450 attinent,
1089 3395 1181 3455 opera
1199 3372 1387 3455 potissimum
1412 3376 1513 3456 cujus-

165 3464 235 3526 dam
260 3461 426 3527 Christiani
451 3463 589 3528 Severini
612 3465 900 3545 Longimontaui
924 3464 1003 3526 Dani
1035 3463 1082 3526 his
1113 3464 1224 3526 ultimis
1257 3462 1344 3526 aunis
1374 3464 1515 3527 confecta

165 3560 243 3627 sunt,
269 3553 385 3614 clarum
415 3562 538 3617 tenente
562 3556 712 3638 Tychone.
760 3556 843 3617 Haec
868 3573 925 3616 non
956 3561 1185 3632 repraesentant
1216 3572 1282 3614 eam
1311 3551 1514 3627 divinitatem,

166 3659 243 3723 quae
267 3641 367 3703 estin
393 3639 475 3705 Solis
498 3644 624 3707 theoria.
671 3646 717 3706 De
742 3642 903 3706 Cometis
932 3641 1039 3704 librum
1063 3642 1152 3704 alium
1180 3642 1345 3723 scriptume
1369 3650 1453 3717 erat,
1479 3642 1515 3706 de

164 3730 333 3811 planetis
348 3731 483 3793 omnibus
502 3733 674 3795 doctissime
690 3740 720 3795 et
736 3731 964 3814 diligentissime
979 3740 1196 3794 commentatus
1212 3742 1273 3793 est:
1290 3731 1344 3793 sed
1358 3730 1422 3794 fere
1433 3751 1515 3795 more

166 3819 352 3882 Ptolemaiou
382 3821 507 3883 mutatis
538 3823 707 3896 mutandis,
738 3831 772 3883 ut
803 3830 834 3884 et
858 3820 1041 3902 Copernicus
1076 3821 1155 3883 fecit.
1203 3820 1336 3895 Videas,
1367 3822 1515 3901 quomodo

164 3908 250 3972 Deus
274 3907 430 3990 dispenset
452 3931 508 3972 sua
531 3911 622 3985 dona,
656 3931 711 3973 nec
735 3911 835 3973 omnia
864 3910 1014 3991 possimus
1038 3930 1149 3973 omnes.
1195 3909 1308 3991 heho,
1334 3911 1413 3992 quod
1435 3910 1514 3995 Ilip-

166 3997 317 4080 parcbus,
348 3998 438 4072 fecit,
463 4019 482 4060 a
507 4000 707 4063 fundamentis
738 3999 865 4063 aedificii
898 4007 961 4074 est,
995 3999 1127 4062 laborem
1152 3998 1319 4061 exantlavit
1342 3998 1514 4063 maximnm.

165 4086 232 4151 Non
257 4085 358 4149 omnia
388 4106 548 4167 possumus
579 4109 691 4153 omues.
737 4089 902 4152 Desiderat
923 4088 1113 4169 Hipparchus
1144 4087 1193 4150 ille
1216 4087 1440 4163 Ptolemaeum,
1466 4088 1515 4171 qui

164 4175 297 4256 reliquos
321 4172 341 4238 5
364 4176 505 4256 planetas
529 4187 767 4259 superexstrnat.
814 4180 892 4241 Dum
915 4177 992 4240 viria
1021 4179 1094 4241 haec
1122 4176 1273 4257 praestiti.
1321 4176 1515 4240 Theoriam

166 4264 305 4327 Martis
335 4267 486 4341 exstruxi,
521 4275 553 4328 ut
576 4287 682 4331 sensus
711 4266 910 4330 subtilitatem
940 4267 1028 4330 facile
1061 4269 1283 4348 adaequatums
1306 4265 1348 4327 sit
1370 4265 1514 4329 calculus.

166 4351 279 4431 Causa,
305 4373 357 4417 cur
380 4353 548 4418 incertioris
572 4364 669 4419 motus
693 4356 825 4420 creditus
849 4357 903 4430 sit,
928 4378 986 4420 non
1011 4365 1058 4419 est
1081 4356 1124 4419 illi
1148 4354 1327 4435 peculiaris,
1352 4354 1407 4418 sed
1431 4374 1516 4419 com-

166 4443 263 4506 munis
286 4442 423 4505 omnibus
445 4445 587 4526 planetis,
613 4446 641 4508 in
665 4446 731 4526 ipso
751 4465 821 4508 reru
845 4446 1081 4539 evidentissima.
1119 4445 1251 4508 Primum
1275 4444 1354 4506 linea
1377 4444 1517 4526 apsidum

168 4532 269 4595 orbem
293 4532 358 4614 eJ'ns
391 4533 537 4597 hactenus
560 4555 616 4597 non
647 4534 743 4597 secuit
775 4536 920 4610 mediur'n,
954 4537 1162 4616 trajiciebatur
1195 4535 1274 4595 enim
1297 4551 1351 4614 per
1381 4542 1517 4599 centrum

168 4621 327 4701 aequantis
351 4629 382 4684 et
405 4633 541 4686 centrum
564 4623 692 4705 putatiri
716 4623 797 4686 orbis
820 4626 931 4705 magni.
969 4625 1014 4688 At
1035 4645 1107 4686 vera
1131 4624 1280 4704 trajicitur
1302 4641 1356 4705 per
1378 4632 1516 4687 centrum

169 4712 327 4789 aequantia
351 4719 382 4774 et
405 4711 508 4777 Solem
541 4713 647 4794 ipsum.
695 4713 744 4774 lta
767 4723 902 4776 centrum
933 4714 1090 4778 eccentrici
1123 4720 1224 4794 (quem
1247 4715 1309 4795 jam
1342 4711 1516 4792 imagineris

171 4816 251 4863 more
274 4801 474 4877 Ptolemaico)
507 4801 586 4867 inter
614 4810 756 4883 punctum
786 4805 951 4888 aequantia
971 4812 1004 4867 et
1031 4802 1134 4867 Solem
1165 4812 1229 4880 est,
1259 4820 1326 4867 curn
1355 4810 1517 4884 putaretur
