3368 5534
166 287 231 360 318
642 252 687 343 Ite
705 290 813 344 Motibus
831 290 926 344 Stellae
942 289 1033 346 Marus

166 468 261 535 munis
284 488 323 531 ex
345 466 433 544 Sole;
457 469 526 549 quia
549 469 597 531 hic
616 469 788 533 necessario
811 470 932 552 ponitur
950 471 1055 534 eadem
1078 471 1207 534 intensio
1221 477 1254 535 et
1275 468 1414 536 remissio
1438 470 1515 534 ima·

165 559 282 641 ginaria
304 566 402 621 motus
426 558 552 642 epicycli
574 559 751 640 imaginarii,
776 579 852 642 quae
874 570 973 624 motus
997 559 1060 623 veri
1079 562 1255 637 eocentrici;
1279 580 1358 643 quae
1372 568 1444 623 snut
1467 559 1514 623 io·

166 648 357 713 credibiliora
390 668 477 728 qnam
508 648 622 728 priora,
656 651 704 710 ubi
729 659 827 712 motus
860 650 993 730 corporis
1021 668 1088 713 com
1119 651 1244 732 epicycli
1276 651 1326 712 rel
1359 650 1518 713 eccentrici

165 738 335 819 cognitione
351 738 527 817 conjunctus
543 738 607 800 fuit.
649 740 766 819 Itaque,
791 759 866 821 qnae
882 740 923 802 ibi
938 740 1092 822 disputata
1110 748 1181 802 sunt
1197 747 1313 816 corba,
1337 740 1388 803 bic
1403 740 1516 803 intelli·

167 836 275 911 gantur
298 827 443 905 repetita;
466 846 543 907 pene
567 847 596 888 n.
620 828 790 890 coincidunt
812 830 992 894 sententiae.

256 916 299 979 Et
321 919 422 977 tamen
446 916 476 978 in
489 915 615 997 penuria
638 918 770 979 melioris
794 919 962 981 sententiae
987 919 1017 981 in
1039 935 1184 999 praesens
1200 916 1286 979 nobis
1301 924 1352 978 est
1375 916 1515 998 acquies-

166 1006 292 1068 cendum
321 1004 351 1066 in
384 1005 450 1066 hac.
496 1003 582 1076 Quae
621 1025 678 1086 quo
710 1008 798 1086 plura
829 1007 962 1070 absurda
998 1005 1139 1081 involvit,
1172 1005 1229 1067 hoc
1260 1004 1406 1068 libentius
1440 1004 1517 1066 infra

166 1114 233 1177 cap.
252 1093 321 1156 LII.
341 1092 484 1176 physicus
501 1094 609 1177 aliquis
634 1096 784 1172 admittet,
803 1099 883 1178 quod
906 1096 1206 1162 observationes
1229 1094 1435 1169 testabuntur,
1460 1095 1517 1157 iter

165 1185 307 1264 planetae
330 1201 388 1246 non
413 1203 479 1246 esse
503 1184 654 1247 circulum.

251 1273 292 1335 Il.
339 1271 460 1335 Dictum
483 1282 533 1334 est
561 1275 707 1336 hactenns
731 1274 768 1335 de
796 1294 949 1345 mensura,
979 1293 1055 1354 quae
1080 1274 1205 1336 sormam
1228 1272 1318 1353 buius
1346 1271 1516 1334 librationis

164 1360 305 1444 respicit:
330 1370 427 1425 restat
441 1371 474 1424 ut
490 1372 521 1425 et
535 1382 704 1425 mensuram
718 1363 806 1443 hujus
830 1383 997 1436 mensurae,
1020 1362 1137 1425 seilicet
1153 1360 1334 1444 quantitatis
1348 1380 1404 1423 sen
1418 1368 1514 1423 motus

163 1472 217 1535 per
242 1453 338 1513 lecum
362 1451 552 1533 inquiramus.
587 1453 651 1515 Neo
676 1453 753 1515 enirn
777 1453 853 1514 satis
871 1463 933 1526 est,
957 1452 1034 1514 scire
1057 1452 1223 1532 planetam,
1247 1458 1392 1531 qnantum
1416 1450 1515 1512 absis·

166 1555 231 1603 tere
263 1540 373 1601 debeat
395 1562 414 1602 a
437 1541 524 1603 Sole:
559 1543 627 1622 quin
652 1549 683 1602 et
706 1543 761 1603 hoc
793 1542 968 1623 requiritur,
1003 1550 1037 1602 ut
1058 1541 1154 1613 sciat,
1185 1541 1255 1621 qnid
1288 1540 1406 1602 iaciens
1434 1540 1515 1619 justo

165 1629 325 1693 intervallo
350 1630 490 1693 absistat.

254 1715 351 1789 Quem
381 1720 472 1800 igitur
500 1720 561 1781 ista
591 1719 756 1800 suppositio
785 1717 900 1780 itineris
931 1718 1065 1798 perfecte
1095 1717 1250 1782 circularis
1273 1737 1310 1780 eo
1333 1715 1456 1797 adegit.
1487 1724 1517 1778 nt

165 1820 296 1871 mentem
310 1808 340 1871 in
363 1810 488 1889 planeta
503 1809 675 1880 collocaret,
700 1827 775 1889 qnae
792 1807 860 1870 huic
884 1807 1035 1870 librationi
1058 1808 1255 1889 praesideret,
1279 1808 1307 1869 is
1321 1806 1405 1868 aliud
1421 1805 1516 1867 dicero

161 1918 220 1960 non
243 1897 364 1977 poterit,
390 1918 479 1980 qnam
502 1899 567 1966 hoc,
593 1899 741 1979 respicere
765 1907 894 1960 mentem
918 1898 1059 1977 planetae
1074 1898 1113 1959 ad
1137 1897 1275 1959 diametri
1299 1894 1385 1958 Solis
1409 1893 1515 1974 ampli·

164 1987 298 2048 tudinem
322 1998 506 2050 crescentem
531 1995 562 2048 et
576 1987 808 2062 decrescentem,
834 1995 865 2048 et
888 1987 943 2048 hoe
968 2006 1052 2049 usam
1075 1986 1160 2067 signo
1184 1985 1364 2065 intelligere,
1390 1994 1516 2064 quantas

163 2075 275 2138 aSole
301 2077 434 2138 effecerit
464 2077 596 2157 quolibet
626 2086 758 2156 tempore
781 2076 913 2156 corporis
943 2077 988 2138 sui
1019 2076 1192 2138 distantias.
1239 2073 1320 2146 Quia
1347 2082 1383 2136 ut
1409 2082 1516 2135 nauta

162 2184 220 2227 non
245 2176 372 2244 possunt
396 2166 562 2244 intelligere
579 2185 615 2226 er
639 2166 705 2245 ipso
728 2166 812 2239 mari,
837 2174 980 2245 quantum
1003 2167 1148 2227 nndamm
1171 2164 1303 2246 spatium
1324 2161 1516 2235 confecerint,

162 2274 198 2316 eo
223 2254 301 2334 quod
333 2255 390 2317 iter
413 2256 486 2318 illnd
511 2254 600 2316 nullis
628 2255 670 2316 sit
697 2254 869 2316 distinctum
900 2255 1059 2330 limitibus,
1092 2255 1146 2316 sed
1176 2255 1222 2317 vel
1254 2272 1291 2316 ex
1319 2251 1517 2314 diuturnitate

164 2343 383 2422 navigationis,
417 2345 443 2406 si
474 2354 580 2404 ventus
605 2353 635 2405 et
664 2345 743 2404 unda
770 2352 945 2405 constantes
975 2345 1154 2413 manserint,
1189 2352 1221 2405 et
1249 2342 1337 2405 naris
1370 2358 1516 2422 nunquam

167 2432 330 2512 quieverit,
359 2434 406 2495 vel
431 2452 468 2494 cr
492 2433 573 2495 renti
597 2433 689 2513 plaga
711 2443 743 2494 et
766 2433 974 2495 altitudinibus
996 2435 1057 2513 poli
1081 2433 1222 2508 dirersis,
1257 2433 1304 2495 rel
1326 2449 1367 2492 ex
1389 2431 1515 2493 omnium

166 2521 272 2582 horum
303 2531 356 2584 aut
389 2524 552 2602 aliquorum
576 2523 684 2584 saltem
714 2523 821 2601 juncta
843 2523 1099 2597 consideratione3
1129 2523 1177 2583 rel
1201 2522 1227 2583 si
1251 2520 1308 2583 diis
1331 2519 1452 2600 placet,
1484 2536 1515 2579 ex

167 2610 329 2672 rotulorum
353 2610 561 2674 nonnullorum
585 2611 855 2692 coagmentatione,
880 2612 1036 2690 piunarum
1059 2630 1115 2691 ope
1139 2611 1168 2672 in
1193 2611 1288 2672 undas
1311 2610 1515 2675 demissarum,

169 2700 331 2779 agitanda3
363 2700 530 2781 cujusmodi
552 2700 782 2762 instrumentum
810 2700 878 2761 rani
903 2701 1022 2780 quidam
1055 2700 1218 2762 mechanici
1242 2699 1441 2779 profitentur,
1473 2695 1515 2776 qni

168 2789 271 2851 oceani
295 2791 432 2853 ductibus
456 2790 635 2851 continentis
664 2790 793 2870 quietern
819 2789 1051 2851 transscribunt:
1078 2791 1204 2852 eundem
1225 2790 1314 2868 plane
1339 2787 1515 2849 admodum

167 2878 307 2957 planetae
331 2900 414 2942 mens
445 2879 541 2941 locum
569 2899 622 2940 seu
653 2879 782 2958 spatium
806 2898 910 2941 versus
935 2876 1037 2940 Solem
1066 2879 1233 2940 conlectum
1263 2876 1364 2938 metiri
1392 2895 1429 2937 se
1456 2876 1516 2955 ipsa

169 2988 227 3029 nou
251 2978 362 3048 potest,
386 2989 451 3031 eum
476 2988 551 3048 pura
574 2968 691 3029 intersit
711 2988 784 3028 aura
800 2969 950 3042 aetherea,
975 2967 1063 3029 nullis
1088 2967 1232 3029 distincta
1254 2966 1366 3045 signis;
1390 2967 1447 3027 sed
1468 2974 1516 3025 aut

170 3067 302 3136 tempore
327 3059 438 3130 utitur,
468 3066 500 3119 et
522 3076 575 3138 per
598 3066 716 3136 tempus
741 3057 813 3118 illud
844 3057 961 3135 aequali
985 3057 1174 3118 contentione
1204 3057 1324 3129 viriran,
1358 3055 1438 3135 qnod
1456 3054 1515 3133 lam

168 3157 216 3208 est
249 3147 276 3207 in
309 3147 510 3227 superioribus
544 3156 700 3225 negatum
734 3155 786 3206 aut
818 3146 955 3207 nrachina
979 3165 1140 3224 corporea,
1174 3145 1251 3227 qnod
1281 3152 1330 3207 est
1362 3143 1515 3209 ridiculum

168 3237 318 3315 (ponimus
342 3238 419 3298 enirn
451 3236 552 3298 sidera
583 3236 709 3297 rotunda
733 3234 868 3314 exemplo
892 3234 972 3296 Solis
996 3243 1028 3296 et
1050 3236 1171 3297 Lunae:
1204 3235 1273 3315 qnin
1297 3241 1329 3295 et
1358 3231 1515 3294 verisimile

170 3335 225 3400 est,
251 3326 420 3388 universum
435 3344 570 3405 earnpunr
596 3345 685 3386 aurae
710 3325 868 3385 aethereae
893 3343 951 3385 una
975 3325 1016 3385 ire
1039 3344 1105 3385 cum
1128 3324 1292 3404 planetis);
1317 3331 1371 3384 ant
1395 3321 1515 3402 denique

170 3415 265 3492 signis
290 3416 438 3494 aliquibus
464 3415 575 3474 idoneis
601 3434 665 3475 cum
691 3422 808 3474 mutata
836 3413 976 3492 planetae
1000 3437 1018 3474 a
1042 3414 1113 3475 Sole
1141 3414 1286 3475 distantia
1316 3411 1514 3483 variabilitas,

168 3504 334 3582 eujusmodi
362 3516 484 3583 practer
513 3506 627 3563 unicam
653 3502 734 3564 Solis
762 3503 938 3564 diametrum
967 3512 1160 3583 apparentem
1194 3503 1305 3564 nullum
1336 3500 1423 3563 allud
1449 3518 1514 3578 snp-

168 3593 257 3672 petit.
269 3591 302 3667 ¹⁸)
341 3594 392 3656 Sic
417 3614 471 3653 nos
496 3593 631 3653 homines
655 3593 774 3664 scimus,
799 3591 900 3653 Solem
924 3613 943 3652 a
966 3593 1050 3653 nobis
1076 3593 1182 3653 abesse
1197 3588 1263 3654 229
1277 3591 1340 3659 suis
1355 3589 1513 3660 diametris,

168 3684 286 3762 cquando
312 3684 374 3762 ejus
399 3683 545 3743 diameter
569 3682 660 3742 habet
683 3678 746 3755 30¹,
772 3691 803 3742 et
826 3677 890 3742 222
916 3681 1080 3753 diametria
1106 3680 1223 3761 qnando
1247 3680 1341 3745 habet
1361 3676 1430 3742 31¹.
1463 3716 1466 3723 ·

258 3771 301 3833 Et
324 3792 417 3843 sane,
441 3772 467 3832 si
492 3784 605 3832 comum
629 3782 728 3845 esset,
753 3779 865 3831 motum
888 3771 966 3832 hunc
989 3772 1019 3832 in
1043 3770 1168 3852 epicycli
1197 3771 1345 3833 diametro
1368 3769 1516 3850 proprium

170 3881 230 3922 non
254 3881 344 3941 posse
367 3861 469 3942 perlici
494 3883 512 3921 a
536 3861 645 3921 virtute
670 3861 770 3940 aliqua
792 3859 932 3937 planetae
955 3859 1105 3921 materiali
1125 3868 1157 3921 et
1170 3857 1320 3940 corporali
1344 3857 1411 3920 sire
1435 3870 1515 3937 mag·

170 3948 283 4024 netice,
308 3970 366 4011 non
399 3951 490 4012 etiam
513 3972 532 4011 a
556 3950 635 4010 nuda
657 3949 797 4021 animali,
824 3947 877 4009 sed
906 3949 1066 4028 gubernari
1090 3969 1108 4009 a
1130 3950 1271 4029 planetae
1296 3956 1416 4016 mente.
1449 3944 1519 4017 mbil

171 4039 293 4099 absurdi
325 4048 517 4101 statueretur.
577 4038 664 4108 Quod
696 4037 774 4099 enim
805 4035 858 4098 Sol
889 4038 968 4098 alias
1000 4039 1092 4100 etiam
1124 4038 1300 4099 observetur
1330 4058 1350 4097 a
1379 4034 1517 4117 planetis,

171 4136 322 4190 testantur
345 4138 376 4190 et
400 4128 583 4191 latitudines.
624 4127 698 4191 Cum
723 4125 800 4187 enirn
824 4127 962 4206 planetae
986 4147 1079 4189 causa
1101 4128 1206 4189 harum
1225 4147 1244 4187 a
1261 4125 1363 4187 media
1385 4134 1419 4188 et
1440 4125 1519 4205 regis

171 4216 222 4279 via
245 4219 332 4298 hujus
356 4218 476 4280 vlrtntis
501 4237 538 4279 ex
554 4217 636 4289 Sole,
662 4236 715 4277 ceu
739 4216 859 4295 abipso
883 4224 1014 4278 torrente
1039 4216 1169 4279 fluminis
1192 4216 1229 4277 ad
1246 4216 1343 4277 latera
1367 4216 1516 4287 secedant,

170 4321 204 4368 ut
226 4309 338 4368 dictum
362 4309 460 4387 capite
483 4307 668 4379 xxxt'ssl,
694 4305 750 4366 nisi
775 4305 878 4367 Solem
906 4306 1089 4387 respicerent
1108 4306 1240 4378 interim,
1263 4322 1470 4386 accessusque
1489 4314 1519 4365 et

170 4417 309 4459 recessus
334 4397 362 4457 in
388 4396 466 4458 linea
490 4418 543 4476 per
567 4405 700 4457 centrum
725 4394 806 4457 Solis
830 4395 971 4457 tendente
1001 4397 1188 4474 perficerent,
1219 4404 1289 4456 tnnc
1312 4393 1445 4456 cuculos
1468 4395 1518 4455 de-

171 4487 346 4560 scriberent,
371 4486 418 4567 qui
445 4506 480 4546 cx
505 4486 599 4547 Terra
623 4485 670 4545 vel
694 4504 731 4545 er
755 4492 856 4546 centro
880 4485 980 4545 mnndi
1007 4494 1190 4565 apparerent
1210 4484 1358 4557 minores,
1382 4481 1519 4563 paralleli

172 4596 237 4638 cum
262 4577 361 4657 aliquo
385 4575 523 4636 maximo.
570 4576 615 4636 At
639 4574 812 4635 describunt
834 4592 936 4635 omnes
965 4573 1104 4653 planetae
1129 4574 1276 4635 maximos
1300 4570 1447 4644 circulos,
1474 4572 1520 4655 qni

177 4708 316 4718 ——-—
337 4706 409 4714 ........-

259 4773 287 4842 ⁸)
309 4776 353 4828 Ita
373 4774 503 4843 planetae
525 4774 622 4826 tierent
641 4792 803 4847 pauperque.
824 4772 983 4826 distantiam
1010 4771 1157 4826 metientes
1182 4770 1224 4824 sui
1245 4786 1262 4825 a
1282 4768 1349 4826 Sole
1371 4787 1424 4843 per
1442 4786 1520 4827 m

173 4856 328 4921 stationem,
350 4871 387 4911 so
409 4871 447 4909 ex
467 4853 615 4928 apparenti
635 4856 792 4927 quantitate
814 4853 935 4924 corpora
953 4851 1035 4910 Solia.
