<?xml version="1.0" encoding="UTF-8"?>
<!DOCTYPE html PUBLIC "-//W3C//DTD XHTML 1.0 Transitional//EN"
    "http://www.w3.org/TR/xhtml1/DTD/xhtml1-transitional.dtd">
<html xmlns="http://www.w3.org/1999/xhtml" xml:lang="en" lang="en">
 <head>
  <title>
</title>
<meta http-equiv="Content-Type" content="text/html;charset=utf-8" />
  <meta name='ocr-system' content='tesseract 3.04.00' />
  <meta name='ocr-capabilities' content='ocr_page ocr_carea ocr_par ocr_line ocrx_word'/>
</head>
<body>
  <div class='ocr_page' id='page_1' title='image "./joanniskepleria05frisgoog_0369.png"; bbox 0 0 3368 5534; ppageno 0'>
   <div class='ocr_carea' id='block_1_1' title="bbox 162 332 1033 404">
    <p class='ocr_par' dir='ltr' id='par_1_1' title="bbox 162 332 1033 404">
     <span class='ocr_line' id='line_1_1' title="bbox 162 332 1033 404; baseline -0.018 0"><span class='ocrx_word' id='word_1_1' title='bbox 162 332 228 404; x_wconf 79' lang='lat'><strong>366</strong></span> <span class='ocrx_word' id='word_1_2' title='bbox 649 334 815 389; x_wconf 75' lang='lat' dir='ltr'><strong>DsMonbns</strong></span> <span class='ocrx_word' id='word_1_3' title='bbox 833 335 926 388; x_wconf 67' lang='lat' dir='ltr'><strong>sanas</strong></span> <span class='ocrx_word' id='word_1_4' title='bbox 943 335 1033 389; x_wconf 72' lang='grc' dir='ltr'>ιιιιιιι</span> 
     </span>
    </p>
   </div>
   <div class='ocr_carea' id='block_1_2' title="bbox 161 513 1540 2204">
    <p class='ocr_par' dir='ltr' id='par_1_2' title="bbox 161 513 1540 2204">
     <span class='ocr_line' id='line_1_2' title="bbox 162 513 1519 600; baseline 0.002 -21"><span class='ocrx_word' id='word_1_5' title='bbox 162 515 262 598; x_wconf 93' lang='lat' dir='ltr'><strong>opinio</strong></span> <span class='ocrx_word' id='word_1_6' title='bbox 294 533 360 596; x_wconf 89' lang='lat' dir='ltr'><strong>cap.</strong></span> <span class='ocrx_word' id='word_1_7' title='bbox 390 513 495 590; x_wconf 86' lang='lat' dir='ltr'>XLV,</span> <span class='ocrx_word' id='word_1_8' title='bbox 530 514 589 578; x_wconf 88' lang='lat' dir='ltr'><strong>etsi</strong></span> <span class='ocrx_word' id='word_1_9' title='bbox 619 516 742 579; x_wconf 90' lang='lat' dir='ltr'><strong>taudem</strong></span> <span class='ocrx_word' id='word_1_10' title='bbox 774 514 933 579; x_wconf 79' lang='lat' dir='ltr'><strong>sumsimus</strong></span> <span class='ocrx_word' id='word_1_11' title='bbox 969 516 1132 580; x_wconf 76' lang='lat' dir='ltr'><strong>distantias</strong></span> <span class='ocrx_word' id='word_1_12' title='bbox 1162 516 1288 582; x_wconf 87' lang='lat' dir='ltr'><strong>totidem</strong></span> <span class='ocrx_word' id='word_1_13' title='bbox 1314 516 1346 580; x_wconf 89' lang='lat' dir='ltr'><strong>iu</strong></span> <span class='ocrx_word' id='word_1_14' title='bbox 1379 516 1519 600; x_wconf 82' lang='lat' dir='ltr'><strong>qualibet</strong></span> 
     </span>
     <span class='ocr_line' id='line_1_3' title="bbox 161 606 1518 689; baseline 0.002 -21"><span class='ocrx_word' id='word_1_15' title='bbox 161 613 249 688; x_wconf 87' lang='lat' dir='ltr'><strong>parte</strong></span> <span class='ocrx_word' id='word_1_16' title='bbox 287 606 445 686; x_wconf 90' lang='lat' dir='ltr'><strong>temporis,</strong></span> <span class='ocrx_word' id='word_1_17' title='bbox 488 612 559 687; x_wconf 90' lang='lat' dir='ltr'><strong>quot</strong></span> <span class='ocrx_word' id='word_1_18' title='bbox 599 613 669 667; x_wconf 93' lang='lat' dir='ltr'><strong>sunt</strong></span> <span class='ocrx_word' id='word_1_19' title='bbox 709 606 821 686; x_wconf 87' lang='lat' dir='ltr'><strong>gradus</strong></span> <span class='ocrx_word' id='word_1_20' title='bbox 854 606 1021 669; x_wconf 83' lang='lat' dir='ltr'><strong>anomaliae</strong></span> <span class='ocrx_word' id='word_1_21' title='bbox 1062 615 1267 689; x_wconf 78' lang='lat' dir='ltr'><strong>coaequatae,</strong></span> <span class='ocrx_word' id='word_1_22' title='bbox 1306 607 1379 670; x_wconf 83' lang='lat' dir='ltr'><strong>illae</strong></span> <span class='ocrx_word' id='word_1_23' title='bbox 1416 616 1518 671; x_wconf 68' lang='lat' dir='ltr'><strong>umen</strong></span> 
     </span>
     <span class='ocr_line' id='line_1_4' title="bbox 162 693 1518 778; baseline 0.002 -22"><span class='ocrx_word' id='word_1_24' title='bbox 162 695 317 758; x_wconf 77' lang='lat' dir='ltr'><strong>derivatae</strong></span> <span class='ocrx_word' id='word_1_25' title='bbox 364 702 433 758; x_wconf 91' lang='lat' dir='ltr'><strong>suut</strong></span> <span class='ocrx_word' id='word_1_26' title='bbox 475 714 513 756; x_wconf 87' lang='lat' dir='ltr'><strong>ex</strong></span> <span class='ocrx_word' id='word_1_27' title='bbox 554 693 707 756; x_wconf 86' lang='lat' dir='ltr'><strong>distantiis</strong></span> <span class='ocrx_word' id='word_1_28' title='bbox 759 695 926 757; x_wconf 83' lang='lat' dir='ltr'><strong>anomaliae</strong></span> <span class='ocrx_word' id='word_1_29' title='bbox 968 696 1100 772; x_wconf 90' lang='lat' dir='ltr'><strong>mediae,</strong></span> <span class='ocrx_word' id='word_1_30' title='bbox 1157 700 1285 778; x_wconf 87' lang='lat' dir='ltr'><strong>suntque</strong></span> <span class='ocrx_word' id='word_1_31' title='bbox 1328 696 1518 778; x_wconf 87' lang='lat' dir='ltr'><strong>longitudine</strong></span> 
     </span>
     <span class='ocr_line' id='line_1_5' title="bbox 162 781 1514 868; baseline 0.002 -22"><span class='ocrx_word' id='word_1_32' title='bbox 162 784 294 851; x_wconf 88' lang='lat' dir='ltr'><strong>eaedem</strong></span> <span class='ocrx_word' id='word_1_33' title='bbox 311 781 345 859; x_wconf 83' lang='grc'><strong>*)</strong></span> <span class='ocrx_word' id='word_1_34' title='bbox 390 784 432 847; x_wconf 89' lang='lat' dir='ltr'><strong>Et</strong></span> <span class='ocrx_word' id='word_1_35' title='bbox 460 790 548 845; x_wconf 77' lang='lat' dir='ltr'><strong>tanto</strong></span> <span class='ocrx_word' id='word_1_36' title='bbox 571 784 751 846; x_wconf 85' lang='lat' dir='ltr'><strong>commodior</strong></span> <span class='ocrx_word' id='word_1_37' title='bbox 774 791 822 846; x_wconf 90' lang='lat' dir='ltr'><strong>est</strong></span> <span class='ocrx_word' id='word_1_38' title='bbox 844 785 919 847; x_wconf 87' lang='lat' dir='ltr'><strong>haec</strong></span> <span class='ocrx_word' id='word_1_39' title='bbox 942 785 1053 861; x_wconf 81' lang='lat' dir='ltr'><strong>forma,</strong></span> <span class='ocrx_word' id='word_1_40' title='bbox 1086 785 1163 866; x_wconf 94' lang='lat' dir='ltr'><strong>quod</strong></span> <span class='ocrx_word' id='word_1_41' title='bbox 1187 786 1314 849; x_wconf 89' lang='lat' dir='ltr'><strong>alteram</strong></span> <span class='ocrx_word' id='word_1_42' title='bbox 1338 787 1514 868; x_wconf 80' lang='lat' dir='ltr'><strong>persuasio-</strong></span> 
     </span>
     <span class='ocr_line' id='line_1_6' title="bbox 162 873 1519 959; baseline 0.002 -24"><span class='ocrx_word' id='word_1_43' title='bbox 162 893 231 937; x_wconf 92' lang='lat' dir='ltr'><strong>uem</strong></span> <span class='ocrx_word' id='word_1_44' title='bbox 263 874 300 935; x_wconf 91' lang='lat' dir='ltr'><strong>de</strong></span> <span class='ocrx_word' id='word_1_45' title='bbox 330 880 412 935; x_wconf 91' lang='lat' dir='ltr'><strong>motu</strong></span> <span class='ocrx_word' id='word_1_46' title='bbox 444 874 587 955; x_wconf 85' lang='lat' dir='ltr'><strong>planetae</strong></span> <span class='ocrx_word' id='word_1_47' title='bbox 619 874 779 957; x_wconf 88' lang='lat' dir='ltr'><strong>epicyclicn</strong></span> <span class='ocrx_word' id='word_1_48' title='bbox 811 873 860 935; x_wconf 93' lang='lat' dir='ltr'><strong>hic</strong></span> <span class='ocrx_word' id='word_1_49' title='bbox 893 892 1047 954; x_wconf 88' lang='lat' dir='ltr'><strong>possemus</strong></span> <span class='ocrx_word' id='word_1_50' title='bbox 1083 874 1244 955; x_wconf 91' lang='lat' dir='ltr'><strong>deponere,</strong></span> <span class='ocrx_word' id='word_1_51' title='bbox 1277 883 1310 938; x_wconf 90' lang='lat' dir='ltr'><strong>et</strong></span> <span class='ocrx_word' id='word_1_52' title='bbox 1333 894 1394 938; x_wconf 92' lang='lat' dir='ltr'><strong>uno</strong></span> <span class='ocrx_word' id='word_1_53' title='bbox 1420 877 1519 959; x_wconf 79' lang='lat' dir='ltr'><strong>gradu</strong></span> 
     </span>
     <span class='ocr_line' id='line_1_7' title="bbox 163 962 1521 1067; baseline 0.002 -42"><span class='ocrx_word' id='word_1_54' title='bbox 163 964 202 1025; x_wconf 92' lang='lat' dir='ltr'><strong>ad</strong></span> <span class='ocrx_word' id='word_1_55' title='bbox 233 963 393 1025; x_wconf 87' lang='lat' dir='ltr'><strong>veritatem</strong></span> <span class='ocrx_word' id='word_1_56' title='bbox 417 981 527 1025; x_wconf 89' lang='lat' dir='ltr'><strong>causae</strong></span> <span class='ocrx_word' id='word_1_57' title='bbox 549 962 694 1044; x_wconf 86' lang='lat' dir='ltr'><strong>physicae</strong></span> <span class='ocrx_word' id='word_1_58' title='bbox 721 962 844 1043; x_wconf 91' lang='lat' dir='ltr'><strong>propius</strong></span> <span class='ocrx_word' id='word_1_59' title='bbox 868 964 1030 1039; x_wconf 89' lang='lat' dir='ltr'><strong>accedere,</strong></span> <span class='ocrx_word' id='word_1_60' title='bbox 1063 963 1266 1067; x_wconf 88' lang='lat' dir='ltr'><strong>relinquentes</strong></span> <span class='ocrx_word' id='word_1_61' title='bbox 1289 964 1454 1046; x_wconf 88' lang='lat' dir='ltr'><strong>epicyclino</strong></span> <span class='ocrx_word' id='word_1_62' title='bbox 1476 965 1521 1028; x_wconf 90' lang='lat' dir='ltr'><strong>nil</strong></span> 
     </span>
     <span class='ocr_line' id='line_1_8' title="bbox 162 1052 1520 1132; baseline 0.002 -18"><span class='ocrx_word' id='word_1_63' title='bbox 162 1052 220 1116; x_wconf 90' lang='lat' dir='ltr'><strong>nisi</strong></span> <span class='ocrx_word' id='word_1_64' title='bbox 250 1052 479 1115; x_wconf 89' lang='lat' dir='ltr'><strong>librationem&#39;</strong></span> <span class='ocrx_word' id='word_1_65' title='bbox 471 1073 500 1113; x_wconf 84' lang='lat' dir='ltr'><strong>un</strong></span> <span class='ocrx_word' id='word_1_66' title='bbox 522 1052 696 1126; x_wconf 87' lang='lat' dir='ltr'><strong>diametro,</strong></span> <span class='ocrx_word' id='word_1_67' title='bbox 734 1052 788 1113; x_wconf 90' lang='lat' dir='ltr'><strong>sed</strong></span> <span class='ocrx_word' id='word_1_68' title='bbox 821 1068 897 1132; x_wconf 93' lang='lat' dir='ltr'><strong>quae</strong></span> <span class='ocrx_word' id='word_1_69' title='bbox 930 1052 1092 1115; x_wconf 87' lang='lat' dir='ltr'><strong>etiamnum</strong></span> <span class='ocrx_word' id='word_1_70' title='bbox 1122 1052 1233 1115; x_wconf 90' lang='lat' dir='ltr'><strong>vitiosa</strong></span> <span class='ocrx_word' id='word_1_71' title='bbox 1255 1060 1321 1130; x_wconf 89' lang='lat' dir='ltr'><strong>est,</strong></span> <span class='ocrx_word' id='word_1_72' title='bbox 1349 1062 1384 1116; x_wconf 91' lang='lat' dir='ltr'><strong>ut</strong></span> <span class='ocrx_word' id='word_1_73' title='bbox 1407 1054 1458 1116; x_wconf 86' lang='lat' dir='ltr'><strong>vel</strong></span> <span class='ocrx_word' id='word_1_74' title='bbox 1480 1073 1520 1117; x_wconf 81' lang='lat' dir='ltr'><strong>ex</strong></span> 
     </span>
     <span class='ocr_line' id='line_1_9' title="bbox 163 1140 1523 1237; baseline 0 -33"><span class='ocrx_word' id='word_1_75' title='bbox 163 1141 392 1223; x_wconf 87' lang='lat' dir='ltr'><strong>aequationibus</strong></span> <span class='ocrx_word' id='word_1_76' title='bbox 420 1141 465 1203; x_wconf 90' lang='lat' dir='ltr'><strong>his</strong></span> <span class='ocrx_word' id='word_1_77' title='bbox 497 1140 645 1222; x_wconf 88' lang='lat' dir='ltr'><strong>apparuit.</strong></span> <span class='ocrx_word' id='word_1_78' title='bbox 698 1141 777 1202; x_wconf 85' lang='lat' dir='ltr'><strong>Nam</strong></span> <span class='ocrx_word' id='word_1_79' title='bbox 807 1149 841 1203; x_wconf 93' lang='lat' dir='ltr'><strong>ut</strong></span> <span class='ocrx_word' id='word_1_80' title='bbox 863 1142 953 1222; x_wconf 90' lang='lat' dir='ltr'><strong>paulo</strong></span> <span class='ocrx_word' id='word_1_81' title='bbox 975 1150 1047 1237; x_wconf 74' lang='lat' dir='ltr'><strong>pute</strong></span> <span class='ocrx_word' id='word_1_82' title='bbox 1071 1142 1109 1203; x_wconf 82' lang='lat' dir='ltr'><strong>ad</strong></span> <span class='ocrx_word' id='word_1_83' title='bbox 1133 1142 1253 1205; x_wconf 91' lang='lat' dir='ltr'><strong>modum</strong></span> <span class='ocrx_word' id='word_1_84' title='bbox 1275 1142 1440 1206; x_wconf 91' lang='lat' dir='ltr'><strong>secundum</strong></span> <span class='ocrx_word' id='word_1_85' title='bbox 1463 1142 1523 1211; x_wconf 82' lang='lat' dir='ltr'><strong>luit</strong></span> 
     </span>
     <span class='ocr_line' id='line_1_10' title="bbox 163 1220 1443 1314; baseline -0.002 -19"><span class='ocrx_word' id='word_1_86' title='bbox 163 1234 349 1303; x_wconf 88' lang='lat' dir='ltr'><strong>adnotatum,</strong></span> <span class='ocrx_word' id='word_1_87' title='bbox 372 1232 446 1293; x_wconf 90' lang='lat' dir='ltr'><strong>haec</strong></span> <span class='ocrx_word' id='word_1_88' title='bbox 470 1229 701 1312; x_wconf 85' lang='lat' dir='ltr'><strong>praeoccupatio</strong></span> <span class='ocrx_word' id='word_1_89' title='bbox 724 1237 824 1292; x_wconf 89' lang='lat' dir='ltr'><strong>motus</strong></span> <span class='ocrx_word' id='word_1_90' title='bbox 843 1220 996 1314; x_wconf 80' lang='lat' dir='ltr'><strong>epicyciit&#39;i</strong></span> <span class='ocrx_word' id='word_1_91' title='bbox 1010 1228 1102 1295; x_wconf 81' lang='lat' dir='ltr'><strong>uiniia</strong></span> <span class='ocrx_word' id='word_1_92' title='bbox 1115 1239 1173 1301; x_wconf 86' lang='lat' dir='ltr'><strong>est,</strong></span> <span class='ocrx_word' id='word_1_93' title='bbox 1198 1231 1361 1294; x_wconf 84' lang='lat' dir='ltr'><strong>distantias</strong></span> <span class='ocrx_word' id='word_1_94' title='bbox 1373 1231 1443 1293; x_wconf 85' lang='lat' dir='ltr'><strong>exhi</strong></span> 
     </span>
     <span class='ocr_line' id='line_1_11' title="bbox 162 1319 1429 1402; baseline -0.001 -18"><span class='ocrx_word' id='word_1_95' title='bbox 162 1320 250 1384; x_wconf 89' lang='lat' dir='ltr'><strong>nimis</strong></span> <span class='ocrx_word' id='word_1_96' title='bbox 272 1320 410 1383; x_wconf 89' lang='lat' dir='ltr'><strong>breves&#39;</strong></span> <span class='ocrx_word' id='word_1_97' title='bbox 404 1340 432 1382; x_wconf 82' lang='lat' dir='ltr'><strong>tu</strong></span> <span class='ocrx_word' id='word_1_98' title='bbox 455 1319 690 1400; x_wconf 81' lang='lat' dir='ltr'><strong>longitudinibus</strong></span> <span class='ocrx_word' id='word_1_99' title='bbox 715 1319 840 1394; x_wconf 88' lang='lat' dir='ltr'><strong>mediis;</strong></span> <span class='ocrx_word' id='word_1_100' title='bbox 864 1339 901 1381; x_wconf 87' lang='lat' dir='ltr'><strong>ex</strong></span> <span class='ocrx_word' id='word_1_101' title='bbox 924 1320 1047 1401; x_wconf 76' lang='lat' dir='ltr'><strong>queit,</strong></span> <span class='ocrx_word' id='word_1_102' title='bbox 1072 1328 1105 1382; x_wconf 92' lang='lat' dir='ltr'><strong>ut</strong></span> <span class='ocrx_word' id='word_1_103' title='bbox 1128 1321 1253 1402; x_wconf 87' lang='lat' dir='ltr'><strong>planeta</strong></span> <span class='ocrx_word' id='word_1_104' title='bbox 1267 1321 1309 1384; x_wconf 92' lang='lat' dir='ltr'><strong>ibi</strong></span> <span class='ocrx_word' id='word_1_105' title='bbox 1326 1320 1384 1384; x_wconf 90' lang='lat' dir='ltr'><strong>loci</strong></span> <span class='ocrx_word' id='word_1_106' title='bbox 1399 1340 1429 1383; x_wconf 90' lang='lat' dir='ltr'><strong>ru</strong></span> 
     </span>
     <span class='ocr_line' id='line_1_12' title="bbox 163 1408 1428 1488; baseline -0.001 -14"><span class='ocrx_word' id='word_1_107' title='bbox 163 1409 292 1474; x_wconf 85' lang='lat' dir='ltr'><strong>excedat</strong></span> <span class='ocrx_word' id='word_1_108' title='bbox 314 1409 499 1483; x_wconf 85' lang='lat' dir='ltr'><strong>velocitatis,</strong></span> <span class='ocrx_word' id='word_1_109' title='bbox 535 1416 567 1470; x_wconf 92' lang='lat' dir='ltr'><strong>et</strong></span> <span class='ocrx_word' id='word_1_110' title='bbox 589 1408 618 1469; x_wconf 90' lang='lat' dir='ltr'><strong>in</strong></span> <span class='ocrx_word' id='word_1_111' title='bbox 643 1408 799 1488; x_wconf 91' lang='lat' dir='ltr'><strong>apsidibus</strong></span> <span class='ocrx_word' id='word_1_112' title='bbox 823 1429 841 1469; x_wconf 89' lang='lat' dir='ltr'><strong>a</strong></span> <span class='ocrx_word' id='word_1_113' title='bbox 863 1409 952 1473; x_wconf 91' lang='lat' dir='ltr'><strong>modo</strong></span> <span class='ocrx_word' id='word_1_114' title='bbox 977 1410 1106 1473; x_wconf 85' lang='lat' dir='ltr'><strong>deficiat.</strong></span> <span class='ocrx_word' id='word_1_115' title='bbox 1153 1409 1214 1472; x_wconf 89' lang='lat' dir='ltr'><strong>Sed</strong></span> <span class='ocrx_word' id='word_1_116' title='bbox 1238 1410 1351 1473; x_wconf 83' lang='lat' dir='ltr'><strong>sufficit</strong></span> <span class='ocrx_word' id='word_1_117' title='bbox 1372 1429 1428 1473; x_wconf 91' lang='lat' dir='ltr'><strong>nos</strong></span> 
     </span>
     <span class='ocr_line' id='line_1_13' title="bbox 163 1496 1512 1580; baseline -0.001 -17"><span class='ocrx_word' id='word_1_118' title='bbox 163 1501 230 1563; x_wconf 92' lang='lat' dir='ltr'><strong>culn</strong></span> <span class='ocrx_word' id='word_1_119' title='bbox 262 1499 429 1578; x_wconf 84' lang='lat' dir='ltr'><strong>exprimere</strong></span> <span class='ocrx_word' id='word_1_120' title='bbox 458 1498 625 1578; x_wconf 89' lang='lat' dir='ltr'><strong>opinionem</strong></span> <span class='ocrx_word' id='word_1_121' title='bbox 654 1516 721 1578; x_wconf 90' lang='lat' dir='ltr'><strong>cap.</strong></span> <span class='ocrx_word' id='word_1_122' title='bbox 750 1497 850 1559; x_wconf 90' lang='lat' dir='ltr'>XLV.</span> <span class='ocrx_word' id='word_1_123' title='bbox 899 1496 999 1569; x_wconf 83' lang='lat' dir='ltr'><strong>Quare</strong></span> <span class='ocrx_word' id='word_1_124' title='bbox 1030 1498 1149 1561; x_wconf 87' lang='lat' dir='ltr'><strong>etiarnsi</strong></span> <span class='ocrx_word' id='word_1_125' title='bbox 1174 1500 1240 1580; x_wconf 92' lang='lat' dir='ltr'><strong>quis</strong></span> <span class='ocrx_word' id='word_1_126' title='bbox 1263 1498 1388 1579; x_wconf 88' lang='lat' dir='ltr'><strong>objiciat</strong></span> <span class='ocrx_word' id='word_1_127' title='bbox 1409 1498 1459 1562; x_wconf 90' lang='lat' dir='ltr'><strong>hic</strong></span> <span class='ocrx_word' id='word_1_128' title='bbox 1509 1506 1512 1511; x_wconf 88' lang='lat'>&#39;</span> 
     </span>
     <span class='ocr_line' id='line_1_14' title="bbox 162 1587 1519 1671; baseline -0.003 -18"><span class='ocrx_word' id='word_1_129' title='bbox 162 1608 229 1670; x_wconf 87' lang='lat' dir='ltr'><strong>cap.</strong></span> <span class='ocrx_word' id='word_1_130' title='bbox 253 1587 389 1671; x_wconf 80' lang='lat' dir='ltr'><strong>XXXII,</strong></span> <span class='ocrx_word' id='word_1_131' title='bbox 414 1608 472 1648; x_wconf 91' lang='lat' dir='ltr'><strong>uon</strong></span> <span class='ocrx_word' id='word_1_132' title='bbox 497 1607 587 1668; x_wconf 89' lang='lat' dir='ltr'><strong>posse</strong></span> <span class='ocrx_word' id='word_1_133' title='bbox 611 1596 800 1649; x_wconf 86' lang='lat' dir='ltr'><strong>constantem</strong></span> <span class='ocrx_word' id='word_1_134' title='bbox 824 1606 891 1648; x_wconf 86' lang='lat' dir='ltr'><strong>esse</strong></span> <span class='ocrx_word' id='word_1_135' title='bbox 916 1588 991 1651; x_wconf 87' lang='lat' dir='ltr'><strong>hauc</strong></span> <span class='ocrx_word' id='word_1_136' title='bbox 1014 1589 1236 1668; x_wconf 85' lang='lat' dir='ltr'><strong>proportionem</strong></span> <span class='ocrx_word' id='word_1_137' title='bbox 1260 1588 1452 1665; x_wconf 89' lang='lat' dir='ltr'><strong>diurnorum,</strong></span> <span class='ocrx_word' id='word_1_138' title='bbox 1483 1607 1519 1651; x_wconf 93' lang='lat' dir='ltr'><strong>eo</strong></span> 
     </span>
     <span class='ocr_line' id='line_1_15' title="bbox 163 1675 1517 1760; baseline 0 -20"><span class='ocrx_word' id='word_1_139' title='bbox 163 1679 242 1760; x_wconf 93' lang='lat' dir='ltr'><strong>quod</strong></span> <span class='ocrx_word' id='word_1_140' title='bbox 266 1688 368 1758; x_wconf 88' lang='lat' dir='ltr'><strong>partes</strong></span> <span class='ocrx_word' id='word_1_141' title='bbox 394 1677 536 1749; x_wconf 90' lang='lat' dir='ltr'><strong>eccentri,</strong></span> <span class='ocrx_word' id='word_1_142' title='bbox 560 1675 676 1739; x_wconf 83' lang='lat' dir='ltr'><strong>vicinae</strong></span> <span class='ocrx_word' id='word_1_143' title='bbox 701 1675 864 1756; x_wconf 91' lang='lat' dir='ltr'><strong>apsidibns,</strong></span> <span class='ocrx_word' id='word_1_144' title='bbox 891 1676 1004 1740; x_wconf 89' lang='lat' dir='ltr'><strong>directe</strong></span> <span class='ocrx_word' id='word_1_145' title='bbox 1019 1675 1199 1758; x_wconf 89' lang='lat' dir='ltr'><strong>objiciantur</strong></span> <span class='ocrx_word' id='word_1_146' title='bbox 1219 1676 1294 1752; x_wconf 89' lang='lat' dir='ltr'><strong>Soli,</strong></span> <span class='ocrx_word' id='word_1_147' title='bbox 1319 1677 1517 1740; x_wconf 83' lang='lat' dir='ltr'><strong>intermediae</strong></span> 
     </span>
     <span class='ocr_line' id='line_1_16' title="bbox 163 1765 1518 1846; baseline -0.001 -16"><span class='ocrx_word' id='word_1_148' title='bbox 163 1788 201 1830; x_wconf 87' lang='lat' dir='ltr'><strong>ex</strong></span> <span class='ocrx_word' id='word_1_149' title='bbox 224 1766 358 1846; x_wconf 93' lang='lat' dir='ltr'><strong>obliquo,</strong></span> <span class='ocrx_word' id='word_1_150' title='bbox 383 1773 417 1828; x_wconf 91' lang='lat' dir='ltr'><strong>ut</strong></span> <span class='ocrx_word' id='word_1_151' title='bbox 440 1766 485 1828; x_wconf 88' lang='lat' dir='ltr'><strong>ita</strong></span> <span class='ocrx_word' id='word_1_152' title='bbox 508 1766 596 1826; x_wconf 90' lang='lat' dir='ltr'><strong>aliter</strong></span> <span class='ocrx_word' id='word_1_153' title='bbox 620 1773 804 1844; x_wconf 82' lang='lat' dir='ltr'><strong>appareant,</strong></span> <span class='ocrx_word' id='word_1_154' title='bbox 830 1784 918 1845; x_wconf 90' lang='lat' dir='ltr'><strong>quarn</strong></span> <span class='ocrx_word' id='word_1_155' title='bbox 942 1766 969 1827; x_wconf 91' lang='lat' dir='ltr'><strong>si</strong></span> <span class='ocrx_word' id='word_1_156' title='bbox 992 1765 1104 1828; x_wconf 89' lang='lat' dir='ltr'><strong>directe</strong></span> <span class='ocrx_word' id='word_1_157' title='bbox 1127 1766 1339 1846; x_wconf 88' lang='lat' dir='ltr'><strong>objicerentur,</strong></span> <span class='ocrx_word' id='word_1_158' title='bbox 1363 1767 1437 1841; x_wconf 88' lang='lat' dir='ltr'><strong>hoc,</strong></span> <span class='ocrx_word' id='word_1_159' title='bbox 1471 1767 1518 1829; x_wconf 87' lang='lat' dir='ltr'><strong>iu·</strong></span> 
     </span>
     <span class='ocr_line' id='line_1_17' title="bbox 164 1853 1540 1959; baseline 0 -41"><span class='ocrx_word' id='word_1_160' title='bbox 164 1875 261 1939; x_wconf 88' lang='lat' dir='ltr'><strong>quam,</strong></span> <span class='ocrx_word' id='word_1_161' title='bbox 286 1856 313 1917; x_wconf 93' lang='lat' dir='ltr'><strong>si</strong></span> <span class='ocrx_word' id='word_1_162' title='bbox 336 1856 403 1935; x_wconf 92' lang='lat' dir='ltr'><strong>quis</strong></span> <span class='ocrx_word' id='word_1_163' title='bbox 426 1854 560 1934; x_wconf 87' lang='lat' dir='ltr'><strong>objiciat,</strong></span> <span class='ocrx_word' id='word_1_164' title='bbox 586 1853 772 1932; x_wconf 88' lang='lat' dir='ltr'><strong>respondebo</strong></span> <span class='ocrx_word' id='word_1_165' title='bbox 796 1853 850 1922; x_wconf 88' lang='lat' dir='ltr'><strong>sic,</strong></span> <span class='ocrx_word' id='word_1_166' title='bbox 873 1863 909 1916; x_wconf 89' lang='lat' dir='ltr'><strong>ut</strong></span> <span class='ocrx_word' id='word_1_167' title='bbox 931 1873 996 1934; x_wconf 88' lang='lat' dir='ltr'><strong>cap.</strong></span> <span class='ocrx_word' id='word_1_168' title='bbox 1011 1853 1129 1918; x_wconf 84' lang='lat' dir='ltr'><strong>XLIX.</strong></span> <span class='ocrx_word' id='word_1_169' title='bbox 1149 1855 1306 1937; x_wconf 82' lang='lat' dir='ltr'><strong>respondi:</strong></span> <span class='ocrx_word' id='word_1_170' title='bbox 1329 1854 1409 1918; x_wconf 88' lang='lat' dir='ltr'><strong>hanc</strong></span> <span class='ocrx_word' id='word_1_171' title='bbox 1423 1856 1540 1959; x_wconf 55' lang='lat' dir='ltr'><strong>inter-p</strong></span> 
     </span>
     <span class='ocr_line' id='line_1_18' title="bbox 164 1943 1520 2027; baseline 0 -21"><span class='ocrx_word' id='word_1_172' title='bbox 164 1946 328 2007; x_wconf 88' lang='lat' dir='ltr'><strong>mediarum</strong></span> <span class='ocrx_word' id='word_1_173' title='bbox 352 1944 482 2025; x_wconf 89' lang='lat' dir='ltr'><strong>partium</strong></span> <span class='ocrx_word' id='word_1_174' title='bbox 506 1943 716 2023; x_wconf 82' lang='lat' dir='ltr'><strong>obliquitatem</strong></span> <span class='ocrx_word' id='word_1_175' title='bbox 739 1943 809 2003; x_wconf 87' lang='lat' dir='ltr'><strong>addi</strong></span> <span class='ocrx_word' id='word_1_176' title='bbox 833 1964 851 2004; x_wconf 86' lang='lat' dir='ltr'><strong>a</strong></span> <span class='ocrx_word' id='word_1_177' title='bbox 874 1945 998 2023; x_wconf 88' lang='lat' dir='ltr'><strong>planeta</strong></span> <span class='ocrx_word' id='word_1_178' title='bbox 1021 1944 1058 2005; x_wconf 86' lang='lat' dir='ltr'><strong>de</strong></span> <span class='ocrx_word' id='word_1_179' title='bbox 1082 1963 1136 2006; x_wconf 90' lang='lat' dir='ltr'><strong>suo</strong></span> <span class='ocrx_word' id='word_1_180' title='bbox 1160 1945 1296 2027; x_wconf 88' lang='lat' dir='ltr'><strong>efficique</strong></span> <span class='ocrx_word' id='word_1_181' title='bbox 1319 1964 1374 2026; x_wconf 91' lang='lat' dir='ltr'><strong>per</strong></span> <span class='ocrx_word' id='word_1_182' title='bbox 1390 1945 1520 2008; x_wconf 85' lang='lat' dir='ltr'><strong>descen·</strong></span> 
     </span>
     <span class='ocr_line' id='line_1_19' title="bbox 164 2028 1518 2114; baseline 0 -17"><span class='ocrx_word' id='word_1_183' title='bbox 164 2053 244 2109; x_wconf 91' lang='lat' dir='ltr'><strong>sum;</strong></span> <span class='ocrx_word' id='word_1_184' title='bbox 277 2034 337 2097; x_wconf 66' lang='lat' dir='ltr'><strong>ud</strong></span> <span class='ocrx_word' id='word_1_185' title='bbox 359 2034 453 2114; x_wconf 91' lang='lat' dir='ltr'><strong>igitur</strong></span> <span class='ocrx_word' id='word_1_186' title='bbox 482 2033 688 2111; x_wconf 87' lang='lat' dir='ltr'><strong>imputandum</strong></span> <span class='ocrx_word' id='word_1_187' title='bbox 710 2051 819 2093; x_wconf 88' lang='lat' dir='ltr'><strong>causae</strong></span> <span class='ocrx_word' id='word_1_188' title='bbox 847 2028 974 2096; x_wconf 71' lang='lat' dir='ltr'><strong>metrici*</strong></span> <span class='ocrx_word' id='word_1_189' title='bbox 988 2051 1025 2095; x_wconf 83' lang='lat' dir='ltr'><strong>ex</strong></span> <span class='ocrx_word' id='word_1_190' title='bbox 1048 2031 1129 2107; x_wconf 87' lang='lat' dir='ltr'><strong>Sole</strong></span> <span class='ocrx_word' id='word_1_191' title='bbox 1144 2053 1199 2095; x_wconf 90' lang='lat' dir='ltr'><strong>nec</strong></span> <span class='ocrx_word' id='word_1_192' title='bbox 1226 2054 1261 2097; x_wconf 90' lang='lat' dir='ltr'><strong>eo</strong></span> <span class='ocrx_word' id='word_1_193' title='bbox 1285 2034 1401 2096; x_wconf 88' lang='lat' dir='ltr'><strong>turbari</strong></span> <span class='ocrx_word' id='word_1_194' title='bbox 1425 2034 1518 2097; x_wconf 83' lang='lat' dir='ltr'><strong>illem.</strong></span> 
     </span>
     <span class='ocr_line' id='line_1_20' title="bbox 250 2122 1519 2204; baseline 0 -18"><span class='ocrx_word' id='word_1_195' title='bbox 250 2123 356 2186; x_wconf 88' lang='lat' dir='ltr'><strong>Habes</strong></span> <span class='ocrx_word' id='word_1_196' title='bbox 385 2122 477 2202; x_wconf 88' lang='lat' dir='ltr'><strong>igitur</strong></span> <span class='ocrx_word' id='word_1_197' title='bbox 500 2122 634 2185; x_wconf 87' lang='lat' dir='ltr'><strong>studiose</strong></span> <span class='ocrx_word' id='word_1_198' title='bbox 660 2122 755 2182; x_wconf 88' lang='lat' dir='ltr'><strong>lector</strong></span> <span class='ocrx_word' id='word_1_199' title='bbox 778 2129 925 2183; x_wconf 85' lang='lat' dir='ltr'><strong>extante</strong></span> <span class='ocrx_word' id='word_1_200' title='bbox 953 2142 1076 2185; x_wconf 91' lang='lat' dir='ltr'><strong>numero</strong></span> <span class='ocrx_word' id='word_1_201' title='bbox 1100 2122 1232 2204; x_wconf 84' lang='lat' dir='ltr'><strong>capitum</strong></span> <span class='ocrx_word' id='word_1_202' title='bbox 1255 2131 1287 2186; x_wconf 89' lang='lat' dir='ltr'><strong>et</strong></span> <span class='ocrx_word' id='word_1_203' title='bbox 1309 2123 1519 2186; x_wconf 88' lang='lat' dir='ltr'><strong>methodorum</strong></span> 
     </span>
    </p>
   </div>
   <div class='ocr_carea' id='block_1_3' title="bbox 106 2210 1520 2385">
    <p class='ocr_par' dir='ltr' id='par_1_3' title="bbox 106 2210 1520 2385">
     <span class='ocr_line' id='line_1_21' title="bbox 163 2210 1520 2291; baseline -0.001 -14"><span class='ocrx_word' id='word_1_204' title='bbox 163 2213 322 2277; x_wconf 86' lang='lat' dir='ltr'><strong>methodos</strong></span> <span class='ocrx_word' id='word_1_205' title='bbox 346 2210 495 2291; x_wconf 91' lang='lat' dir='ltr'><strong>aequandi</strong></span> <span class='ocrx_word' id='word_1_206' title='bbox 517 2230 583 2273; x_wconf 91' lang='lat' dir='ltr'><strong>cum</strong></span> <span class='ocrx_word' id='word_1_207' title='bbox 606 2210 744 2291; x_wconf 90' lang='lat' dir='ltr'><strong>opinione</strong></span> <span class='ocrx_word' id='word_1_208' title='bbox 768 2229 835 2290; x_wconf 84' lang='lat' dir='ltr'><strong>cap.</strong></span> <span class='ocrx_word' id='word_1_209' title='bbox 859 2211 962 2275; x_wconf 87' lang='lat' dir='ltr'><strong>XLV</strong></span> <span class='ocrx_word' id='word_1_210' title='bbox 965 2212 1209 2277; x_wconf 56' lang='lat' dir='ltr'><strong>‘consentientes</strong></span> <span class='ocrx_word' id='word_1_211' title='bbox 1225 2220 1343 2276; x_wconf 89' lang='lat' dir='ltr'><strong>tautum</strong></span> <span class='ocrx_word' id='word_1_212' title='bbox 1358 2213 1453 2277; x_wconf 86' lang='lat' dir='ltr'><strong>duas:</strong></span> <span class='ocrx_word' id='word_1_213' title='bbox 1471 2213 1520 2276; x_wconf 85' lang='lat' dir='ltr'><strong>al·</strong></span> 
     </span>
     <span class='ocr_line' id='line_1_22' title="bbox 106 2299 1519 2385; baseline -0.004 -15"><span class='ocrx_word' id='word_1_214' title='bbox 106 2360 111 2370; x_wconf 91' lang='lat'><strong>.</strong></span> <span class='ocrx_word' id='word_1_215' title='bbox 164 2312 261 2367; x_wconf 86' lang='lat' dir='ltr'><strong>teram</strong></span> <span class='ocrx_word' id='word_1_216' title='bbox 298 2300 460 2385; x_wconf 85' lang='lat' dir='ltr'><strong>hypothesi</strong></span> <span class='ocrx_word' id='word_1_217' title='bbox 490 2300 617 2383; x_wconf 86' lang='lat' dir='ltr'><strong>physica</strong></span> <span class='ocrx_word' id='word_1_218' title='bbox 646 2319 712 2361; x_wconf 88' lang='lat' dir='ltr'><strong>cum</strong></span> <span class='ocrx_word' id='word_1_219' title='bbox 735 2301 868 2383; x_wconf 91' lang='lat' dir='ltr'><strong>epicyclo</strong></span> <span class='ocrx_word' id='word_1_220' title='bbox 891 2299 1084 2363; x_wconf 83' lang='lat' dir='ltr'><strong>commixta</strong></span> <span class='ocrx_word' id='word_1_221' title='bbox 1075 2321 1105 2363; x_wconf 88' lang='grc' dir='ltr'><strong>ιιι</strong></span> <span class='ocrx_word' id='word_1_222' title='bbox 1129 2302 1347 2382; x_wconf 84' lang='lat' dir='ltr'><strong>longitudinem</strong></span> <span class='ocrx_word' id='word_1_223' title='bbox 1368 2302 1519 2378; x_wconf 84' lang='lat' dir='ltr'><strong>ordinato,</strong></span> 
     </span>
    </p>
   </div>
   <div class='ocr_carea' id='block_1_4' title="bbox 56 2389 1519 2474">
    <p class='ocr_par' dir='ltr' id='par_1_4' title="bbox 56 2389 1519 2474">
     <span class='ocr_line' id='line_1_23' title="bbox 56 2389 1519 2474; baseline -0.003 -17"><span class='ocrx_word' id='word_1_224' title='bbox 56 2458 59 2463; x_wconf 83' lang='grc'><strong>,</strong></span> <span class='ocrx_word' id='word_1_225' title='bbox 165 2411 290 2473; x_wconf 83' lang='lat' dir='ltr'><strong>eamque</strong></span> <span class='ocrx_word' id='word_1_226' title='bbox 315 2410 382 2471; x_wconf 90' lang='lat' dir='ltr'><strong>cap.</strong></span> <span class='ocrx_word' id='word_1_227' title='bbox 405 2390 528 2464; x_wconf 82' lang='lat' dir='ltr'>XLIX3</span> <span class='ocrx_word' id='word_1_228' title='bbox 553 2390 680 2451; x_wconf 90' lang='lat' dir='ltr'><strong>alteram</strong></span> <span class='ocrx_word' id='word_1_229' title='bbox 703 2389 759 2450; x_wconf 93' lang='lat' dir='ltr'><strong>hoc</strong></span> <span class='ocrx_word' id='word_1_230' title='bbox 783 2389 882 2468; x_wconf 87' lang='lat' dir='ltr'><strong>capite</strong></span> <span class='ocrx_word' id='word_1_231' title='bbox 906 2391 1030 2472; x_wconf 86' lang='lat' dir='ltr'><strong>ejusque</strong></span> <span class='ocrx_word' id='word_1_232' title='bbox 1054 2390 1143 2453; x_wconf 90' lang='lat' dir='ltr'><strong>modo</strong></span> <span class='ocrx_word' id='word_1_233' title='bbox 1166 2400 1263 2467; x_wconf 88' lang='lat' dir='ltr'><strong>sexto,</strong></span> <span class='ocrx_word' id='word_1_234' title='bbox 1287 2411 1344 2473; x_wconf 90' lang='lat' dir='ltr'><strong>pro</strong></span> <span class='ocrx_word' id='word_1_235' title='bbox 1358 2391 1519 2474; x_wconf 83' lang='lat' dir='ltr'><strong>hypothesi</strong></span> 
     </span>
    </p>
   </div>
   <div class='ocr_carea' id='block_1_5' title="bbox 164 2477 1527 3096">
    <p class='ocr_par' dir='ltr' id='par_1_5' title="bbox 164 2477 1519 2829">
     <span class='ocr_line' id='line_1_24' title="bbox 164 2477 1519 2565; baseline -0.001 -21"><span class='ocrx_word' id='word_1_236' title='bbox 164 2482 291 2565; x_wconf 86' lang='lat' dir='ltr'><strong>physica</strong></span> <span class='ocrx_word' id='word_1_237' title='bbox 321 2479 494 2553; x_wconf 83' lang='lat' dir='ltr'><strong>sinceriori3</strong></span> <span class='ocrx_word' id='word_1_238' title='bbox 522 2477 573 2539; x_wconf 90' lang='lat' dir='ltr'><strong>ubi</strong></span> <span class='ocrx_word' id='word_1_239' title='bbox 601 2479 753 2560; x_wconf 92' lang='lat' dir='ltr'><strong>epicyclus</strong></span> <span class='ocrx_word' id='word_1_240' title='bbox 781 2478 854 2540; x_wconf 94' lang='lat' dir='ltr'><strong>nihil</strong></span> <span class='ocrx_word' id='word_1_241' title='bbox 887 2479 944 2540; x_wconf 91' lang='lat' dir='ltr'><strong>nisi</strong></span> <span class='ocrx_word' id='word_1_242' title='bbox 973 2480 1148 2543; x_wconf 85' lang='lat' dir='ltr'><strong>descensum</strong></span> <span class='ocrx_word' id='word_1_243' title='bbox 1172 2482 1211 2543; x_wconf 90' lang='lat' dir='ltr'><strong>ad</strong></span> <span class='ocrx_word' id='word_1_244' title='bbox 1238 2480 1340 2544; x_wconf 83' lang='lat' dir='ltr'><strong>Solem</strong></span> <span class='ocrx_word' id='word_1_245' title='bbox 1362 2488 1519 2562; x_wconf 76' lang='lat' dir='ltr'><strong>praestat3</strong></span> 
     </span>
     <span class='ocr_line' id='line_1_25' title="bbox 165 2567 1517 2651; baseline 0 -17"><span class='ocrx_word' id='word_1_246' title='bbox 165 2581 219 2635; x_wconf 89' lang='lat' dir='ltr'><strong>aut</strong></span> <span class='ocrx_word' id='word_1_247' title='bbox 241 2571 267 2631; x_wconf 91' lang='lat' dir='ltr'><strong>si</strong></span> <span class='ocrx_word' id='word_1_248' title='bbox 291 2568 357 2650; x_wconf 92' lang='lat' dir='ltr'><strong>quis</strong></span> <span class='ocrx_word' id='word_1_249' title='bbox 381 2569 463 2629; x_wconf 92' lang='lat' dir='ltr'><strong>illum</strong></span> <span class='ocrx_word' id='word_1_250' title='bbox 488 2568 580 2630; x_wconf 91' lang='lat' dir='ltr'><strong>vellet</strong></span> <span class='ocrx_word' id='word_1_251' title='bbox 604 2567 632 2629; x_wconf 93' lang='lat' dir='ltr'><strong>iu</strong></span> <span class='ocrx_word' id='word_1_252' title='bbox 647 2567 837 2629; x_wconf 83' lang='lat' dir='ltr'><strong>latitudInem</strong></span> <span class='ocrx_word' id='word_1_253' title='bbox 852 2569 1000 2644; x_wconf 89' lang='lat' dir='ltr'><strong>ordinare,</strong></span> <span class='ocrx_word' id='word_1_254' title='bbox 1025 2568 1140 2632; x_wconf 83' lang='lat' dir='ltr'><strong>rectum</strong></span> <span class='ocrx_word' id='word_1_255' title='bbox 1159 2571 1333 2651; x_wconf 89' lang='lat' dir='ltr'><strong>adplauum</strong></span> <span class='ocrx_word' id='word_1_256' title='bbox 1348 2570 1517 2651; x_wconf 88' lang='lat' dir='ltr'><strong>eclipticae.</strong></span> 
     </span>
     <span class='ocr_line' id='line_1_26' title="bbox 164 2656 1518 2738; baseline -0.001 -15"><span class='ocrx_word' id='word_1_257' title='bbox 164 2660 207 2723; x_wconf 89' lang='lat' dir='ltr'><strong>Et</strong></span> <span class='ocrx_word' id='word_1_258' title='bbox 229 2660 333 2722; x_wconf 84' lang='lat' dir='ltr'><strong>harum</strong></span> <span class='ocrx_word' id='word_1_259' title='bbox 357 2667 482 2738; x_wconf 88' lang='lat' dir='ltr'><strong>utraque</strong></span> <span class='ocrx_word' id='word_1_260' title='bbox 507 2656 634 2719; x_wconf 90' lang='lat' dir='ltr'><strong>diversis</strong></span> <span class='ocrx_word' id='word_1_261' title='bbox 658 2657 716 2719; x_wconf 93' lang='lat' dir='ltr'><strong>viis</strong></span> <span class='ocrx_word' id='word_1_262' title='bbox 740 2657 921 2718; x_wconf 87' lang='lat' dir='ltr'><strong>consentit</strong></span> <span class='ocrx_word' id='word_1_263' title='bbox 914 2677 942 2719; x_wconf 81' lang='lat' dir='ltr'><strong>in</strong></span> <span class='ocrx_word' id='word_1_264' title='bbox 967 2677 1056 2721; x_wconf 93' lang='lat' dir='ltr'><strong>unum</strong></span> <span class='ocrx_word' id='word_1_265' title='bbox 1071 2659 1220 2722; x_wconf 83' lang='lat' dir='ltr'><strong>effectum.</strong></span> <span class='ocrx_word' id='word_1_266' title='bbox 1259 2657 1327 2731; x_wconf 86' lang='lat' dir='ltr'><strong>Quo</strong></span> <span class='ocrx_word' id='word_1_267' title='bbox 1347 2658 1518 2725; x_wconf 76' lang='lat' dir='ltr'><strong>tutiusillis</strong></span> 
     </span>
     <span class='ocr_line' id='line_1_27' title="bbox 165 2746 1091 2829; baseline -0.003 -17"><span class='ocrx_word' id='word_1_268' title='bbox 165 2749 255 2813; x_wconf 86' lang='lat' dir='ltr'><strong>fidere</strong></span> <span class='ocrx_word' id='word_1_269' title='bbox 279 2747 393 2829; x_wconf 87' lang='lat' dir='ltr'><strong>poteris</strong></span> <span class='ocrx_word' id='word_1_270' title='bbox 417 2747 447 2808; x_wconf 93' lang='lat' dir='ltr'><strong>in</strong></span> <span class='ocrx_word' id='word_1_271' title='bbox 471 2746 670 2809; x_wconf 79' lang='lat' dir='ltr'><strong>examinanda</strong></span> <span class='ocrx_word' id='word_1_272' title='bbox 693 2746 830 2826; x_wconf 90' lang='lat' dir='ltr'><strong>opinione</strong></span> <span class='ocrx_word' id='word_1_273' title='bbox 858 2746 967 2828; x_wconf 89' lang='lat' dir='ltr'><strong>capitis</strong></span> <span class='ocrx_word' id='word_1_274' title='bbox 990 2746 1091 2811; x_wconf 91' lang='lat' dir='ltr'><strong>XLV</strong></span> 
     </span>
    </p>

    <p class='ocr_par' dir='ltr' id='par_1_6' title="bbox 165 2826 1527 3096">
     <span class='ocr_line' id='line_1_28' title="bbox 254 2826 1517 2920; baseline -0.001 -20"><span class='ocrx_word' id='word_1_275' title='bbox 254 2837 296 2900; x_wconf 81' lang='lat' dir='ltr'><strong>Et</strong></span> <span class='ocrx_word' id='word_1_276' title='bbox 323 2836 507 2899; x_wconf 87' lang='lat' dir='ltr'><strong>hacteuus</strong></span> <span class='ocrx_word' id='word_1_277' title='bbox 498 2836 580 2897; x_wconf 86' lang='lat' dir='ltr'><strong>ruaui</strong></span> <span class='ocrx_word' id='word_1_278' title='bbox 612 2836 720 2898; x_wconf 87' lang='lat' dir='ltr'><strong>fiducia</strong></span> <span class='ocrx_word' id='word_1_279' title='bbox 752 2836 941 2899; x_wconf 87' lang='lat' dir='ltr'><strong>inventarum</strong></span> <span class='ocrx_word' id='word_1_280' title='bbox 968 2826 1104 2899; x_wconf 83' lang='lat' dir='ltr'><strong>veranlh</strong></span> <span class='ocrx_word' id='word_1_281' title='bbox 1136 2855 1294 2899; x_wconf 84' lang='lat' dir='ltr'><strong>causarum</strong></span> <span class='ocrx_word' id='word_1_282' title='bbox 1325 2834 1517 2920; x_wconf 81' lang='lat' dir='ltr'><strong>physicarum</strong></span> 
     </span>
     <span class='ocr_line' id='line_1_29' title="bbox 166 2924 1527 3057; baseline -0.001 -65"><span class='ocrx_word' id='word_1_283' title='bbox 166 2930 203 2991; x_wconf 90' lang='lat' dir='ltr'><strong>de</strong></span> <span class='ocrx_word' id='word_1_284' title='bbox 226 2927 326 2991; x_wconf 83' lang='lat' dir='ltr'><strong>Marte</strong></span> <span class='ocrx_word' id='word_1_285' title='bbox 351 2926 446 2989; x_wconf 91' lang='lat' dir='ltr'><strong>denno</strong></span> <span class='ocrx_word' id='word_1_286' title='bbox 470 2925 685 3005; x_wconf 89' lang='lat' dir='ltr'><strong>triumphatum</strong></span> <span class='ocrx_word' id='word_1_287' title='bbox 709 2934 784 2986; x_wconf 91' lang='lat' dir='ltr'><strong>esto.</strong></span> <span class='ocrx_word' id='word_1_288' title='bbox 831 2925 918 3057; x_wconf 70' lang='lat' dir='ltr'><strong>lypuc</strong></span> <span class='ocrx_word' id='word_1_289' title='bbox 948 2945 995 2989; x_wconf 88' lang='lat' dir='ltr'><strong>me</strong></span> <span class='ocrx_word' id='word_1_290' title='bbox 1023 2924 1124 2989; x_wconf 92' lang='lat' dir='ltr'><strong>nescio</strong></span> <span class='ocrx_word' id='word_1_291' title='bbox 1148 2925 1214 3009; x_wconf 91' lang='lat' dir='ltr'><strong>quis</strong></span> <span class='ocrx_word' id='word_1_292' title='bbox 1238 2945 1338 2990; x_wconf 83' lang='lat' dir='ltr'><strong>mmor</strong></span> <span class='ocrx_word' id='word_1_293' title='bbox 1361 2926 1402 2990; x_wconf 87' lang='lat' dir='ltr'><strong>ad</strong></span> <span class='ocrx_word' id='word_1_294' title='bbox 1425 2942 1527 2991; x_wconf 64' lang='lat' dir='ltr'><strong>noret</strong></span> 
     </span>
     <span class='ocr_line' id='line_1_30' title="bbox 165 3013 780 3096; baseline -0.015 -13"><span class='ocrx_word' id='word_1_295' title='bbox 165 3016 310 3083; x_wconf 79' lang='lat' dir='ltr'><strong>tumultus</strong></span> <span class='ocrx_word' id='word_1_296' title='bbox 338 3034 490 3096; x_wconf 86' lang='lat' dir='ltr'><strong>novosque</strong></span> <span class='ocrx_word' id='word_1_297' title='bbox 515 3015 634 3077; x_wconf 84' lang='lat' dir='ltr'><strong>labores</strong></span> <span class='ocrx_word' id='word_1_298' title='bbox 658 3013 780 3076; x_wconf 79' lang='lat' dir='ltr'><strong>excitat.</strong></span> 
     </span>
    </p>
   </div>
   <div class='ocr_carea' id='block_1_6' title="bbox 759 3245 928 3257">
    <p class='ocr_par' dir='ltr' id='par_1_7' title="bbox 759 3245 928 3257">
     <span class='ocr_line' id='line_1_31' title="bbox 759 3245 928 3257; baseline -0.006 -1"><span class='ocrx_word' id='word_1_299' title='bbox 759 3245 928 3257; x_wconf 63' lang='lat' dir='ltr'><strong>-u—</strong></span> 
     </span>
    </p>
   </div>
   <div class='ocr_carea' id='block_1_7' title="bbox 737 3419 952 3522">
    <p class='ocr_par' dir='ltr' id='par_1_8' title="bbox 737 3419 952 3522">
     <span class='ocr_line' id='line_1_32' title="bbox 737 3419 952 3522; baseline 0 -24"><span class='ocrx_word' id='word_1_300' title='bbox 737 3421 857 3522; x_wconf 83' lang='lat' dir='ltr'><strong>Caput</strong></span> <span class='ocrx_word' id='word_1_301' title='bbox 891 3419 952 3498; x_wconf 92' lang='lat' dir='ltr'><strong>LI</strong></span> 
     </span>
    </p>
   </div>
   <div class='ocr_carea' id='block_1_8' title="bbox 167 3584 1520 3675">
    <p class='ocr_par' dir='ltr' id='par_1_9' title="bbox 167 3584 1520 3675">
     <span class='ocr_line' id='line_1_33' title="bbox 167 3584 1520 3675; baseline 0 -24"><span class='ocrx_word' id='word_1_302' title='bbox 167 3587 392 3675; x_wconf 64' lang='lat' dir='ltr'><strong>&amp;plorantur</strong></span> <span class='ocrx_word' id='word_1_303' title='bbox 409 3595 438 3649; x_wconf 89' lang='lat' dir='ltr'><strong>et</strong></span> <span class='ocrx_word' id='word_1_304' title='bbox 453 3592 680 3669; x_wconf 66' lang='lat' dir='ltr'><strong>comparamur</strong></span> <span class='ocrx_word' id='word_1_305' title='bbox 702 3584 875 3650; x_wconf 80' lang='lat' dir='ltr'><strong>distantiae</strong></span> <span class='ocrx_word' id='word_1_306' title='bbox 890 3584 1009 3649; x_wconf 81' lang='lat' dir='ltr'><strong>Martia</strong></span> <span class='ocrx_word' id='word_1_307' title='bbox 1028 3605 1050 3647; x_wconf 82' lang='lat' dir='ltr'><strong>o</strong></span> <span class='ocrx_word' id='word_1_308' title='bbox 1064 3584 1175 3649; x_wconf 80' lang='lat' dir='ltr'><strong>Sole</strong></span> <span class='ocrx_word' id='word_1_309' title='bbox 1161 3608 1196 3648; x_wconf 79' lang='grc' dir='ltr'><strong>ιιι</strong></span> <span class='ocrx_word' id='word_1_310' title='bbox 1214 3584 1520 3674; x_wconf 51' lang='lat' dir='ltr'><strong>sepedictorum</strong></span> 
     </span>
    </p>
   </div>
   <div class='ocr_carea' id='block_1_9' title="bbox 167 3658 1521 3828">
    <p class='ocr_par' dir='ltr' id='par_1_10' title="bbox 167 3658 1521 3828">
     <span class='ocr_line' id='line_1_34' title="bbox 167 3658 1521 3777; baseline -0.004 -34"><span class='ocrx_word' id='word_1_311' title='bbox 167 3658 360 3743; x_wconf 53' lang='lat' dir='ltr'><strong>mercati</strong></span> <span class='ocrx_word' id='word_1_312' title='bbox 381 3676 537 3739; x_wconf 69' lang='lat' dir='ltr'><strong>dinamio</strong></span> <span class='ocrx_word' id='word_1_313' title='bbox 560 3679 600 3739; x_wconf 83' lang='lat' dir='ltr'><strong>ab</strong></span> <span class='ocrx_word' id='word_1_314' title='bbox 615 3676 760 3758; x_wconf 82' lang='lat' dir='ltr'><strong>aphelio:</strong></span> <span class='ocrx_word' id='word_1_315' title='bbox 752 3671 879 3738; x_wconf 60' lang='lat' dir='ltr'><strong>wimod</strong></span> <span class='ocrx_word' id='word_1_316' title='bbox 901 3674 997 3739; x_wconf 64' lang='lat' dir='ltr'><strong>mam</strong></span> <span class='ocrx_word' id='word_1_317' title='bbox 1019 3675 1205 3758; x_wconf 76' lang='lat' dir='ltr'><strong>explorator</strong></span> <span class='ocrx_word' id='word_1_318' title='bbox 1219 3677 1305 3759; x_wconf 73' lang='lat' dir='ltr'><strong>fides</strong></span> <span class='ocrx_word' id='word_1_319' title='bbox 1318 3675 1521 3777; x_wconf 66' lang='lat' dir='ltr'><strong>hypqthaeen</strong></span> 
     </span>
     <span class='ocr_line' id='line_1_35' title="bbox 772 3764 921 3828; baseline -0.014 -1"><span class='ocrx_word' id='word_1_320' title='bbox 772 3764 921 3828; x_wconf 64' lang='lat' dir='ltr'><strong>meamne.</strong></span> 
     </span>
    </p>
   </div>
   <div class='ocr_carea' id='block_1_10' title="bbox 169 3905 1522 4527">
    <p class='ocr_par' dir='ltr' id='par_1_11' title="bbox 169 3905 1522 4527">
     <span class='ocr_line' id='line_1_36' title="bbox 255 3905 1520 3987; baseline -0.002 -16"><span class='ocrx_word' id='word_1_321' title='bbox 255 3906 366 3971; x_wconf 92' lang='lat' dir='ltr'><strong>Dum</strong></span> <span class='ocrx_word' id='word_1_322' title='bbox 358 3927 388 3968; x_wconf 90' lang='lat' dir='ltr'><strong>ru</strong></span> <span class='ocrx_word' id='word_1_323' title='bbox 411 3906 488 3969; x_wconf 92' lang='lat' dir='ltr'><strong>huuc</strong></span> <span class='ocrx_word' id='word_1_324' title='bbox 511 3907 630 3968; x_wconf 91' lang='lat' dir='ltr'><strong>modum</strong></span> <span class='ocrx_word' id='word_1_325' title='bbox 653 3907 689 3968; x_wconf 92' lang='lat' dir='ltr'><strong>de</strong></span> <span class='ocrx_word' id='word_1_326' title='bbox 714 3906 824 3968; x_wconf 87' lang='lat' dir='ltr'><strong>Martis</strong></span> <span class='ocrx_word' id='word_1_327' title='bbox 848 3905 977 3968; x_wconf 89' lang='lat' dir='ltr'><strong>motibus</strong></span> <span class='ocrx_word' id='word_1_328' title='bbox 1000 3906 1161 3987; x_wconf 89' lang='lat' dir='ltr'><strong>triumpho,</strong></span> <span class='ocrx_word' id='word_1_329' title='bbox 1184 3906 1271 3986; x_wconf 87' lang='lat' dir='ltr'><strong>eique</strong></span> <span class='ocrx_word' id='word_1_330' title='bbox 1294 3912 1328 3966; x_wconf 89' lang='lat' dir='ltr'><strong>ut</strong></span> <span class='ocrx_word' id='word_1_331' title='bbox 1350 3905 1442 3985; x_wconf 84' lang='lat' dir='ltr'><strong>plane</strong></span> <span class='ocrx_word' id='word_1_332' title='bbox 1466 3907 1520 3969; x_wconf 86' lang='lat' dir='ltr'><strong>de·</strong></span> 
     </span>
     <span class='ocr_line' id='line_1_37' title="bbox 170 3974 1521 4078; baseline -0.001 -19"><span class='ocrx_word' id='word_1_333' title='bbox 170 3974 262 4061; x_wconf 85' lang='lat' dir='ltr'><strong>ricto</strong></span> <span class='ocrx_word' id='word_1_334' title='bbox 275 3995 444 4058; x_wconf 87' lang='lat' dir='ltr'><strong>tabularum</strong></span> <span class='ocrx_word' id='word_1_335' title='bbox 468 4015 605 4058; x_wconf 87' lang='lat' dir='ltr'><strong>carceres</strong></span> <span class='ocrx_word' id='word_1_336' title='bbox 630 4003 660 4057; x_wconf 92' lang='lat' dir='ltr'><strong>et</strong></span> <span class='ocrx_word' id='word_1_337' title='bbox 684 3994 894 4078; x_wconf 83' lang='lat' dir='ltr'><strong>aequationem</strong></span> <span class='ocrx_word' id='word_1_338' title='bbox 918 3996 1048 4057; x_wconf 90' lang='lat' dir='ltr'><strong>eccentri</strong></span> <span class='ocrx_word' id='word_1_339' title='bbox 1071 3995 1231 4078; x_wconf 90' lang='lat' dir='ltr'><strong>compedes</strong></span> <span class='ocrx_word' id='word_1_340' title='bbox 1255 4002 1360 4070; x_wconf 88' lang='lat' dir='ltr'><strong>necto,</strong></span> <span class='ocrx_word' id='word_1_341' title='bbox 1393 3995 1521 4058; x_wconf 84' lang='lat' dir='ltr'><strong>dirersis</strong></span> 
     </span>
     <span class='ocr_line' id='line_1_38' title="bbox 169 4084 1521 4160; baseline -0.003 -9"><span class='ocrx_word' id='word_1_342' title='bbox 169 4084 327 4151; x_wconf 81' lang='lat' dir='ltr'><strong>nuntiatur</strong></span> <span class='ocrx_word' id='word_1_343' title='bbox 350 4086 440 4160; x_wconf 90' lang='lat' dir='ltr'><strong>locis,</strong></span> <span class='ocrx_word' id='word_1_344' title='bbox 473 4085 589 4151; x_wconf 82' lang='lat' dir='ltr'><strong>sutilem</strong></span> <span class='ocrx_word' id='word_1_345' title='bbox 617 4085 776 4147; x_wconf 81' lang='lat' dir='ltr'><strong>uictoriam</strong></span> <span class='ocrx_word' id='word_1_346' title='bbox 800 4095 831 4146; x_wconf 89' lang='lat' dir='ltr'><strong>et</strong></span> <span class='ocrx_word' id='word_1_347' title='bbox 854 4084 963 4145; x_wconf 91' lang='lat' dir='ltr'><strong>bellum</strong></span> <span class='ocrx_word' id='word_1_348' title='bbox 988 4092 1054 4146; x_wconf 89' lang='lat' dir='ltr'><strong>tota</strong></span> <span class='ocrx_word' id='word_1_349' title='bbox 1076 4086 1153 4147; x_wconf 92' lang='lat' dir='ltr'><strong>mole</strong></span> <span class='ocrx_word' id='word_1_350' title='bbox 1176 4085 1397 4147; x_wconf 86' lang='lat' dir='ltr'><strong>recrudescere.</strong></span> <span class='ocrx_word' id='word_1_351' title='bbox 1443 4085 1521 4149; x_wconf 77' lang='lat' dir='ltr'><strong>liam</strong></span> 
     </span>
     <span class='ocr_line' id='line_1_39' title="bbox 170 4173 1522 4277; baseline -0.003 -38"><span class='ocrx_word' id='word_1_352' title='bbox 170 4175 249 4277; x_wconf 81' lang='lat' dir='ltr'><strong>dqmi</strong></span> <span class='ocrx_word' id='word_1_353' title='bbox 273 4174 391 4259; x_wconf 89' lang='lat' dir='ltr'><strong>quidem</strong></span> <span class='ocrx_word' id='word_1_354' title='bbox 407 4175 521 4244; x_wconf 79' lang='lat' dir='ltr'><strong>hostis,</strong></span> <span class='ocrx_word' id='word_1_355' title='bbox 543 4183 577 4236; x_wconf 90' lang='lat' dir='ltr'><strong>ut</strong></span> <span class='ocrx_word' id='word_1_356' title='bbox 602 4174 738 4254; x_wconf 84' lang='lat' dir='ltr'><strong>captivus</strong></span> <span class='ocrx_word' id='word_1_357' title='bbox 762 4181 940 4248; x_wconf 85' lang='lat' dir='ltr'><strong>contemtus,</strong></span> <span class='ocrx_word' id='word_1_358' title='bbox 965 4174 1045 4254; x_wconf 92' lang='lat' dir='ltr'><strong>rupit</strong></span> <span class='ocrx_word' id='word_1_359' title='bbox 1059 4174 1159 4236; x_wconf 89' lang='lat' dir='ltr'><strong>omnia</strong></span> <span class='ocrx_word' id='word_1_360' title='bbox 1177 4173 1388 4252; x_wconf 90' lang='lat' dir='ltr'><strong>aequationnm</strong></span> <span class='ocrx_word' id='word_1_361' title='bbox 1404 4173 1522 4237; x_wconf 81' lang='lat' dir='ltr'><strong>vincula</strong></span> 
     </span>
     <span class='ocr_line' id='line_1_40' title="bbox 170 4262 1522 4345; baseline -0.004 -15"><span class='ocrx_word' id='word_1_362' title='bbox 170 4284 364 4345; x_wconf 84' lang='lat' dir='ltr'><strong>carcsresqne</strong></span> <span class='ocrx_word' id='word_1_363' title='bbox 390 4263 559 4326; x_wconf 90' lang='lat' dir='ltr'><strong>tabularum</strong></span> <span class='ocrx_word' id='word_1_364' title='bbox 584 4263 712 4344; x_wconf 83' lang='lat' dir='ltr'><strong>effregit.</strong></span> <span class='ocrx_word' id='word_1_365' title='bbox 758 4264 852 4325; x_wconf 78' lang='lat' dir='ltr'><strong>Nulla</strong></span> <span class='ocrx_word' id='word_1_366' title='bbox 882 4262 960 4324; x_wconf 91' lang='lat' dir='ltr'><strong>euim</strong></span> <span class='ocrx_word' id='word_1_367' title='bbox 988 4264 1147 4326; x_wconf 90' lang='lat' dir='ltr'><strong>methodus</strong></span> <span class='ocrx_word' id='word_1_368' title='bbox 1175 4282 1213 4325; x_wconf 85' lang='lat' dir='ltr'><strong>ex</strong></span> <span class='ocrx_word' id='word_1_369' title='bbox 1244 4264 1432 4345; x_wconf 91' lang='lat' dir='ltr'><strong>praescripto</strong></span> <span class='ocrx_word' id='word_1_370' title='bbox 1456 4263 1522 4344; x_wconf 91' lang='lat' dir='ltr'><strong>opi·</strong></span> 
     </span>
     <span class='ocr_line' id='line_1_41' title="bbox 171 4352 1521 4434; baseline -0.002 -15"><span class='ocrx_word' id='word_1_371' title='bbox 171 4355 268 4419; x_wconf 89' lang='lat' dir='ltr'><strong>olonis</strong></span> <span class='ocrx_word' id='word_1_372' title='bbox 292 4372 358 4433; x_wconf 94' lang='lat' dir='ltr'><strong>cap.</strong></span> <span class='ocrx_word' id='word_1_373' title='bbox 382 4354 482 4416; x_wconf 63' lang='lat' dir='ltr'><strong>XLV</strong></span> <span class='ocrx_word' id='word_1_374' title='bbox 508 4352 721 4414; x_wconf 86' lang='lat' dir='ltr'><strong>administrata</strong></span> <span class='ocrx_word' id='word_1_375' title='bbox 735 4352 927 4434; x_wconf 85' lang='lat' dir='ltr'><strong>geometrice,</strong></span> <span class='ocrx_word' id='word_1_376' title='bbox 951 4353 1093 4415; x_wconf 89' lang='lat' dir='ltr'><strong>vicariam</strong></span> <span class='ocrx_word' id='word_1_377' title='bbox 1112 4352 1290 4434; x_wconf 89' lang='lat' dir='ltr'><strong>hypothesin</strong></span> <span class='ocrx_word' id='word_1_378' title='bbox 1306 4352 1418 4433; x_wconf 85' lang='lat' dir='ltr'><strong>caprtrs</strong></span> <span class='ocrx_word' id='word_1_379' title='bbox 1430 4352 1521 4419; x_wconf 84' lang='lat' dir='ltr'><strong>XVI</strong></span> 
     </span>
     <span class='ocr_line' id='line_1_42' title="bbox 171 4441 1521 4527; baseline -0.003 -20"><span class='ocrx_word' id='word_1_380' title='bbox 171 4444 262 4527; x_wconf 90' lang='lat' dir='ltr'><strong>(quae</strong></span> <span class='ocrx_word' id='word_1_381' title='bbox 286 4462 375 4506; x_wconf 76' lang='lat' dir='ltr'><strong>veras</strong></span> <span class='ocrx_word' id='word_1_382' title='bbox 398 4442 490 4505; x_wconf 86' lang='lat' dir='ltr'><strong>hahet</strong></span> <span class='ocrx_word' id='word_1_383' title='bbox 513 4441 708 4523; x_wconf 86' lang='lat' dir='ltr'><strong>aequatioues</strong></span> <span class='ocrx_word' id='word_1_384' title='bbox 732 4463 770 4505; x_wconf 88' lang='lat' dir='ltr'><strong>ex</strong></span> <span class='ocrx_word' id='word_1_385' title='bbox 794 4444 873 4504; x_wconf 84' lang='lat' dir='ltr'><strong>salsa</strong></span> <span class='ocrx_word' id='word_1_386' title='bbox 897 4462 988 4504; x_wconf 87' lang='lat' dir='ltr'><strong>causa</strong></span> <span class='ocrx_word' id='word_1_387' title='bbox 1011 4445 1186 4515; x_wconf 87' lang='lat' dir='ltr'><strong>manantes)</strong></span> <span class='ocrx_word' id='word_1_388' title='bbox 1215 4441 1441 4524; x_wconf 76' lang='lat' dir='ltr'><strong>propinquitate</strong></span> <span class='ocrx_word' id='word_1_389' title='bbox 1464 4460 1521 4504; x_wconf 91' lang='lat' dir='ltr'><strong>un·</strong></span> 
     </span>
    </p>
   </div>
   <div class='ocr_carea' id='block_1_11' title="bbox 174 4582 489 4593">
    <p class='ocr_par' dir='ltr' id='par_1_12' title="bbox 174 4582 489 4593">
     <span class='ocr_line' id='line_1_43' title="bbox 174 4582 489 4593; baseline -0.006 -1"><span class='ocrx_word' id='word_1_390' title='bbox 174 4582 489 4593; x_wconf 80' lang='lat'><em>-—-.-—----.-</em></span> 
     </span>
    </p>
   </div>
   <div class='ocr_carea' id='block_1_12' title="bbox 172 4652 1523 4972">
    <p class='ocr_par' dir='ltr' id='par_1_13' title="bbox 172 4652 1523 4972">
     <span class='ocr_line' id='line_1_44' title="bbox 259 4652 1523 4729; baseline -0.001 -15"><span class='ocrx_word' id='word_1_391' title='bbox 259 4652 287 4729; x_wconf 76' lang='grc'><strong>·)</strong></span> <span class='ocrx_word' id='word_1_392' title='bbox 307 4660 337 4714; x_wconf 95' lang='lat' dir='ltr'><strong>In</strong></span> <span class='ocrx_word' id='word_1_393' title='bbox 359 4658 411 4712; x_wconf 86' lang='lat' dir='ltr'><strong>hoc</strong></span> <span class='ocrx_word' id='word_1_394' title='bbox 431 4664 511 4714; x_wconf 82' lang='lat' dir='ltr'><strong>sexto</strong></span> <span class='ocrx_word' id='word_1_395' title='bbox 533 4656 610 4713; x_wconf 91' lang='lat' dir='ltr'><strong>modo</strong></span> <span class='ocrx_word' id='word_1_396' title='bbox 632 4655 769 4709; x_wconf 85' lang='lat' dir='ltr'><strong>anomalia</strong></span> <span class='ocrx_word' id='word_1_397' title='bbox 789 4656 874 4710; x_wconf 88' lang='lat' dir='ltr'><strong>tertia</strong></span> <span class='ocrx_word' id='word_1_398' title='bbox 894 4663 938 4711; x_wconf 88' lang='lat' dir='ltr'><strong>est</strong></span> <span class='ocrx_word' id='word_1_399' title='bbox 950 4656 1046 4722; x_wconf 79' lang='lat' dir='ltr'><strong>EAD,</strong></span> <span class='ocrx_word' id='word_1_400' title='bbox 1067 4659 1189 4712; x_wconf 78' lang='lat' dir='ltr'><strong>secunde</strong></span> <span class='ocrx_word' id='word_1_401' title='bbox 1201 4657 1261 4721; x_wconf 78' lang='grc' dir='ltr'><strong>ΕΙ),</strong></span> <span class='ocrx_word' id='word_1_402' title='bbox 1283 4656 1373 4728; x_wconf 77' lang='lat' dir='ltr'><strong>prima</strong></span> <span class='ocrx_word' id='word_1_403' title='bbox 1391 4674 1459 4713; x_wconf 77' lang='lat' dir='ltr'><strong>raro</strong></span> <span class='ocrx_word' id='word_1_404' title='bbox 1478 4666 1523 4713; x_wconf 77' lang='lat' dir='ltr'><strong>set</strong></span> 
     </span>
     <span class='ocr_line' id='line_1_45' title="bbox 172 4736 1522 4809; baseline -0.001 -13"><span class='ocrx_word' id='word_1_405' title='bbox 172 4756 277 4796; x_wconf 82' lang='lat' dir='ltr'><strong>summa</strong></span> <span class='ocrx_word' id='word_1_406' title='bbox 305 4740 439 4796; x_wconf 85' lang='lat' dir='ltr'><strong>linearum</strong></span> <span class='ocrx_word' id='word_1_407' title='bbox 459 4740 519 4802; x_wconf 80' lang='lat' dir='ltr'><strong>AG,</strong></span> <span class='ocrx_word' id='word_1_408' title='bbox 539 4738 601 4800; x_wconf 80' lang='lat' dir='ltr'><strong>AF,</strong></span> <span class='ocrx_word' id='word_1_409' title='bbox 623 4736 670 4790; x_wconf 90' lang='lat' dir='ltr'><strong>nbi</strong></span> <span class='ocrx_word' id='word_1_410' title='bbox 697 4737 746 4791; x_wconf 69' lang='grc' dir='ltr'><strong>ΔΡ</strong></span> <span class='ocrx_word' id='word_1_411' title='bbox 769 4737 814 4790; x_wconf 82' lang='lat' dir='ltr'><strong>rel</strong></span> <span class='ocrx_word' id='word_1_412' title='bbox 834 4737 883 4792; x_wconf 80' lang='lat' dir='ltr'><strong>Ac</strong></span> <span class='ocrx_word' id='word_1_413' title='bbox 908 4736 936 4792; x_wconf 91' lang='lat' dir='ltr'><strong>in</strong></span> <span class='ocrx_word' id='word_1_414' title='bbox 956 4738 1006 4793; x_wconf 81' lang='grc' dir='ltr'><strong>ΔΕ</strong></span> <span class='ocrx_word' id='word_1_415' title='bbox 1027 4739 1166 4793; x_wconf 83' lang='lat' dir='ltr'><strong>translata</strong></span> <span class='ocrx_word' id='word_1_416' title='bbox 1190 4737 1375 4809; x_wconf 76' lang='lat' dir='ltr'><strong>intelligatur.</strong></span> <span class='ocrx_word' id='word_1_417' title='bbox 1416 4737 1522 4794; x_wconf 79' lang='lat' dir='ltr'><strong>Nihilo·</strong></span> 
     </span>
     <span class='ocr_line' id='line_1_46' title="bbox 172 4812 1522 4891; baseline -0.001 -14"><span class='ocrx_word' id='word_1_418' title='bbox 172 4822 259 4879; x_wconf 84' lang='lat' dir='ltr'><strong>minna</strong></span> <span class='ocrx_word' id='word_1_419' title='bbox 278 4819 308 4875; x_wconf 87' lang='lat' dir='ltr'><strong>in</strong></span> <span class='ocrx_word' id='word_1_420' title='bbox 328 4821 511 4890; x_wconf 79' lang='lat' dir='ltr'><strong>computanda</strong></span> <span class='ocrx_word' id='word_1_421' title='bbox 540 4816 673 4872; x_wconf 87' lang='lat' dir='ltr'><strong>distantia</strong></span> <span class='ocrx_word' id='word_1_422' title='bbox 692 4816 752 4880; x_wconf 79' lang='lat' dir='ltr'><strong>AB,</strong></span> <span class='ocrx_word' id='word_1_423' title='bbox 772 4818 825 4871; x_wconf 90' lang='lat' dir='ltr'><strong>hoc</strong></span> <span class='ocrx_word' id='word_1_424' title='bbox 851 4824 896 4872; x_wconf 89' lang='lat' dir='ltr'><strong>est</strong></span> <span class='ocrx_word' id='word_1_425' title='bbox 914 4818 963 4873; x_wconf 76' lang='lat' dir='ltr'><strong>Ac</strong></span> <span class='ocrx_word' id='word_1_426' title='bbox 989 4812 1040 4887; x_wconf 84' lang='lat' dir='ltr'><strong>(ex</strong></span> <span class='ocrx_word' id='word_1_427' title='bbox 1068 4835 1124 4891; x_wconf 86' lang='lat' dir='ltr'><strong>qua</strong></span> <span class='ocrx_word' id='word_1_428' title='bbox 1151 4818 1213 4873; x_wconf 81' lang='lat' dir='ltr'><strong>fluit</strong></span> <span class='ocrx_word' id='word_1_429' title='bbox 1232 4813 1294 4889; x_wconf 74' lang='lat' dir='ltr'><strong>AF)</strong></span> <span class='ocrx_word' id='word_1_430' title='bbox 1312 4817 1363 4874; x_wconf 79' lang='lat' dir='ltr'><strong>DC</strong></span> <span class='ocrx_word' id='word_1_431' title='bbox 1382 4819 1430 4875; x_wconf 75' lang='lat' dir='ltr'><strong>nst</strong></span> <span class='ocrx_word' id='word_1_432' title='bbox 1447 4816 1522 4875; x_wconf 76' lang='lat' dir='ltr'><strong>nnc</strong></span> 
     </span>
     <span class='ocr_line' id='line_1_47' title="bbox 173 4895 1521 4972; baseline -0.001 -15"><span class='ocrx_word' id='word_1_433' title='bbox 173 4908 218 4958; x_wconf 84' lang='lat' dir='ltr'><strong>est</strong></span> <span class='ocrx_word' id='word_1_434' title='bbox 230 4898 314 4957; x_wconf 77' lang='lat' dir='ltr'><strong>stiam</strong></span> <span class='ocrx_word' id='word_1_435' title='bbox 325 4900 423 4972; x_wconf 73' lang='lat' dir='ltr'><strong>prime.</strong></span> <span class='ocrx_word' id='word_1_436' title='bbox 453 4902 490 4955; x_wconf 90' lang='lat' dir='ltr'><strong>Ut</strong></span> <span class='ocrx_word' id='word_1_437' title='bbox 503 4898 545 4954; x_wconf 84' lang='lat' dir='ltr'><strong>ita</strong></span> <span class='ocrx_word' id='word_1_438' title='bbox 558 4898 602 4953; x_wconf 90' lang='lat' dir='ltr'><strong>hio</strong></span> <span class='ocrx_word' id='word_1_439' title='bbox 616 4897 657 4953; x_wconf 85' lang='lat' dir='ltr'><strong>bis</strong></span> <span class='ocrx_word' id='word_1_440' title='bbox 672 4895 812 4969; x_wconf 75' lang='lat' dir='ltr'><strong>pingatur,</strong></span> <span class='ocrx_word' id='word_1_441' title='bbox 836 4897 901 4970; x_wconf 80' lang='lat' dir='ltr'><strong>qnia</strong></span> <span class='ocrx_word' id='word_1_442' title='bbox 913 4900 967 4953; x_wconf 90' lang='lat' dir='ltr'><strong>duo</strong></span> <span class='ocrx_word' id='word_1_443' title='bbox 980 4898 1193 4971; x_wconf 68' lang='lat' dir='ltr'><strong>inrutignutur,</strong></span> <span class='ocrx_word' id='word_1_444' title='bbox 1214 4904 1323 4970; x_wconf 77' lang='lat' dir='ltr'><strong>tenpus</strong></span> <span class='ocrx_word' id='word_1_445' title='bbox 1336 4904 1368 4954; x_wconf 75' lang='lat' dir='ltr'><strong>et</strong></span> <span class='ocrx_word' id='word_1_446' title='bbox 1379 4899 1521 4955; x_wconf 50' lang='lat' dir='ltr'><strong>eliasu</strong></span> 
     </span>
    </p>
   </div>
   <div class='ocr_carea' id='block_1_13' title="bbox 0 0 1698 5534">
    <p class='ocr_par' dir='ltr' id='par_1_14' title="bbox 0 0 1698 5534">
     <span class='ocr_line' id='line_1_48' title="bbox 0 0 1698 5534; baseline 0 0"><span class='ocrx_word' id='word_1_447' title='bbox 0 0 1698 5534; x_wconf 95' lang='lat' dir='ltr'><strong> </strong></span> 
     </span>
    </p>
   </div>
  </div>
 </body>
</html>
