3374 5528
568 302 630 356 Pars
648 301 738 356 Pdma.
775 304 857 371 caput
873 305 908 359 Π.
1351 305 1413 378 177

59 476 147 562 quasi
179 479 210 543 iu
234 488 351 544 certam
374 490 406 545 et
426 481 608 563 peculiarem
631 483 829 563 provinciam,
859 485 1033 548 immittere:
1057 487 1135 567 quod
1159 507 1264 550 rnunus
1287 487 1412 553 Aristo-

63 571 158 646 teles,
194 571 244 650 qui
271 572 308 633 de
332 572 417 634 initio
442 573 542 634 muudi
566 572 640 634 nihil
664 573 753 635 scivit
777 582 830 636 aut
852 575 991 649 credidit,
1021 575 1095 657 ipsis
1119 586 1252 640 motuum
1276 579 1411 640 auctori-

58 662 114 722 bus
148 660 322 723 necessario
345 661 562 741 transscripsit.
610 662 651 724 Et
674 670 842 725 sectatores
866 665 1056 740 Aristotelis,
1091 667 1161 747 quin
1184 674 1216 728 et
1239 664 1413 747 Scaliger

58 749 247 830 professione
271 749 476 826 Christianus,
505 759 609 831 aperte
634 752 803 831 disputant,
837 754 913 815 hunc
938 762 1049 816 motum
1073 756 1187 819 orbium
1210 774 1278 817 csse
1302 757 1412 820 volun-

61 840 172 901 tarium
204 848 236 901 et
264 840 439 921 principium
468 841 631 902 voluntatis
659 841 719 903 illis
744 861 815 924 esse
846 843 1080 907 intellectionem
1106 854 1136 907 et
1160 844 1351 909 desiderium.
1368 843 1419 921 ²³)·

148 930 193 992 Ut
216 928 306 1010 igitur
330 930 369 990 ad
391 928 642 991 Purbachium
666 932 839 1008 redeamus,
864 952 930 994 eum
955 951 989 993 eo
1014 933 1066 995 alii
1090 934 1228 1015 quidam,
1252 932 1412 1015 praecipue

60 1017 230 1080 libellorum
253 1017 474 1100 sphaericorum
499 1020 671 1099 scriptores,
695 1021 821 1100 primum
847 1022 971 1084 schema
993 1020 1036 1082 sic
1061 1024 1222 1104 explicant,
1246 1031 1280 1086 ut
1303 1024 1412 1104 imagi-

60 1115 167 1170 nentur
191 1108 249 1171 sibi
273 1126 360 1170 uuum
384 1107 487 1170 orbern
511 1110 638 1171 solidum
671 1110 891 1173 concentricnm
920 1111 1120 1174 crassitudine
1154 1112 1279 1196 epicycli
1307 1114 1417 1185 totius:

60 1207 88 1259 et
111 1197 142 1258 in
167 1215 205 1258 eo
229 1197 409 1279 epicyclum,
441 1199 472 1260 iu
496 1198 629 1280 epicyclo
661 1200 824 1278 planetam.
871 1201 927 1262 His
951 1199 1041 1281 igitur
1070 1202 1185 1263 duobus
1209 1201 1330 1264 orbibus
1353 1202 1412 1264 tri-

60 1287 190 1348 buerunt
223 1287 298 1348 duas
331 1287 446 1350 animas
482 1288 623 1349 motrices
657 1287 699 1360 (si
735 1290 1004 1352 considerationem
1041 1290 1197 1372 physicam
1235 1293 1412 1371 pertexant)

60 1376 166 1439 eadem
200 1383 356 1457 utramque
388 1377 579 1457 proportione
610 1377 748 1453 virtutis,
781 1387 815 1441 ut
838 1381 942 1442 eodem
967 1387 1100 1460 tempore
1124 1380 1263 1461 periodos
1286 1399 1358 1442 suas
1382 1380 1413 1442 iu

59 1466 167 1545 plagas
191 1471 293 1527 tamen
317 1466 485 1528 contrarias
508 1465 678 1529 absolvant.

144 1555 287 1616 Alterum
317 1555 440 1617 schema
470 1555 596 1636 requirit
625 1556 700 1618 duos
735 1557 905 1618 deferentes
937 1556 1050 1630 (adhuc
1084 1556 1203 1636 quidem
1234 1556 1412 1633 immobiles,

60 1645 128 1705 dum
153 1643 184 1704 iu
209 1644 265 1705 hac
290 1652 421 1707 motuum
445 1645 639 1725 simplicitate
670 1665 841 1718 manemus,
876 1654 975 1708 mente
1000 1653 1189 1708 removentes
1221 1665 1414 1727 progressum
1500 1711 1503 1715 .

60 1735 288 1813 apogaeorum),
314 1741 345 1795 et
359 1754 448 1796 uuum
468 1734 580 1807 orbem,
604 1735 804 1797 crassitudine
825 1736 958 1814 corporis
981 1735 1152 1814 planetarii,
1176 1736 1206 1797 iu
1222 1756 1315 1817 eoque
1339 1736 1411 1799 orbs

61 1823 209 1897 animam,
244 1841 320 1903 quae
345 1825 494 1903 aequabili
528 1824 717 1886 contentione
751 1824 832 1886 illum
863 1825 1048 1904 circumagat
1071 1825 1099 1886 in
1123 1825 1246 1904 plagam
1270 1845 1358 1900 eam,
1382 1824 1413 1888 iu

61 1931 144 1992 quam
171 1932 205 1986 a,
215 1912 361 1993 principio
393 1914 522 1994 impulsa
552 1922 609 1975 est.
657 1912 812 1976 Concessa
842 1913 933 1993 igitur
964 1914 1020 1976 hac
1053 1914 1209 1976 soliditate
1243 1914 1359 1977 orbium
1383 1921 1415 1977 et

60 2001 181 2082 reliquis
208 2001 360 2076 assumtis,
385 2001 549 2065 manebunt
571 2002 600 2064 in
625 2004 717 2082 primo
741 2003 893 2064 schemate
914 2000 978 2078 Bc,
994 2003 1057 2076 BE,
1082 2004 1238 2085 paralleli:
1262 2005 1291 2066 in
1316 2004 1412 2066 altero

60 2091 135 2152 orbis
161 2113 192 2169 ys
217 2090 340 2169 circas
362 2098 496 2155 centrum
520 2092 593 2153 ibit:
623 2092 681 2153 etsi
705 2100 835 2154 motorcs
860 2112 914 2153 nec
937 2092 999 2154 illic
1023 2093 1060 2153 ad
1083 2090 1156 2167 AO,
1181 2112 1235 2154 nec
1259 2092 1307 2156 bio
1331 2092 1371 2155 ad
1394 2093 1414 2169 β

61 2180 245 2260 respiciaut;
279 2179 447 2260 diriguntur
469 2181 546 2244 euim
570 2182 720 2244 materiali
747 2181 930 2243 necessitate
955 2201 1008 2244 seu
1036 2181 1233 2262 dispositione
1257 2180 1411 2244 et'conti-

60 2271 172 2349 gnitate
199 2269 324 2332 orbium.

144 2359 193 2420 At
217 2359 289 2438 quia
311 2358 444 2440 Tycha
467 2358 588 2421 Brahe
611 2359 788 2422 certissimis
813 2359 996 2439 argumentis
1020 2359 1205 2423 soliditatem
1225 2358 1340 2422 orbium
1356 2359 1412 2421 de-

64 2447 191 2524 struxit,
228 2467 304 2528 qnae
336 2449 483 2511 hactenus
511 2449 665 2511 animabus
689 2449 748 2510 illis
771 2449 944 2511 motricibns
968 2448 1081 2522 (caeeis
1105 2448 1210 2521 etiam)
1229 2467 1282 2529 pro
1306 2447 1413 2510 baculo

63 2538 174 2599 servire
207 2545 328 2616 poterat
358 2539 398 2599 ad
427 2537 487 2599 rim
511 2539 644 2600 debitam
672 2537 894 2613 inveniendam·
924 2546 955 2600 ct
977 2538 1100 2617 proinde
1123 2538 1262 2617 planetae
1285 2537 1315 2598 in
1339 2556 1414 2619 puro

63 2627 184 2688 aethere
209 2626 332 2706 perinde
356 2639 446 2708 atque
471 2646 543 2689 aves
567 2629 596 2689 in
621 2635 690 2688 aere
710 2648 815 2689 cursus
830 2647 900 2690 suos
915 2628 1073 2690 conficiunt
1081 2646 1090 2701 ;
1114 2626 1203 2690 aliter
1220 2625 1307 2689 uobis
1321 2626 1414 2705 igitur

64 2717 94 2777 de
118 2716 169 2777 his
195 2715 398 2781 schematibus
418 2717 476 2778 erit
497 2716 775 2796 philosophandum.

146 2804 199 2866 Sit
230 2813 330 2868 autem
362 2805 441 2868 inter
473 2806 561 2867 initia
590 2808 737 2887 positum,
762 2807 823 2868 vim
856 2824 986 2880 omnem,
1020 2825 1079 2885 qua
1110 2814 1210 2867 motus
1242 2803 1414 2883 hujusmodi

63 2893 324 2970 administrantur,
354 2894 448 2975 ipsius
470 2896 611 2974 planetae
635 2915 741 2975 corpus
765 2894 933 2958 inhabitare
958 2915 1013 2956 uec
1037 2902 1123 2956 extra
1146 2895 1177 2956 id
1200 2893 1412 2973 quaerendam.

147 2981 226 3045 Cum
256 2983 347 3064 igitur
373 2985 499 3064 planeta
521 2985 613 3047 insita
636 2985 665 3047 vi
689 2985 815 3066 inpuro
839 2985 961 3046 aethere
985 2984 1150 3064 perfectum
1173 2983 1315 3046 circulum
1337 3000 1412 3044 oon·

63 3074 147 3135 ficere
173 3073 295 3148 debeat,
319 3073 349 3134 ln
373 3074 467 3152 primo
488 3074 640 3136 schemate
665 3075 841 3156 epicyclum,
863 3074 892 3135 iu
916 3074 1046 3135 secundo
1070 3073 1288 3147 eccentricum,
1311 3071 1413 3133 mani-

62 3164 171 3224 festum
196 3170 261 3236 est,
296 3162 354 3223 duo
382 3163 506 3224 motoris
538 3163 626 3243 hujus
655 3163 719 3225 fore
746 3163 863 3238 munia;
895 3163 1036 3234 alterum,
1073 3171 1108 3224 ut
1131 3163 1275 3224 facultate
1299 3161 1413 3242 polleat

60 3251 289 3313 transvectandi
320 3251 468 3331 corporis,
503 3253 646 3328 alterum,
671 3260 705 3314 ut
728 3254 856 3315 scientia
879 3252 1033 3331 praeditus
1056 3252 1097 3314 sit
1120 3251 1290 3314 inveniendi
1313 3250 1412 3312 circu·

61 3341 154 3402 larem
179 3340 306 3402 limitem
327 3355 381 3421 per
403 3341 487 3403 illam
509 3361 615 3422 puram
639 3362 743 3404 auram
767 3342 939 3403 aetheream
955 3342 1043 3403 nullis
1059 3341 1226 3420 hujusmodi
1242 3339 1413 3420 regionibus

62 3431 254 3492 distinctam:
279 3430 358 3511 quod
381 3432 491 3492 mentis
515 3450 589 3510 opus
618 3440 674 3494 est.
721 3432 805 3494 Nihil
828 3431 901 3493 mihi
924 3431 1024 3504 dicas,
1055 3432 1151 3509 ipsam
1184 3429 1339 3492 motricern
1364 3429 1412 3490 fa-

63 3521 222 3592 cultatem,
247 3518 391 3599 simplicis
415 3527 447 3580 et
470 3520 575 3583 brutae
601 3521 717 3582 animae
742 3521 884 3609 subdam,
910 3529 1012 3600 aptam
1036 3510 1140 3581 natam
1163 3539 1229 3581 esse
1254 3518 1293 3579 ad
1316 3517 1415 3580 circu-

60 3610 153 3670 larem
180 3607 353 3683 motiouem,
377 3610 465 3689 plane
491 3611 533 3671 uti
558 3609 668 3690 lapidis
692 3619 801 3672 natura
824 3610 864 3671 sit
883 3630 935 3689 per
958 3617 1073 3671 rectam
1087 3610 1197 3670 lineam
1216 3607 1413 3678 descendere:

62 3718 136 3777 nego
165 3698 255 3771 enim,
280 3699 371 3760 ullum
395 3707 508 3760 motum
530 3718 690 3780 perennem
714 3719 771 3761 non
796 3709 909 3762 rectum
933 3722 951 3760 a
973 3700 1039 3761 Deo
1063 3699 1215 3760 conditum
1239 3717 1305 3759 csse
1320 3717 1413 3778 prae-

61 3789 133 3849 sidio
162 3787 287 3848 mentali
312 3787 496 3850 destitutum.
543 3787 584 3861 Et
608 3791 688 3851 intra
712 3789 828 3869 quidem
852 3809 960 3868 corpus
984 3789 1142 3850 humanum
1166 3807 1268 3849 omnes
1286 3786 1413 3849 masculi

59 3876 217 3957 principiis
244 3884 400 3939 moventur
428 3877 650 3939 rectilineorum
681 3886 831 3941 motuum:
865 3898 969 3957 nempe
1002 3885 1055 3939 aut
1090 3877 1120 3937 in
1155 3897 1221 3938 sese
1246 3875 1413 3939 recedendo

60 3974 194 4047 turgent,
219 3972 273 4027 aut
296 3965 431 4029 discessu
454 3967 585 4048 capitum
610 3974 823 4041 extenuantnr3
848 3968 918 4043 illic,
944 3975 975 4029 ut
999 3966 1162 4028 membrum
1186 3952 1414 4028 ad'musculum

61 4056 205 4128 accedat,
246 4054 308 4130 hic,
333 4063 367 4117 ut
389 4057 529 4118 recedat:
555 4057 632 4137 quod
656 4058 734 4119 idem
758 4065 790 4119 et
812 4057 841 4119 in
866 4056 1059 4119 circularibus
1082 4056 1224 4118 musculis
1247 4075 1301 4117 suo
1324 4054 1412 4116 modo

63 4148 163 4208 locum
187 4143 292 4221 habet,
318 4145 368 4224 qui
390 4145 539 4208 meatibus
564 4147 704 4208 custodes
728 4145 868 4228 appositi,
893 4147 942 4208 ubi
965 4146 1125 4207 filameutis
1148 4144 1342 4207 circularibus
1358 4162 1413 4204 ex-

60 4235 140 4298 tensi
166 4233 290 4309 fuerint,
314 4233 419 4296 laxant
442 4243 584 4309 meatum,
609 4236 817 4316 constringunt
839 4255 910 4297 vero
935 4235 1042 4298 iisdem
1065 4236 1094 4296 iu
1114 4234 1296 4316 angustioris
1311 4232 1413 4296 circuli

60 4327 186 4405 figuram
211 4324 443 4405 recurrentibus.
488 4326 609 4388 Nullum
633 4326 708 4387 adeo
731 4327 894 4388 membrum
917 4333 974 4400 ost,
999 4326 1077 4406 quod
1101 4324 1300 4407 aequabiliter
1314 4329 1412 4384 etex-

61 4414 165 4493 pedite
188 4421 323 4495 gyretur.
370 4414 481 4476 Flexns
504 4434 575 4477 vero
600 4416 718 4495 capitis,
743 4416 860 4496 pedum,
887 4414 1073 4477 brachiorum
1097 4422 1129 4475 et
1153 4414 1272 4494 liuguae
1288 4411 1413 4493 quibus-

61 4505 129 4565 dam
162 4502 299 4565 artiliciis
328 4503 509 4566 mechanicis
533 4506 718 4584 permultos
743 4513 842 4567 rectos
866 4505 1015 4567 musculos
1038 4506 1095 4567 huc
1119 4505 1188 4566 illuc
1212 4501 1414 4581 transpositos

63 4594 110 4653 vel
135 4600 277 4655 attensos
302 4593 440 4671 expressi
463 4602 543 4655 sunt.
591 4592 659 4664 Qua
682 4596 798 4656 ratione
818 4595 954 4669 efficitur,
981 4603 1015 4657 nt
1029 4595 1159 4656 facultas
1173 4592 1292 4665 matrix,
1306 4596 1415 4651 natura

66 4705 121 4745 sna
153 4683 183 4744 in
208 4683 490 4765 rectnmgteudens,
524 4684 685 4745 membrum
711 4684 784 4745 illud
808 4691 1005 4765 contorqueat
1028 4683 1057 4744 iu
1082 4700 1196 4764 gyrum.
1243 4678 1295 4742 Sic
1319 4698 1415 4760 aquae

62 4771 315 4835 machinamentis
347 4771 525 4852 quibusdam
549 4773 578 4835 in
603 4773 729 4837 sublime
752 4780 900 4852 aguntur,
937 4793 996 4835 non
1029 4771 1109 4853 quod
1140 4774 1250 4839 natura
1272 4768 1416 4850 corporis,

62 4864 143 4946 quod
173 4869 288 4925 motum
317 4860 424 4940 infert,
452 4863 482 4928 in
506 4862 632 4928 sublime
655 4856 783 5007 Ἢ
806 4863 860 4927 sed
884 4862 953 4945 quia
976 4859 1177 4945 dispositiogs
1194 4858 1344 4924 canalium
1368 4858 1417 4925 ef·

140 4967 228 5018 sorec
241 4968 321 5020 om
339 4967 376 5010 un
699 4964 717 4991 r
1155 4938 1205 5021 ⁴²12
