3368 5534
638 288 700 349 t‘m
720 296 824 361 Quane
861 296 944 364 capue
962 296 1048 349 xm.
1398 358 1401 367 .
1456 300 1521 370 359

252 466 385 536 Planeta
406 474 486 537 circa
509 472 632 554 apsidas
655 474 688 537 fit
712 475 825 537 tardior
844 477 944 556 justo,
968 476 1048 539 circa
1070 475 1185 538 medias
1210 478 1410 577 longitudines
1434 483 1520 571 velo-

162 559 227 624 cior
245 555 342 642 justo.

253 651 363 726 Dices,
395 653 538 732 proficere
568 671 639 713 nos
648 652 676 712 in
709 652 811 732 pejus,
846 673 911 716 cum
936 673 1002 734 cap
1026 654 1172 718 XLVIII.
1205 650 1329 735 propius
1361 659 1520 727 veritatem

163 741 336 804 venerimus
361 758 426 803 cum
450 743 565 805 effectu.
613 741 707 822 Atqui
731 761 747 802 ο
772 743 865 817 bone,
901 741 927 804 si
951 744 987 804 de
1012 745 1120 805 effectu
1145 746 1293 807 sollicitus
1317 765 1433 820 essem,
1462 768 1520 830 po-

163 841 263 894 teram
287 823 353 894 toto
376 830 433 893 hoc
456 831 559 892 labore
584 831 790 910 supersedere,
814 839 972 894 contentus
996 832 1156 913 hypothesi
1179 835 1301 896 vicaria.
1349 836 1433 898 Scito
1457 828 1548 901 ἤιε*-

164 939 232 1005 qus,
257 922 336 1001 quod
360 920 390 987 hi
413 939 527 983 errores
550 918 601 979 via
623 919 709 980 nobis
734 920 824 981 futuri
847 919 908 982 sint
924 922 963 982 ad
983 923 1152 985 veritatem.
1189 924 1312 987 Interim
1332 925 1389 986 hoc
1408 935 1524 991 certum

165 1009 254 1072 nobis
276 1019 354 1084 esto,
377 1029 431 1072 nos
456 1009 577 1072 tandem
601 1009 760 1088 aliquando
785 1009 926 1091 physicas
950 1030 1067 1085 causas,
1092 1032 1168 1091 quae
1192 1012 1278 1074 nobis
1302 1022 1373 1075 sunt
1395 1015 1425 1075 in
1445 1034 1519 1096 sup-

166 1098 268 1180 posito
298 1118 366 1179 cap.
384 1099 494 1174 XLV,
530 1098 607 1159 citra
639 1117 769 1160 errorem
800 1119 917 1160 ornnem
940 1100 978 1160 ad
1003 1102 1135 1161 calculos
1160 1121 1295 1164 vocasse.
1332 1103 1438 1165 ‚Simul
1463 1125 1519 1165 au-

171 1199 231 1253 tem
262 1188 454 1273 confirmanus
481 1195 513 1251 et
541 1187 676 1266 superior
706 1207 772 1265 cap.
797 1187 928 1251 XLVII.
965 1190 1115 1264 calculus,
1150 1190 1195 1252 cni
1227 1193 1286 1253 iste
1320 1193 1523 1273 aequipollet:

170 1284 342 1360 certumque
375 1285 440 1350 est,
470 1295 546 1356 quae
576 1276 639 1338 illic
675 1285 708 1338 ut
739 1275 945 1356 dyaopasppra
975 1288 1118 1358 suspecta
1141 1279 1314 1355 habuimus,
1339 1282 1413 1344 nihil
1437 1282 1525 1345 nobis

171 1365 311 1429 sensibile
333 1366 580 1433 incommodasse.
627 1366 752 1444 Itaque,
786 1367 812 1426 si
835 1367 904 1447 qnid
929 1376 1069 1447 superest
1092 1369 1313 1449 discrepantiae
1337 1369 1443 1433 harum
1466 1392 1523 1433 ae-

172 1456 344 1539 qualitatum
367 1477 387 1518 a
408 1456 547 1530 veritate,
572 1455 603 1516 id
626 1474 683 1515 non
707 1455 848 1518 methodo
873 1458 1045 1518 numerandi
1075 1458 1277 1533 tribuendum,
1308 1460 1361 1521 sed
1391 1461 1525 1542 opinioni

173 1563 233 1626 asp.
256 1545 365 1620 XLV,
403 1545 479 1608 nude
512 1545 607 1606 fluunt
629 1543 659 1604 hi
683 1545 813 1606 numeri:
839 1565 897 1606 non
922 1547 1000 1625 quod
1024 1546 1128 1607 statim
1152 1548 1250 1628 opinio
1274 1547 1341 1627 ipsa
1360 1557 1426 1627 tpta
1446 1551 1525 1612 falsa

175 1635 219 1708 sit,
240 1634 296 1696 sed
321 1634 399 1714 quod
421 1633 541 1696 nimium
565 1633 705 1695 fuerimus
729 1634 919 1714 praecipites,
946 1636 994 1715 qui
1009 1654 1067 1697 non
1084 1644 1262 1716 exspectata
1277 1640 1523 1701 observationum

176 1722 319 1787 decisione
343 1723 488 1804 plenaria,
511 1723 670 1784 statimt
638 1730 728 1802 atque
751 1723 969 1798 intelleximus,
994 1725 1053 1785 iter
1075 1725 1218 1805 planetae
1242 1728 1328 1788 orale
1353 1746 1430 1801 esse,
1455 1747 1523 1790 cer-

177 1821 231 1877 aa
257 1813 356 1875 ovalis
384 1813 584 1892 quantitatem
608 1814 745 1892 (propter
774 1814 869 1874 solam
892 1831 1048 1875 cansarum
1073 1814 1265 1896 physicarum
1289 1816 1522 1879 concinnitatem

177 1910 205 1964 et
228 1902 394 1983 gratiosam
423 1903 535 2009 ³¹le
531 1901 696 2001 aequabilit
697 1911 777 1963 atem
800 1910 899 1963 motus
923 1903 1097 1982 epicyclioi,
1133 1905 1211 1967 falso
1234 1913 1336 1967 tamen
1360 1906 1522 1979 creditam)

251 1993 360 2055 nimus
492 1974 536 2069 ‘iis

178 1991 416 2153 1η”ῥρίιιιιιιιιιιιίο
439 2064 538 2142 autem
562 2078 721 2141 verissima
744 2079 869 2159 demque
894 2082 1046 2142 sententia
1069 2082 1110 2142 sit
1133 2082 1172 2143 ad
1196 2083 1327 2145 calculos
1344 2082 1522 2158 revocanda,

179 2179 206 2234 st
236 2190 302 2234 cnm
338 2171 421 2232 hisee
459 2168 607 2248 capitibus
640 2169 856 2230 conformanda
893 2188 982 2248 qnam
1014 2172 1164 2249 proxime,
1216 2191 1270 2234 suo
1305 2174 1370 2234 loco
1408 2174 1489 2235 dicet
1476 2181 1524 2236 tur

180 2266 239 2341 (ῃ.
255 2268 325 2320 tvl.
343 2265 436 2319 LVIII.
456 2265 521 2317 m.
542 2263 605 2328 Lx).
650 2257 720 2320 Jam
750 2267 905 2337 pertexam
939 2260 1167 2339 explicationem
1190 2261 1369 2343 reliquomm
1391 2281 1523 2324 meorum

179 2358 339 2415 amenum.

753 2542 939 2554 -a—

750 2725 869 2824 Caput
899 2721 941 2797 L.

279 2887 338 2952 De
360 2880 438 2948 olr'r'a
458 2901 516 2945 sea
538 2882 642 2946 modis
665 2886 867 2966 aequaliorem
888 2884 1053 2948 eccentrios'
1075 2885 1258 2949 cessaream·
1281 2887 1415 2950 tentatis

182 3013 190 3027 ²
255 3007 305 3071 Ex
328 3009 387 3070 bac
412 3008 521 3070 tritura
544 2954 718 3087 quantulum
744 3009 883 3069 frumenti
859 3016 1047 3069 ιιιειιιιιιι
1070 3008 1264 3089 collegimus?
1299 3008 1426 3073 Atride
1443 3031 1521 3074 nunc

121 3144 124 3161 .
179 3099 258 3161 etiam
281 3100 434 3178 ingentem
458 3097 632 3176 siliquarum
656 3098 812 3159 cumulum.
857 3097 1032 3159 Debuerant
1019 3099 1116 3159 tista
1084 3099 1243 3161 treferri
1268 3099 1322 3161 snb
1344 3099 1520 3180 principium

121 3178 124 3269 ξ
178 3206 234 3270 cap.
256 3186 406 3262 XLVIII,
432 3205 466 3247 eo
491 3187 580 3266 qnod,
603 3195 765 3266 antequam
783 3206 869 3248 arcus
886 3188 953 3249 viae
969 3188 1088 3248 οιιιιίε
1079 3189 1302 3269 investigarem,
1326 3188 1387 3250 ista
1402 3197 1520 3252 tracta-

177 3278 268 3341 verim.
316 3274 380 3339 Sed
410 3275 506 3338 lubuit
535 3295 689 3338 secernere
720 3275 794 3338 Inois
825 3296 925 3340 causa
973 3274 1053 3347 Quin
1076 3277 1169 3341 etiarn
1192 3278 1278 3340 utilia
1301 3278 1402 3358 aliqua
1425 3298 1521 3359 grana

176 3366 316 3431 inventuri
340 3384 451 3428 sumus.

371 3490 485 3554 Primi
518 3498 555 3552 et
585 3488 736 3550 secundi
772 3489 865 3551 modi
894 3509 1095 3569 processus
1128 3490 1200 3551 luit
1231 3491 1313 3552 iste.

252 3598 361 3667 Prima
379 3596 604 3659 eccentricitate
620 3591 717 3670 9165,
742 3604 885 3677 quaeest
907 3597 996 3676 paulo
1020 3597 1116 3658 minor
1135 3597 1229 3676 justo,
1253 3598 1390 3679 quaesivi
1415 3619 1519 3663 omnes

175 3686 331 3751 distantias
347 3687 528 3763 ,secundum
562 3685 727 3749 doctrinam
757 3704 822 3765 cap.
856 3685 981 3759 XXIX,
1012 3705 1087 3765 quae
1120 3686 1345 3766 respondebant
1376 3688 1521 3768 gradibus

176 3777 293 3859 integris
318 3775 499 3849 anomaliae,
524 3774 753 3837 intermediam
777 3783 808 3835 et
831 3794 901 3837 vere
925 3781 1121 3855 coaequatam
1144 3775 1324 3839 mediolaco
1348 3779 1519 3842 versantis:

175 3885 254 3947 quam
277 3867 336 3930 etsi
360 3866 510 3928 interdum
534 3873 729 3945 coaequatam
753 3864 889 3944 appello,
913 3864 1114 3925 conditionem
1136 3872 1236 3928 tamen
1260 3866 1350 3941 addo,
1373 3868 1454 3948 quod
1479 3870 1521 3930 sit

175 3963 283 4020 tantum
306 3955 464 4019 distantiis
497 3953 669 4015 destinata:
704 3954 804 4035 itaque
838 3949 1104 4027 distantiariam*)
1128 3954 1256 4035 appello.
1282 3956 1340 4017 In
1364 3957 1519 4019 schemate

177 4040 262 4109 altero
276 4064 343 4126 cap.
353 4044 472 4108 XLVI.
494 4048 562 4113 (99.)
582 4051 630 4103 est
643 4043 878 4122 angulusFAB;
893 4044 923 4104 in
939 4043 1090 4105 schemate
1106 4045 1242 4124 sequenti
1258 4043 1352 4108 CAD.
1378 4046 1519 4108 Secundo

177 4135 301 4215 quaesIvi
332 4133 441 4197 tertias
472 4131 713 4213 proportionales
745 4131 857 4207 lineas,
890 4152 965 4213 quae
990 4133 1033 4193 sic
1062 4141 1165 4194 essent
1193 4133 1344 4212 quaelibet
1366 4134 1406 4194 ad
1430 4154 1516 4197 suam

178 4221 351 4300 distantiam,
376 4231 411 4286 ut
432 4223 507 4285 haec
531 4220 677 4301 distantia
700 4221 739 4282 ad
762 4221 878 4283 radium
905 4217 1044 4286 100000.
1091 4218 1194 4283 Tertio
1219 4231 1250 4283 et
1281 4229 1388 4303 quarto
1412 4223 1516 4284 addidi

179 4309 262 4377 duem
284 4312 428 4389 inventas
460 4310 631 4390 sigillatim,
664 4310 720 4371 fuit
707 4317 777 4390 tque
810 4330 925 4372 summa
954 4309 1167 4372 distantiarum
1191 4306 1382 4385 35924252,
1416 4311 1516 4372 minus

180 4418 254 4481 tuam
274 4380 471 4473 3000000ος
495 4418 617 4460 causam
639 4399 733 4460 babes
757 4399 855 4479 capite
826 4399 947 4461 tXL.
994 4398 1117 4460 Summa
1145 4418 1216 4460 vero
1246 4398 1516 4500 proportionalium

180 4487 287 4583 inventa
309 4492 360 4554 ebt
383 4484 569 4585 36000000,
594 4488 671 4568 quod
694 4488 801 4549 mirum
823 4507 870 4548 me
893 4487 994 4548 habet.
1041 4485 1083 4548 Et
1070 4487 1175 4568 tquia
1199 4488 1346 4559 delectat,
1370 4487 1457 4568 cupio
1481 4494 1516 4548 nt

123 4584 128 4595 ¹
181 4562 232 4643 boc
245 4582 288 4646 ita¹
310 4597 438 4645 necesse
462 4596 530 4641 esse
562 4584 717 4656 geometra
749 4576 898 4657 quispiam
932 4575 1129 4639 demonstret
1176 4573 1278 4639 Ceut
1241 4582 1296 4637 tris
1318 4574 1359 4649 A,
1383 4575 1410 4637 B
1435 4575 1512 4637 scri-

252 4774 278 4849 ·)
297 4778 363 4834 Etsi
377 4777 562 4848 quantitatem
575 4775 681 4830 obtinet
695 4775 810 4828 mediam
824 4772 895 4826 inter
908 4741 1039 4842 reliquas,
1055 4788 1123 4826 cave
1137 4777 1231 4826 tamen
1244 4769 1358 4826 mediam
1375 4771 1511 4843 appellas.

183 4852 257 4916 bledla
273 4860 346 4918 anim
366 4856 480 4929 propris
500 4862 545 4912 sat
564 4872 662 4913 nomen
681 4853 819 4925 temporis.

280 5122 288 5153 l
