3368 5534
185 329 251 401 423
656 318 709 386 'os
728 324 835 386 umora
854 324 1053 417 staua-uus·

185 532 344 597 possemus
375 512 495 586 dicere,
518 512 599 573 illum
625 511 830 592 ipsum'esse,
865 494 957 596 qnei’u'
987 514 1035 576 hic
1059 514 1247 592 quaerimus:
1272 516 1381 598 quippe
1405 524 1479 580 tunc
1503 514 1540 578 de

188 603 324 665 omuibus
339 601 471 683 planetis
489 621 590 663 verum
612 620 679 664 esse
697 592 812 683 puiset,
830 606 924 665 nodos
940 601 991 685 (ut
1004 604 1051 664 hic
1066 604 1096 665 in
1107 604 1236 666 Telluris
1251 603 1440 680 circuitibus)
1456 625 1541 668 com-

161 703 291 789 ¹petere
316 692 345 753 iu
371 692 511 771 apsidas:
543 690 645 770 itaque
673 705 829 773 utramque
854 694 1051 763 varietatem,
1075 701 1107 752 et
1130 693 1365 757 eccentricitatis
1389 696 1420 757 iu
1444 696 1541 758 altnm

189 792 220 842 et
254 780 442 860 obliquitatis
476 780 505 842 in
531 779 650 855 -latum,
689 782 726 842 ab
760 783 865 843 eadem
904 782 1049 843 diametro
1083 781 1219 843 virtuosa
1241 782 1334 857 ellici3
1367 803 1426 864 quo
1448 794 1542 867 pacto

187 852 307 950 magnis
341 869 583 939 difficultatibus,
615 889 690 949 quae
722 871 808 931 nobis
832 890 898 950 cap.
923 871 1037 932 LXIII.
1061 870 1187 933 relictae
1211 879 1298 945 sunt,
1335 873 1540 949 liberaremur.

187 959 230 1021 Et
253 958 372 1039 quidem
396 976 532 1039 apogaea
555 957 654 1031 Solis,
684 959 809 1033 Martis,
843 959 944 1031 Jovis,
977 958 1098 1021 Saturni
1123 959 1315 1021 consentiunt
1337 962 1541 1024 mediocriter.

189 1047 328 1110 Omnium
353 1047 431 1109 euim
455 1046 542 1108 trium
568 1048 751 1127 superiorum
776 1048 897 1126 aphelia
920 1047 1041 1108 suntin
1065 1047 1170 1111 eodem
1194 1049 1381 1114 semicirculo
1401 1059 1433 1112 et
1453 1052 1542 1113 simul

189 1137 219 1199 in
245 1137 350 1198 eadem
374 1137 465 1216 plaga
488 1136 712 1214 septentrionis.
759 1137 866 1216 Itaque
891 1136 921 1196 in
943 1136 1037 1198 Libra
1060 1145 1142 1198 esset
1164 1157 1255 1199 verae
1280 1140 1440 1220 eclipticae
1456 1141 1542 1202 limes

188 1227 351 1300 austrinus,
377 1234 408 1286 et
431 1225 538 1308 boreus
563 1224 592 1285 in
615 1225 737 1299 Ariete,
763 1226 839 1304 quod
863 1225 1000 1304 congruit
1024 1226 1234 1304 superioribus.

280 1314 341 1378 Sed
367 1314 530 1376 differenda
554 1324 602 1374 est
623 1313 761 1394 plenaria
783 1314 872 1393 hujus
895 1315 939 1375 rei
963 1314 1174 1389 consideratio,
1198 1335 1291 1396 usqne
1316 1318 1385 1378 dum
1410 1317 1542 1379 omnium

190 1406 380 1486 planetarum
403 1412 504 1465 motus
527 1404 567 1463 ad
591 1422 691 1464 veram
716 1412 747 1463 et
770 1403 855 1464 uobis
879 1403 1028 1482 cognitam
1053 1404 1222 1484 eclipticam
1237 1406 1399 1467 examinati
1418 1406 1541 1469 luerint.

280 1494 374 1555 Porro
399 1492 466 1552 huic
491 1491 620 1571 opinioni
644 1493 681 1552 de
706 1492 820 1553 latente
844 1492 944 1572 aliquo
967 1490 1050 1570 regio
1074 1493 1194 1567 circulo,
1220 1513 1257 1555 ex
1276 1495 1349 1557 Sole
1372 1495 1453 1556 iuter
1467 1495 1543 1557 fixas

191 1591 381 1664 propagato,
414 1579 615 1642 testimonium
648 1581 775 1661 praebet
811 1580 878 1659 ipsa
909 1581 997 1641 etiam
1027 1582 1116 1660 vulgo
1140 1584 1253 1644 usitata
1276 1583 1442 1664 obliquitas
1467 1585 1541 1655 ecli-

191 1670 304 1754 pticae,
329 1689 403 1750 quae
427 1671 465 1731 ab
485 1679 647 1749 aequatore
672 1679 880 1748 computatur:
915 1688 1002 1749 quam
1025 1669 1136 1732 rectius
1160 1671 1326 1734 diceremus
1350 1673 1542 1735 latitudinem

194 1761 367 1841 aeqdutoris
400 1759 438 1819 ab
471 1759 620 1838 ecliptica.
675 1758 735 1820 Est
766 1770 864 1819 autem
899 1768 1044 1838 aequatur
1076 1760 1203 1822 circulus
1233 1763 1382 1823 maximus
1405 1762 1542 1842 corporis

86 1850 89 1860 '
192 1849 334 1924 Telluris,
359 1847 473 1910 medius
498 1848 576 1909 inter
598 1848 683 1927 polos
707 1847 910 1923 oquuersionis
935 1847 1058 1908 diurnae
1077 1849 1206 1910 Telluris
1232 1849 1313 1911 circa
1333 1869 1421 1913 axem
1446 1871 1540 1913 suum.

191 1939 236 2002 Et
268 1937 412 2000 tribuitur
449 1937 527 1997 idem
566 1928 823 2017 aequaberis'seu
853 1936 1081 2016 aequinoctialis
1110 1923 1215 1999 uonieu
1247 1938 1338 2001 etiam
1362 1939 1407 2002 illi
1431 1942 1541 2002 tractui

193 2026 341 2111 splmsrae
365 2028 504 2100 fixarum,
534 2026 582 2105 qui
613 2023 747 2106 quolibet
768 2026 871 2088 seculo
895 2025 1050 2107 aequaturi
1072 2027 1220 2088 Terrestri
1246 2037 1411 2107 superstat.
1458 2028 1542 2092 Idem

192 2116 332 2199 polorum
355 2134 460 2178 nomeu
485 2115 605 2195 punctis
628 2116 752 2176 fixamm
776 2113 823 2188 iis,
847 2133 922 2195 quae
946 2114 1024 2194 polis
1039 2115 1293 2196 Tellurisquovis
1313 2118 1417 2179 seculo
1433 2137 1541 2198 super·

191 2216 284 2270 stant.
334 2206 392 2268 Hic
429 2204 521 2283 igitur
552 2203 619 2265 axis
653 2213 684 2264 et
715 2204 843 2265 circulus
871 2203 1018 2265 maximus
1055 2188 1213 2285 inclinatius
1238 2215 1286 2268 est
1309 2206 1347 2267 ad
1370 2206 1542 2287 eclipticam

192 2296 261 2359 aliis
284 2296 397 2357 seculis
423 2288 531 2355 aliter.¹
553 2290 691 2363 ¹Quanto
714 2293 793 2355 euim
814 2292 904 2354 bodie
927 2292 1024 2370 major
1046 2302 1095 2353 est
1115 2292 1207 2354 borea
1229 2294 1357 2357 latitudo
1371 2295 1498 2358 lixarum
1516 2298 1543 2358 in

194 2385 321 2458 Cancro,
343 2384 486 2446 australis
510 2384 537 2443 in
561 2379 755 2462 Capricorno,
778 2389 864 2443 tanto
888 2382 983 2442 minor
1005 2390 1053 2442 est
1071 2382 1159 2443 hodie
1171 2382 1298 2446 latitudo
1315 2385 1490 2467 sequuturis
1506 2386 1542 2447 ab

194 2474 335 2557 ecliptica
367 2492 454 2553 quam
486 2472 570 2545 olim,
602 2471 673 2551 quia
701 2469 730 2531 in
756 2470 874 2535 cancro
906 2478 939 2531 et
969 2469 1152 2550 Capricorno
1189 2472 1351 2552 obliquitas
1386 2473 1464 2536 haec
1497 2482 1545 2538 est

195 2562 336 2627 manna.
384 2560 463 2623 Olim
488 2560 606 2641 quidem
630 2567 698 2621 erat
719 2555 780 2621 23ο
809 2554 926 2639 51¹l,⁴:
958 2559 1045 2620 hodie
1068 2569 1116 2621 est
1138 2557 1200 2622 23⁰
1228 2555 1341 2646 3¹¹lz‘·
1373 2562 1548 2627 differentia

196 2650 264 2729 20¹,
288 2659 400 2733 quauta
423 2659 470 2712 est
493 2658 524 2711 et
546 2650 671 2711 mutatio
695 2648 861 2710 latitudinis
884 2649 1017 2709 fixarum.

288 2739 347 2803 Est
370 2750 469 2801 autem
493 2747 739 2806 consentaneum,
764 2736 905 2798 circulum
934 2735 1137 2817 aequaturium
1162 2756 1226 2800 cum
1249 2756 1306 2801 axe
1336 2759 1391 2802 suo
1414 2748 1446 2802 et
1469 2741 1547 2822 polis

196 2838 340 2914 perpetuo
364 2829 482 2909 aequali
507 2837 538 2889 et
561 2829 618 2889 lixo
642 2827 748 2906 spatio,
765 2826 981 2888 declinaturum
1015 2826 1107 2887 fuisse
1131 2847 1150 2886 a
1171 2827 1249 2908 polis
1273 2828 1432 2910 eclipticas
1456 2830 1545 2911 hujus

196 2921 267 2996 HK,
292 2920 318 2980 si
343 2919 482 3000 ecliptica
505 2937 577 2978 vera
598 2917 775 2997 praecipuus
799 2924 882 2976 esset
905 2916 1032 2976 circulus
1055 2916 1165 2977 muudi.
1213 2915 1293 2988 Quia
1315 2936 1387 2982 vero
1404 2919 1545 3000 ecliptica

194 3017 321 3076 mutata,
347 3009 433 3087 hujus
457 3007 547 3068 etiam
572 3008 639 3066 axis
664 3009 711 3078 (et
732 3004 792 3066 unt
815 3004 995 3084 aequamus,
1021 3004 1104 3087 cujus
1129 3006 1255 3099 est‘iste
1279 3007 1360 3081 axis)
1384 3007 1542 3070 inclinatio

196 3100 235 3162 ad
259 3098 428 3178 eclipticam
452 3097 570 3157 variata
594 3104 656 3167 est,
689 3103 722 3154 ut
745 3102 886 3174 qnantum
915 3093 1057 3171 ecliptica
1080 3113 1098 3152 a
1121 3094 1168 3177 li'
1189 3093 1239 3155 .iu
1264 3093 1382 3158 Cancro
1406 3099 1543 3168 recessit,

150 3178 159 3197 ⁴
195 3196 315 3251 tantum
344 3189 382 3249 ad
406 3195 597 3267 aequatorem
622 3182 803 3256 accesserit;
833 3182 924 3261 igitur
947 3189 1132 3262 aequatura
1172 3174 1266 3249 alium
1290 3184 1420 3265 aliquem
1444 3186 1543 3247 circu-

196 3277 258 3341 lum
282 3278 398 3337 videtur
417 3276 493 3336 tueri
508 3273 731 3336 inclinationem
747 3279 945 3333 constantem.
984 3272 1126 3347 illaquam
1146 3270 1236 3351 igitur
1254 3293 1382 3347 causam,
1403 3294 1544 3355 magnam

185 3360 376 3446 'dignitatern
407 3365 496 3444 liujus
529 3364 609 3424 caeci
635 3361 737 3423 clrculi
769 3381 836 3422 esse
867 3367 993 3441 oportet.
1040 3361 1144 3441 Itaque
1177 3362 1312 3423 omuibus
1334 3363 1543 3426 uerisimilitu-

197 3456 316 3519 diuibus
340 3454 494 3534 consurgit
516 3452 602 3513 nobis
626 3451 755 3513 circulus
779 3450 887 3532 aliquis
903 3449 1004 3529 regius
1018 3446 1107 3510 LOM
1124 3451 1238 3512 medius
1257 3451 1335 3513 inter
1351 3452 1543 3533 planetamm

198 3544 337 3621 circulos,
361 3543 399 3605 ad
423 3561 508 3624 quom
534 3560 636 3603 omnes
660 3541 798 3621 planetae
823 3548 854 3600 et
876 3539 924 3600 hic
947 3538 1038 3599 etiam
1057 3540 1142 3600 Mars
1171 3548 1290 3601 tueatur
1318 3540 1543 3617 intimationem

197 3640 395 3698 constantem.
441 3632 505 3693 Nec
529 3631 619 3692 debet
640 3649 695 3691 nos
719 3631 839 3690 turbare
857 3630 961 3690 Lunae
985 3628 1160 3708 exemplum,
1185 3629 1269 3708 cujus
1289 3636 1337 3690 est
1357 3630 1397 3691 ad
1420 3631 1543 3712 eclipti-

197 3742 276 3796 cam,
314 3740 372 3785 non
401 3740 472 3781 vero
503 3723 541 3781 ad
572 3711 821 3797 alium‘ialiqueni
854 3717 995 3778 circulum
1024 3718 1198 3793 maximum,
1231 3728 1262 3779 et
1294 3717 1364 3780 olim
1387 3728 1421 3781 et
1443 3719 1542 3789 hodie,

197 3810 385 3891 transposita
408 3809 555 3891 ecliptica,
581 3815 723 3870 constans
748 3805 901 3869 inclinatio
926 3799 973 3866 5⁰.
1018 3807 1231 3871 InterLunam
1252 3807 1333 3881 euim
1353 3816 1385 3870 et
1399 3809 1541 3890 planetas

198 3910 317 3965 ceteros
341 3899 446 3980 ingens
469 3910 518 3960 est
540 3897 707 3959 discrimen.
748 3892 848 3955 Ceteri
873 3894 961 3955 orbes
985 3902 1117 3957 centrum
1133 3886 1409 3977 mnrffl'o'nbeunn
1435 3899 1539 3960 Lunae

200 3991 281 4054 orbis
314 3989 396 4051 solus
426 3992 474 4061 (ut
502 4007 604 4048 crasse
632 3986 751 4067 loquar)
775 3993 823 4045 est
843 3992 932 4066 ¹entra
955 3992 1087 4043 centrum
1112 3992 1143 4043 et
1165 3984 1388 4067 πψτηιαν
1412 3987 1450 4047 de
1476 3989 1541 4048 loco

171 4083 228 4144 siu
255 4083 360 4143 locum.
407 4076 455 4140 Illi
479 4074 673 4137 communiter
697 4074 799 4135 Solem
821 4073 1013 4146 circumeunt,
1038 4072 1124 4132 Luna
1146 4070 1307 4137 Tellurem.
1347 4074 1472 4137 illorum
1492 4094 1542 4136 ec-

199 4152 404 4235 climacidos
427 4173 567 4246 totaeque
591 4162 724 4225 theoriae
748 4160 943 4240 longitudinis
967 4158 1189 4249 etdatitrrdinis
1212 4182 1230 4222 a
1254 4162 1325 4224 Sole
1349 4154 1541 4245 consurgunt,

201 4259 305 4325 lamae
328 4278 348 4318 a
370 4247 490 4317 Tellure
513 4254 625 4314 mobili.
672 4253 745 4313 Illos
770 4249 824 4313 Sol
848 4251 878 4312 iu
901 4246 1043 4312 circulum
1064 4251 1154 4329 rapit,
1178 4251 1334 4315 LunamT
1354 4252 1423 4314 llus.
1462 4252 1541 4324 Quid

201 4351 307 4411 mirum
342 4345 451 4425 igitur,
482 4344 508 4404 si
532 4343 618 4404 Luna
640 4340 830 4403 latitudinum
854 4358 973 4400 suarum
998 4336 1109 4403 limites
1130 4340 1170 4403 ud
1194 4272 1363 4421 eclipticaii
1387 4341 1542 4403 luxatilem

201 4438 272 4510 ΗΚ,
297 4435 352 4498 sub
368 4453 433 4519 qua
455 4430 586 4493 Telluris
608 4436 657 4497 est
679 4429 817 4503 circulus,
840 4436 1015 4493 constantes
1029 4437 1138 4502 tuetur,
1163 4431 1422 4511 courtc,·planetis
1440 4431 1489 4493 hic
1504 4431 1542 4493 ad

202 4526 292 4587 alium
308 4514 446 4605 {liq'lrem
469 4504 845 4592 circulum'iuvariabilem,
867 4524 901 4578 ut
920 4515 1309 4667 LOllllfflqpicieutibus?
1349 4521 1454 4600 ltaque
1470 4517 1541 4581 nibil

203 4633 257 4675 nos
280 4614 367 4676 Luna
390 4612 479 4673 debet
502 4610 654 4691 impedire,
678 4628 734 4689 quo
757 4606 854 4668 minus
876 4607 933 4667 hoc
957 4606 1026 4667 cred
1098 4627 1122 4666 s.
1521 4614 1525 4619 '

290 4703 357 4764 Hoc
395 4702 486 4781 igitur
514 4708 655 4779 recepto,
693 4695 803 4779 Martis
833 4695 959 4756 orbitam
982 4690 1155 4775 constabter
1178 4692 1315 4759 trutinari
1337 4696 1376 4759 ad
1399 4696 1541 4760 *culum

203 4792 332 4873 aliquem
360 4790 414 4850 sub
438 4791 542 4852 iisdem
567 4804 685 4868 semper
707 4785 775 4845 lixis
799 4792 996 4857 constantem,
1019 4792 1053 4845 ut
1075 4782 1196 4859 LOIM,
1234 4784 1385 4866 sequitur,
1418 4788 1541 4857 eandem

203 4879 314 4946 Martis
338 4876 466 4943 orbitam
488 4878 557 4940 aliis
581 4875 690 4938 seculis
714 4873 803 4935 aliter
825 4872 961 4935 inclinari
984 4872 1022 4935 ad
1045 4872 1214 4955 eclipticam
1236 4872 1306 4949 ux,
1329 4883 1363 4937 ut
1384 4880 1461 4956 quae
1483 4876 1541 4938 ali·
