3374 5528
647 305 710 361 ras
728 304 831 371 oasa.
864 244 1079 375 ceresaria
1449 293 1538 412 «tta

196 485 303 566 quibus
333 486 379 549 sui
411 486 547 568 partibus
569 487 645 549 rixas
668 485 813 566 pristinas
837 486 950 549 deserit
973 496 1004 549 et
1026 488 1064 547 ad
1088 486 1164 548 alias
1187 483 1306 549 transit.
1326 350 1538 549 &tamen

195 577 240 637 sic
265 576 410 655 sequitur,
435 577 461 637 si
482 576 670 656 recipiamus,
694 575 788 637 nodos
810 577 920 639 Martis
944 586 980 638 et·
997 576 1091 637 nodos
1115 575 1254 649 Telluris,
1277 576 1334 637 hoc
1355 578 1404 635 ert
1424 572 1537 633 sectio-

193 684 249 728 nes
277 685 352 745 quas
385 665 498 727 laciuut
528 665 586 726 hae
615 664 730 729 orbitae
760 683 827 726 cum
855 666 909 727 illo
938 665 1048 727 circulo
1072 684 1162 726 caeco
1185 662 1307 739 LOIM,
1349 680 1408 723 non
1431 660 1538 722 iisdem

180 744 314 835 {semper
337 754 504 816 intervallis
528 755 559 816 iu
582 755 666 816 coelo
689 753 882 829 circumferri,
907 755 961 816 sed
981 754 1055 814 alios
1072 753 1140 817 aliis
1159 773 1226 814 esse
1246 751 1416 815 celeriores.
1440 749 1559 855 Hujus.)

192 842 238 905 rei
256 843 420 922 ⁴genuinum
444 845 612 924 exemplum
630 843 694 922 jam
717 845 847 922 positum
871 853 928 905 est.
974 843 1052 904 Dum
1081 843 1160 905 enim
1182 851 1327 922 aequatur
1350 845 1539 902 constantem

194 940 296 993 tuetur
319 931 543 996 inclinationem
565 933 605 994 ad
629 951 750 994 caecum
772 933 850 994 hunc
873 932 1014 994 circulum
1037 932 1152 1005 LOIM,
1176 932 1314 1012 ecliptica
1335 928 1395 991 HK
1418 927 1539 989 interim

193 1021 363 1083 translata:
384 1021 510 1102 denique
528 1022 680 1091 mutabilis
697 1030 744 1082 est
760 1022 947 1102 deprehensa
965 1021 1136 1100 aequatoris
1155 1022 1193 1083 ab
1206 1019 1345 1100 ecliptica
1361 1015 1536 1079 declinatio.

282 1108 331 1172 Sit
353 1112 383 1172 A
406 1112 491 1190 polus
515 1108 673 1191 eclipticas
705 1111 842 1186 mediae,
874 1130 926 1170 seu
949 1121 1109 1189 puuctum.
1133 1111 1162 1172 in
1187 1111 1267 1193 quod
1288 1106 1392 1170 incidit
1415 1111 1500 1167 recta
1524 1124 1540 1165 e

194 1207 297 1261 centro
316 1198 398 1262 Solis
421 1219 474 1278 per
498 1201 597 1279 polum
619 1199 752 1278 corporis
767 1199 883 1263 Solaris
907 1199 1007 1261 ducta.
1206 1250 1236 1305 ᾗ
1283 1230 1330 1299 m
1365 1246 1368 1253 .
1458 1270 1461 1275 Ι
1490 1172 1509 1207 ”

194 1286 352 1350 Scribatur
384 1300 484 1351 centro
507 1292 556 1363 A,
586 1284 933 1368 spar10A1323⁰tt⁴‚
960 1289 1007 1350 vel
1212 1266 1262 1337 Ψ
1316 1284 1347 1357 -i

193 1396 251 1438 non
275 1376 369 1439 multo
397 1378 467 1452 nlio,
492 1378 620 1441 circulus
643 1377 751 1450 minor,
783 1387 815 1438 et
837 1377 898 1439 sint
919 1379 956 1451 B,
981 1375 1006 1441 C
1369 1384 1371 1388 ‘

194 1467 262 1527 loca
283 1467 344 1546 poli
368 1466 468 1528 muudi
491 1467 630 1543 borealis,
655 1467 718 1529 sive
736 1474 854 1545 puncta,
879 1466 908 1527 in
932 1483 1007 1547 quae

193 1552 299 1616 incidit
328 1555 408 1617 linea
437 1575 474 1617 ex
501 1565 604 1618 centro
634 1556 768 1636 corporis
797 1556 926 1619 Telluris
954 1573 1008 1634 per

192 1644 294 1725 polum
323 1652 422 1707 motus
455 1645 552 1706 diurni
581 1646 715 1724 ejusdem
745 1644 875 1707 Telluris
907 1645 1007 1718 ducta,
1056 1624 1082 1750 If

192 1736 376 1814 Btempore
407 1734 628 1801 Ptolemaei,
660 1734 841 1815 Ctempore
871 1742 1006 1794 nostro.
1056 1764 1073 1816 Β

195 1821 313 1893 Quodsi
357 1823 548 1885 retrocedunt
593 1823 684 1885 etiarn
729 1822 886 1902 eclipticae
929 1820 1007 1895 nodi,

194 1931 319 1973 necesse
343 1921 391 1973 est
414 1912 537 1974 limitem
551 1913 686 1975 boreum
714 1912 810 1974 statui
832 1912 912 1974 circa
933 1912 1009 1972 lixas
1068 1920 1079 1971 l

194 2001 224 2064 iu
254 2001 378 2063 confinio
400 2001 516 2064 Arietis
540 2009 571 2063 st
593 2000 734 2063 Piscium.
778 2001 858 2065 Nam
885 2002 1008 2062 fixarum

194 2090 359 2152 borealium
378 2090 407 2150 in
424 2089 558 2152 Geminis
577 2100 609 2152 et
623 2088 853 2156 Cancrocrevit
871 2089 1008 2163 latitudo,

195 2188 231 2241 ut
261 2179 344 2260 prius
372 2179 494 2242 dictum.
540 2178 681 2243 Sumatur
710 2179 738 2240 D
765 2187 906 2259 punctum
934 2178 1011 2241 inter

162 2300 173 2321 ν
194 2271 232 2343 Β,
250 2266 275 2332 O
291 2269 510 2341 intermedium,
529 2268 691 2329 ostendens
707 2268 803 2330 locum
820 2256 882 2355 piolp'
896 2286 1034 2349 aequas,-
1154 2264 1198 2349 ips
1330 2312 1346 2335 .-
1370 2330 1374 2343 ,

197 2358 273 2420 toris
297 2367 429 2437 ternpore
453 2358 639 2431 intermedio,
663 2358 698 2419 et'
716 2364 932 2419 connectantur
955 2358 996 2430 A,
1019 2357 1059 2418 D.
1107 2357 1247 2427 Circnlus
1267 2352 1442 2439 ipitius-AD
1465 2376 1538 2420 con-

188 2448 335 2537 tinuatus
359 2447 501 2509 transibit
522 2465 576 2527 per
599 2445 762 2508 solstitium
785 2446 928 2529 temporis
952 2446 1314 2533 intermedii‚;;··,1)ucatlrr
1335 2448 1363 2509 ei
1386 2467 1425 2509 ex
1447 2449 1482 2529 A,
1499 2447 1539 2508 ad

177 2542 300 2613 mestos
326 2535 403 2610 ΑΕ,
436 2535 485 2616 qui
517 2536 707 2598 continuatus
731 2535 881 2599 transibit
911 2554 965 2614 per
996 2532 1123 2616 aequin*
1210 2540 1363 2615 ''j-avernum
1386 2534 1539 2617 temporis

176 2596 377 2689 i'intermedii
422 2624 504 2703 Ergo
535 2643 627 2705 prope
658 2623 848 2701 lineammn
879 2625 971 2686 fuerit
1001 2625 1088 2705 polus
1128 2618 1155 2707 Ἰ
1186 2616 1241 2701 h,
1270 2628 1326 2688 sub
1353 2638 1412 2707 qno
1440 2626 1540 2688 orbita

198 2714 409 2793 circuitusque¹
425 2706 557 2781 Telluris
589 2713 784 2776 ordinabatur
813 2712 893 2775 olim.
941 2713 984 2776 Et
1012 2713 1082 2794 quia
1109 2715 1138 2778 in
1161 2715 1267 2779 Ariete
1300 2715 1387 2777 limes
1418 2714 1537 2788 boreus,

197 2804 390 2884 producatur·
403 2792 512 2885 finiar.
539 2803 599 2867 EA
629 2803 660 2865 iu
689 2811 792 2884 partes
814 2804 861 2879 A,
894 2812 926 2865 et
951 2803 1042 2883 juxta
1078 2804 1160 2866 illam
1198 2806 1373 2885 productam
1409 2804 1539 2884 eligatur

198 2901 341 2976 punctum
364 2888 492 2961 I-„infrn
534 2890 628 2955 Polus
652 2891 743 2972 igitur
774 2892 933 2972 eclipticas
956 2893 1158 2957 Ptolemaicae
1190 2895 1331 2957 fueritin
1355 2895 1379 2956 1.
1426 2891 1539 2957 Ceutro

198 2985 239 3058 A,
264 2983 364 3062 spatio
384 2978 616 3063 Al,·ncribntur
640 2982 785 3056 circellus,
810 2983 915 3062 inquo
938 2988 1073 3044 sumatur
1095 2983 1177 3045 aliud
1199 2990 1340 3064 punctum
1356 2982 1394 3059 O,
1417 2983 1539 3064 propius

198 3073 258 3153 ipsi
277 3070 318 3146 Ὀ,
342 3070 432 3151 qnam
452 3070 502 3133 est
541 3100 547 3119 τ
597 3071 624 3133 si
647 3071 683 3132 Β.
730 3064 835 3151 Sitqhe
859 3071 1067 3153 Ootlipticae
1097 3072 1260 3135 hodiernae
1287 3072 1390 3154 polus,
1421 3071 1540 3137 dinam

199 3184 219 3224 a
244 3161 269 3225 Ο
293 3158 354 3224 23⁰
376 3154 413 3224 tl
425 3148 490 3242 ¹12¹,
526 3230 538 3235 Η
579 3160 611 3233 ’ῑῘ
633 3161 719 3240 polus
743 3150 1127 3245 eclipticmwahmaicae
1150 3162 1246 3227 distet
1268 3183 1287 3224 a
1308 3162 1335 3229 B
1354 3154 1469 3225 23051
1479 3150 1538 3241 ¹1,st

198 3252 269 3314 Erit
291 3251 365 3312 haec
388 3248 506 3311 theoria
527 3256 660 3319 mutatae
684 3244 1106 3330 obliquitatis'ncliptitab.;et
1125 3250 1293 3335 latitudiuis
1316 3250 1459 3325 fixarum
1480 3249 1540 3311 nisi

200 3339 280 3420 quod
303 3339 339 3399 de
363 3338 545 3400 dimensione
568 3337 655 3400 nobis
678 3357 735 3399 uon
758 3336 1141 3423 constat-ipnint„cintelli
1164 3338 1223 3405 01.
1265 3340 1343 3403 Nam
1368 3339 1420 3402 illa
1443 3358 1539 3420 quan-

199 3430 276 3492 titas
299 3426 352 3491 20⁴
376 3426 562 3508 obliquitatis
593 3427 749 3506 eclipticas
780 3433 913 3489 mutatas
935 3422 1126 3501 varin-cilici
1157 3437 1268 3508 potest
1278 3428 1312 3503 ⁴³)
1357 3429 1399 3491 Et
1422 3426 1540 3511 qniaO

200 3525 249 3580 cst
272 3516 358 3598 polus
382 3517 537 3595 eclipticas
562 3516 733 3590 hodiernae,
757 3524 789 3578 et
807 3513 862 3579 00
886 3516 915 3577 in
940 3514 1117 3597 principium
1133 3516 1381 3599 Cancripergit:
1406 3519 1448 3580 sit
1470 3536 1540 3595 ergo

201 3607 255 3672 ΟΡ
279 3625 350 3686 pars
375 3615 483 3667 octava
505 3604 621 3680 circuli,
646 3612 678 3667 st
701 3605 725 3665 P
747 3604 876 3666 medium
898 3602 1025 3679 Leonis,
1062 3606 1110 3668 ubi
1141 3607 1230 3669 hodie
1247 3600 1302 3671 ,ὧι
1324 3607 1411 3669 limes
1430 3607 1541 3671 Martis

201 3699 320 3759 boreus.
367 3694 564 3760 continuetur
586 3693 640 3756 ΡΟ
664 3694 744 3756 ultra
767 3692 812 3770 0,
842 3693 926 3775 eique
956 3694 1080 3759 ducatur
1102 3713 1155 3775 per
1177 3697 1191 3757 l
1214 3695 1349 3777 proximo
1378 3694 1542 3777 parallelos

202 3836 284 3845 .-....-
293 3831 360 3842 ...-

291 3900 317 3962 ⁶)
339 3900 422 3953 Polus
442 3894 545 3953 Terrae
560 3916 613 3953 non
635 3901 719 3968 plano
740 3902 791 3954 sub
809 3901 868 3970 ipso
881 3900 952 3954 BCE
969 3899 1082 3955 'circello
1102 3898 1211 3964 inludit,
1232 3903 1281 3954 sed
1296 3902 1346 3954 sub
1367 3898 1448 3972 spiris
1469 3902 1542 3970 opud

199 3984 226 4037 E
247 3980 372 4050 depictis,
394 3979 512 4050 singulis
532 3980 611 4032 annis
631 3996 713 4033 unam
735 3982 821 4033 talem
852 3982 968 4049 spiram,
990 3988 1019 4059 pt
1039 3981 1165 4050 opposito
1186 3982 1250 4050 polo
1275 3983 1430 4051 oppositam
1455 3982 1541 4035 consi·

200 4062 294 4117 milem
314 4060 484 4122 describens,
509 4060 645 4130 aliamque
667 4079 703 4114 ex
725 4061 782 4113 alia
809 4069 934 4124 nectens,
965 4079 1000 4114 ex
1023 4077 1170 4130 quomexu
1190 4069 1234 4115 est
1255 4079 1417 4133 progressus
1446 4061 1543 4131 eequi-

201 4143 354 4198 noctiorum
374 4148 403 4195 et
424 4140 610 4195 solstitiorum.
651 4142 704 4194 Est
723 4148 817 4197 nutem
843 4141 984 4211 quaelibet
1010 4142 1105 4195 harum
1135 4141 1268 4210 spirarum
1296 4149 1389 4205 tanta,
1424 4146 1542 4210 quantus

201 4221 353 4293 Copernico
376 4219 450 4274 orbis
480 4237 611 4291 magnus,
644 4219 742 4274 ceteris
770 4221 843 4274 orbis
865 4220 952 4285 Solis,
983 4222 1035 4274 hoc
1055 4228 1099 4273 est
1125 4223 1265 4291 proportio
1291 4223 1374 4290 hujus
1394 4222 1487 4292 spirae
1508 4223 1544 4274 ad

202 4302 377 4373 superficiem
397 4298 515 4357 harum
536 4301 674 4370 sphaerae
696 4300 862 4355 insensibilis
883 4309 934 4355 est.
974 4302 1071 4373 ltaque
1093 4319 1142 4370 pro
1163 4320 1237 4356 mera
1264 4304 1338 4356 linea
1358 4302 1427 4356 Bon
1447 4299 1544 4355 haberi

201 4391 328 4457 possunt.
370 4380 524 4436 Notandum
545 4388 635 4435 autern
660 4398 709 4451 pro
731 4381 926 4451 imaginatione
947 4388 1024 4434 rocta
1045 4382 1126 4450 hujus
1148 4390 1244 4445 motus,
1267 4385 1336 4452 quod
1358 4383 1418 4436 arria
1440 4398 1543 4452 nequa·

202 4464 274 4520 toris
295 4462 447 4516 Terrestris
476 4462 652 4515 continuatus
681 4461 808 4532 utrinque
830 4464 865 4514 ad
885 4463 956 4516 lixas
977 4462 1055 4515 anuis
1085 4462 1201 4533 singulis
1227 4462 1366 4517 describat
1395 4462 1545 4533 cylindrum

209 4561 245 4598 ea
266 4542 461 4612 amplitudine,
494 4557 549 4612 qua
569 4548 613 4596 est
632 4560 688 4613 uua
708 4561 744 4596 ex
765 4541 808 4594 his
828 4536 942 4611 spiris?
954 4541 998 4612 qui
1023 4559 1120 4613 corpus
1141 4541 1212 4596 Solis
1234 4544 1320 4596 habet
1339 4543 1366 4594 in
1387 4540 1428 4595 sui
1448 4541 1544 4597 madio.

204 4629 245 4678 At
265 4625 335 4676 idem
357 4622 418 4675 axis
440 4622 557 4676 Telluris
579 4616 707 4676 succeisu
727 4623 880 4677 seculorum
902 4618 1032 4676 describit
1060 4614 1142 4677 conos
1161 4624 1243 4683 duos.
1265 4622 1411 4676 verticibus
1433 4620 1460 4676 in
1481 4621 1546 4676 Sols

203 4703 377 4774 aequalibus,
397 4701 451 4769 imo
471 4720 537 4757 vero
558 4702 677 4759 confusis
698 4702 762 4791 tn&
781 4719 799 4757 a
819 4701 933 4757 circuitu
953 4701 1072 4756 Telluris
1093 4701 1295 4773 cirtuSolsm
1319 4703 1423 4779 uquippe
1444 4702 1545 4756 utrius·

205 4801 258 4855 qus
280 4783 340 4836 coni
362 4782 465 4835 vertice
484 4781 513 4837 in
527 4782 643 4841 alterius
664 4786 772 4857 caspar,
783 4782 886 4853 abdito,
909 4788 1024 4853 propter
1037 4799 1195 4837 concursum
1217 4774 1335 4839 oninium
1352 4782 1545 4856 cylindromm,

204 4860 266 4925 osii
285 4879 357 4935 raro,
374 4862 454 4935 ΒβΕ.
494 4865 539 4919 lta
559 4882 595 4921 ex
611 4863 707 4945 prrrltir
727 4846 858 4939 cplfflris
879 4880 962 4921 conns
983 4862 1161 4936 componitur.
