3374 5528
286 265 330 339 3ss
702 258 805 321 hi'tsras
823 266 929 333 Keplerl
948 266 1097 333 altommqus
1114 229 1216 327 mutuas

289 470 322 515 se
345 450 412 532 ipso
435 448 563 512 libratur
585 447 616 510 in
639 447 786 510 diametro
809 446 936 530 epicycli
943 466 953 522 3
975 444 1092 527 rapitur
1114 466 1133 506 a
1154 432 1266 509 virtute
1289 464 1327 508 ex
1350 445 1424 511 Sole
1445 445 1479 509 in
1502 446 1642 511 mundum

286 558 411 623 sparsa3
435 544 562 620 utraque
585 538 678 600 motio
701 544 750 598 est
771 536 956 618 inaequalis;
990 534 1112 597 libratio
1142 535 1309 599 intenditur
1341 544 1372 598 et
1393 534 1563 599 remittitur
1583 557 1641 601 non

285 634 405 706 tantum
426 629 493 710 lege
517 629 642 690 duomm
666 626 854 702 circulorum,
878 626 964 689 utin
988 623 1167 706 Copemico,
1192 625 1246 688 sed
1267 626 1313 687 illi
1337 625 1395 707 ipsi
1413 625 1521 688 circuli
1543 625 1642 690 inten-

286 719 396 782 duntur
419 724 451 779 et
473 717 666 780 remittuntur
689 716 728 778 ad
749 735 921 778 mensnram
936 712 1101 777 crescentis
1119 721 1151 775 et
1168 715 1373 777 decrescentis
1387 714 1530 778 diametri
1545 714 1643 792 Solis;

286 815 400 890 quanto
422 807 520 887 major
542 804 721 889 apparentia
751 804 826 868 disci
851 803 968 868 Solaria
991 803 1022 865 in
1044 803 1190 885 perihelio
1219 824 1309 885 qnam
1332 804 1362 865 in
1385 804 1525 886 aphelio,
1558 813 1642 869 unta

288 896 385 977 major
406 895 469 957 illic
493 896 617 958 diurnus
640 914 729 976 quam
750 894 810 970 hic,
833 895 883 956 vel
906 912 1013 956 eversa
1029 892 1233 974 proportione,
1256 900 1343 955 tanto
1372 892 1485 955 diutius
1510 902 1643 957 moretm

288 985 412 1067 planeta
434 984 465 1046 in
487 1004 547 1047 nno
570 985 665 1065 gradu
689 983 856 1046 anomaliae
884 990 1067 1064 coaequatae
1092 983 1122 1043 in
1152 982 1289 1063 aphelio,
1320 1002 1409 1064 qnam
1431 982 1461 1044 iu
1486 982 1641 1064 perihelio.

288 1075 409 1154 Raptus
440 1093 511 1136 vero
544 1093 683 1136 mensura
716 1081 765 1137 est
796 1072 885 1154 copia
914 1070 1037 1134 luminis
1069 1090 1106 1133 ex
1129 1071 1201 1135 Sole
1224 1071 1255 1133 in
1277 1073 1432 1154 planetam
1454 1072 1487 1134 in
1509 1072 1643 1154 qnalibet

289 1161 437 1225 distantia
460 1163 584 1244 allapsi,
615 1180 720 1244 nempe
752 1160 907 1244 quantitas
939 1160 1014 1224 disci
1048 1161 1183 1242 corporis
1206 1160 1335 1224 Solaris.
1382 1159 1577 1233 Quomodo
1599 1162 1641 1223 ad

290 1250 396 1314 mille
427 1252 594 1332 parietes
627 1252 837 1333 impingens
869 1250 963 1312 hauc
997 1250 1116 1313 solam
1147 1249 1244 1313 viam
1277 1251 1336 1313 ire
1368 1258 1529 1314 coactus
1557 1270 1640 1324 snm,

291 1341 482 1423 capitibus
506 1341 592 1403 illis
616 1339 657 1404 51
682 1341 921 1422 descriptum.

379 1432 444 1493 Hoc
468 1430 645 1512 simpliciter
668 1437 796 1505 certum,
821 1437 865 1490 ex
889 1429 975 1492 Sole
998 1427 1204 1509 propagari
1227 1425 1312 1501 vim,
1343 1444 1438 1508 quae
1460 1426 1640 1508 planetas

291 1518 411 1600 rapit;
435 1526 536 1581 cetera
560 1519 604 1582 sie
627 1518 747 1600 quidem
770 1519 875 1592 dubia,
899 1527 932 1580 ut
954 1526 1054 1580 tamen
1078 1515 1240 1579 identidem
1264 1515 1362 1577 simile
1385 1515 1540 1598 quippiam
1563 1518 1640 1580 aliud

285 1614 361 1690 post
374 1607 456 1670 alind
475 1609 514 1670 ad
530 1627 652 1689 scopum
667 1627 715 1682 me
737 1610 860 1690 propius
883 1607 1021 1669 adducat.
1060 1606 1164 1669 Habes
1177 1607 1215 1667 de
1233 1624 1300 1668 meo
1317 1605 1462 1685 proiectu.
1503 1605 1640 1671 Ceterum

292 1696 517 1760 Commentaria
539 1697 615 1759 haec
638 1697 768 1759 fortasse
792 1717 880 1759 nemo
902 1696 963 1759 nisi
985 1694 1065 1777 apud
1087 1715 1134 1757 me
1157 1694 1276 1758 viderit.
1314 1693 1419 1757 Habes
1441 1702 1474 1755 et
1496 1695 1640 1757 rationem

290 1785 436 1867 temporis
458 1784 618 1866 prolixam.
665 1785 746 1858 Quid
769 1806 840 1850 vero
863 1795 897 1848 tn
915 1787 980 1867 jam
1003 1785 1088 1866 agis,
1111 1792 1272 1865 postquam
1294 1801 1340 1844 me
1364 1802 1432 1845 cnm
1454 1803 1522 1846 meo
1544 1785 1640 1847 Marte

292 1874 452 1938 delusisti?
497 1876 612 1956 Nempe
645 1876 815 1955 catalogum
846 1894 986 1938 recenses
1015 1893 1133 1948 eorum,
1164 1892 1239 1955 quae
1268 1872 1299 1933 in
1321 1873 1409 1934 Luna
1430 1873 1537 1954 Tycho
1560 1880 1592 1936 et
1610 1882 1640 1936 tu

293 1963 524 2046 praestiteritis,
549 1972 581 2025 et
602 1974 710 2044 postes
733 1965 907 2046 subjungis,
939 1984 987 2026 me
1010 1965 1085 2026 haec
1108 1962 1207 2025 omnia
1230 1961 1424 2043 aequiparare
1449 1962 1639 2045 sterquilinco

291 2053 421 2134 Angiae.
468 2056 554 2116 Bona
577 2053 678 2116 verba.
726 2053 806 2127 Quin
838 2062 871 2116 tu
903 2053 1004 2135 potius
1027 2052 1212 2134 exspectasti
1234 2051 1363 2114 redittrm
1384 2058 1469 2113 tuum
1490 2051 1639 2127 Hadriam,

292 2149 327 2205 nt
348 2141 493 2223 inspectis
517 2141 615 2204 literis
637 2144 714 2206 meis
736 2162 890 2220 cerneres,
920 2164 959 2205 an
989 2142 1050 2204 tale
1082 2141 1234 2224 quippiam
1264 2139 1446 2202 contineant
1493 2140 1641 2207 Adhaesit

292 2230 455 2293 memoriae
479 2239 548 2292 tuae
570 2232 691 2312 Augiae
714 2252 782 2295 vox.
828 2234 876 2296 Ne
899 2232 971 2315 qnid
998 2251 1109 2315 quaeso
1142 2249 1195 2310 per
1227 2229 1424 2312 calumniam,
1458 2248 1537 2311 qnae
1568 2230 1641 2293 solet

291 2322 467 2402 plemmqne
491 2322 630 2402 occupari
652 2321 734 2384 circs
755 2321 915 2384 invidiosa.
961 2322 1063 2403 Atque
1087 2319 1263 2395 strideas,
1295 2337 1341 2379 me
1364 2325 1467 2380 tenere
1490 2319 1641 2393 memoria,

294 2408 342 2472 cui
364 2407 408 2469 rei
432 2407 504 2469 mihi
526 2409 629 2490 Angia
652 2411 801 2486 servierit,
826 2410 962 2492 quamvis
985 2411 1015 2472 id
1038 2417 1070 2472 tu
1094 2429 1131 2471 ex
1153 2407 1363 2491 praesentibus
1379 2407 1434 2470 tibi
1453 2407 1553 2471 literis
1570 2407 1641 2471 meis

294 2496 406 2559 rectius
429 2497 583 2578 percipere
605 2506 707 2580 potes,
738 2501 830 2574 scito,
862 2519 909 2562 me
936 2520 996 2562 non
1019 2500 1236 2563 dehonestasse
1260 2495 1475 2563 astronomiam
1499 2496 1641 2571 convicio,

295 2604 385 2668 qnam
407 2585 532 2649 maximi
550 2587 619 2667 jure
642 2588 735 2664 facio,
768 2589 822 2651 sed
854 2608 940 2651 usum
973 2607 1041 2651 esse
1065 2587 1259 2651 similitudine
1283 2605 1376 2667 eaque
1398 2585 1520 2648 minime
1544 2587 1576 2650 in
1596 2586 1641 2660 lis,

296 2693 373 2757 quae
395 2681 428 2735 tn
451 2675 499 2736 vel
522 2675 625 2757 Tycho
650 2677 866 2757 praestitistis,
890 2678 1058 2752 elevandis,
1089 2677 1168 2759 qnod
1190 2676 1263 2739 mihi
1287 2684 1341 2737 aut
1362 2674 1408 2737 ira
1430 2676 1573 2738 caecatus
1595 2681 1644 2736 ant

296 2761 415 2826 malitia
437 2772 595 2844 corruptus
619 2784 685 2828 cum
708 2766 819 2846 insigni
841 2767 950 2848 injuria
972 2767 1094 2843 tribuis,
1118 2767 1172 2828 sed
1195 2766 1226 2828 in
1250 2763 1471 2845 comparatione
1494 2765 1642 2847 hypothe-

296 2852 374 2915 sium
396 2853 585 2934 antiqnarum
609 2874 675 2917 cum
696 2875 763 2918 meo
786 2856 893 2919 itinere
917 2856 1007 2918 ovsli.
1046 2858 1092 2918 Tn
1113 2875 1211 2918 meum
1238 2853 1325 2916 ovale
1345 2854 1404 2915 iter
1428 2853 1641 2925 dehonestasti,

299 2958 356 3022 ego
380 2940 434 3004 tibi
458 2942 598 3024 centuplo
622 2944 813 3007 absurdiores
837 2945 935 3026 spiras
959 2944 1147 3028 antiquomm
1170 2947 1261 3026 (quos
1277 2943 1437 3006 etiamnum
1452 2943 1559 3025 Tycho
1577 2942 1642 3004 imi-

299 3037 382 3093 tatus
405 3039 462 3106 est,
486 3050 545 3094 non
567 3052 646 3095 nova
663 3034 812 3114 fingendo,
837 3035 892 3097 sed
910 3042 1013 3098 vetera
1027 3034 1236 3116 relinquendo)
1253 3031 1387 3115 opposui.
1426 3030 1459 3095 Si
1477 3050 1642 3104 succenses,

299 3139 319 3180 a
340 3135 388 3181 me
411 3138 471 3182 non
492 3140 583 3201 posse
606 3123 673 3184 tolli
696 3123 754 3187 iter
770 3123 868 3196 ovale,
891 3132 1001 3208 quanto
1017 3124 1114 3205 magis
1131 3142 1307 3186 succensere
1330 3120 1422 3183 debes
1439 3121 1550 3201 spiras,
1574 3140 1643 3202 quas

299 3207 417 3271 sustuli.
465 3208 561 3281 Quasi
584 3212 772 3292 peccaverim
795 3212 825 3275 in
848 3213 929 3276 ovali
951 3213 1072 3288 relicta,
1097 3231 1164 3275 cnm
1187 3211 1280 3274 ceteri
1303 3210 1418 3292 antiqui
1440 3229 1498 3272 non
1522 3215 1645 3292 peccent

298 3295 355 3358 tibi
376 3295 407 3357 in
429 3305 478 3360 tot
500 3298 599 3380 spiris.
645 3302 711 3363 Hoc
734 3309 783 3362 est
803 3303 924 3365 multari
948 3302 985 3365 ob
1008 3320 1097 3365 unum
1129 3320 1245 3363 carrum
1273 3299 1365 3363 limati
1394 3298 1550 3375 relictum,
1584 3317 1646 3361 cnm

299 3383 447 3466 reliquam
469 3387 601 3469 Augiam
624 3391 853 3471 expurgaveris3
886 3399 938 3454 tuo
962 3410 1069 3467 sensu,
1097 3392 1147 3473 qui
1169 3390 1311 3471 repudias
1333 3406 1430 3449 meam
1454 3388 1574 3451 evalem
1596 3407 1646 3450 cen

299 3492 389 3536 uuum
412 3494 529 3538 carrum
552 3479 655 3554 fimeti,
679 3499 745 3542 cnm
768 3479 880 3542 toleres
901 3481 1009 3562 spiras,
1033 3498 1109 3562 qnae
1124 3487 1220 3541 totum
1234 3479 1386 3542 stabulum
1400 3484 1478 3551 sunt,
1504 3477 1647 3559 siqnidem

299 3580 369 3624 mea
392 3564 488 3627 ovalis
512 3565 643 3629 situnne
665 3587 777 3631 carrus.
794 3599 835 3612 -
851 3568 914 3633 Sed
928 3570 1020 3650 piget,
1037 3569 1068 3631 in
1082 3568 1329 3630 manifestissima
1344 3564 1494 3628 calumnia
1509 3566 1648 3629 diluenda

300 3651 452 3715 immorari
453 3700 541 3716 .....
586 3658 647 3720 Pro
669 3658 780 3721 Deum!
803 3659 981 3722 Nondumne
1006 3657 1082 3721 satis
1104 3657 1240 3738 probasti
1262 3656 1349 3731 mihi,
1376 3663 1407 3717 te
1430 3673 1497 3716 mea
1520 3654 1648 3736 epistola

301 3739 456 3804 caruisse?
493 3744 597 3807 Audes
622 3746 728 3809 iterum
751 3746 782 3810 in
811 3747 922 3810 itinera
944 3746 1045 3809 ovalia
1066 3746 1222 3821 insultare,
1246 3765 1312 3809 cnm
1335 3743 1426 3818 scias,
1451 3744 1530 3825 apud
1544 3745 1647 3821 Ptole·

302 3846 419 3892 meeum
443 3840 475 3893 et
487 3833 659 3915 Tychonem
682 3855 750 3899 esse
774 3835 907 3918 spiralia.
952 3836 1064 3899 Annon
1081 3834 1137 3897 tibi
1160 3835 1306 3915 descripsi
1330 3836 1360 3898 in
1382 3833 1493 3895 scheda
1511 3833 1648 3898 modum!

304 3921 414 3982 Annon
438 3920 511 3997 dixi,
534 3922 653 4005 inipso
678 3925 768 3987 etiam
789 3924 957 4006 copemico
979 3944 1048 3987 esse
1072 3925 1185 4000 orales,
1210 3943 1320 4008 easque
1344 3922 1444 3986 studio
1467 3941 1487 3984 a
1510 3923 1649 4005 Tychone

303 4006 460 4071 haductas
482 4011 513 4071 in
537 4030 607 4074 snas
629 4013 835 4096 hypotheses?
876 4015 986 4078 Annon
1009 4013 1083 4089 dixi,
1107 4013 1224 4076 evalem
1246 4032 1343 4077 meam
1365 4031 1403 4073 ex
1426 4011 1542 4074 dnobus
1566 4013 1648 4095 priu-

302 4094 391 4177 cipiis
413 4097 647 4179 regularissimis
670 4103 828 4183 componi?
864 4101 959 4165 Jubes
981 4121 1028 4165 me
1052 4103 1151 4166 omnia
1169 4102 1208 4164 ad
1221 4102 1382 4167 circulares
1396 4101 1546 4164 motiones
1562 4121 1649 4164 revo-

303 4202 391 4261 care3
424 4187 554 4250 nondum
578 4189 670 4269 igitur
691 4191 852 4271 intelligis,
889 4191 994 4274 quales
1019 4192 1121 4256 ovales
1144 4191 1296 4255 fabricem.
1342 4194 1466 4256 Revoca
1487 4197 1521 4252 tu
1545 4198 1600 4253 tua
1621 4197 1651 4252 et

302 4273 492 4338 Ptolemaica
522 4284 555 4339 et
586 4278 794 4360 Oopemicana
824 4282 863 4342 ad
896 4280 1033 4343 circulos.
1085 4281 1292 4345 Praestitisti?
1333 4279 1479 4345 Praestiti
1520 4287 1554 4341 et
1585 4299 1649 4361 ego.

303 4363 407 4445 Nolito
429 4371 551 4446 putare.
583 4385 629 4429 me
662 4369 811 4431 mentibus
843 4369 1039 4433 divinissimis
1072 4370 1202 4434 tribuere
1230 4369 1461 4433 destinationem
1494 4367 1558 4443 ovi,
1592 4369 1649 4431 iuno

304 4461 451 4534 appetunt
473 4453 610 4530 circulos,
636 4457 690 4518 sed
711 4476 766 4541 per
789 4459 929 4520 accidens
953 4458 1134 4534 exorbitant,
1157 4467 1192 4522 ut
1204 4460 1378 4546 Ptolemaeo
1392 4457 1534 4539 planetae
1556 4477 1650 4541 appe·

305 4548 374 4603 tunt
395 4541 575 4627 epicyclicos
599 4554 630 4606 et
651 4546 836 4609 eccentricos
858 4555 971 4623 motus,
1005 4549 1058 4610 sed
1090 4569 1143 4631 per
1174 4549 1313 4612 accidens
1335 4549 1366 4612 in
1389 4546 1488 4628 spiras
1512 4556 1649 4628 aguntur.

306 4628 400 4693 Ratio
423 4640 472 4694 est
492 4632 582 4714 plane
606 4633 720 4697 eadem.
767 4634 827 4708 Qui
857 4655 940 4698 meas
972 4636 1074 4700 ovales
1105 4638 1218 4720 carpit,
1247 4647 1356 4720 carpat
1387 4642 1419 4699 et
1448 4635 1651 4699 confusionem

309 4729 482 4801 aspectuum
514 4721 544 4785 in
578 4721 758 4788 calendario
791 4743 843 4787 sen
873 4725 1080 4808 Ephemeride.
1135 4728 1257 4803 Mones,
1295 4727 1339 4789 sic
1369 4724 1511 4808 physicas
1544 4744 1651 4788 mnam

309 4818 460 4893 quaeram,
483 4828 520 4874 ne
543 4811 663 4876 interim
686 4814 801 4876 coelum
825 4833 845 4876 a
866 4832 913 4877 me
935 4814 996 4879 vim
1017 4815 1160 4898 patiatur.
1199 4817 1277 4898 Ego,
1299 4816 1340 4879 mi
1364 4814 1547 4892 christiane,
1571 4815 1598 4878 si
1620 4810 1652 4878 8⁴
