3374 5528
553 339 616 392 Pars
634 336 733 402 Quinto
763 336 845 406 Caput
860 338 946 392 LXlX.
1294 404 1306 413 ,
1353 337 1418 409 433
1441 279 1444 285 '

79 515 266 580 autumnali?
293 536 361 580 cum
395 516 547 596 ingressus
571 516 653 580 Solis
676 518 705 578 in
730 516 877 581 Cancrum
901 519 1083 581 insensibilis
1107 520 1194 599 plane
1218 519 1268 583 sit.
1312 521 1417 604 Neque

79 626 152 668 sane
182 607 356 687 persuaderi
388 625 528 687 possum,
556 607 759 686 Hipparchum
790 617 820 668 et
842 609 1048 670 Ptolemaeum
1075 609 1104 669 in
1134 611 1230 690 ipsum
1258 610 1346 689 hujus
1368 612 1417 674 in-

77 716 200 773 gressus
223 703 404 758 momentum
426 695 603 776 respexisse,
628 697 774 774 neglectis
796 697 914 775 punctis
938 697 1133 759 intermediis.
1172 698 1269 762 Credo
1289 700 1414 776 facilins,
1519 695 1520 698 '

77 785 199 847 sedulos
222 785 315 847 fuisse
337 804 392 864 per
414 792 510 846 totam
533 795 681 847 aestatem
704 786 734 846 in
749 787 887 847 notandis
905 785 986 848 Solis
1002 786 1259 860 declinationibus,
1285 808 1417 869 semper-

76 893 133 956 que
158 874 233 935 duas
248 875 398 955 aequales,
424 893 462 934 ex
477 881 600 953 utroque
617 875 710 936 latere
735 874 869 947 solstitii,
893 894 1083 955 comparasse
1103 876 1236 952 invicem,
1261 885 1415 958 ettempus

77 966 157 1026 inter
180 964 347 1044 aequalium
372 962 604 1025 declinationum
626 971 777 1024 momenta
799 964 1005 1026 intermedium
1027 984 1081 1044 pro
1096 984 1166 1026 vero
1183 966 1319 1044 ingressu
1334 966 1415 1029 Solis

75 1054 106 1114 in
131 1051 281 1116 canum
311 1053 469 1124 sumsisse,
498 1071 555 1132 qno
585 1061 688 1132 pacto,
716 1053 742 1114 si
772 1053 878 1115 vicinis
902 1054 1033 1115 solstitio
1056 1054 1130 1115 locis
1154 1056 1336 1134 comparatio
1360 1057 1417 1119 init

76 1140 230 1216 instituta,
253 1161 358 1221 parum
382 1141 499 1221 quidem
523 1141 643 1216 erroris,
667 1151 782 1203 tanturn
805 1151 905 1204 tamen
928 1143 1072 1205 committi
1092 1143 1199 1223 potnit,
1223 1152 1352 1224 quantus
1368 1153 1418 1207 est

75 1230 164 1293 unius
188 1230 247 1292 diei
270 1232 438 1310 quadrans,
461 1230 492 1292 in
515 1250 572 1312 quo
596 1231 707 1291 abeunt
731 1228 783 1293 15²
806 1232 843 1292 de
866 1239 947 1293 motu
972 1231 1062 1295 Solis.
1109 1232 1203 1311 Igitur
1226 1233 1284 1293 etsi
1307 1233 1415 1296 certis-

74 1322 152 1383 sima
175 1329 278 1382 essent
300 1320 498 1401 aequinoctia,
522 1328 625 1398 potest
637 1328 738 1381 temen
752 1320 832 1382 circa
848 1321 980 1382 solstitia
999 1321 1027 1382 in
1044 1328 1146 1399 partes
1162 1321 1293 1383 alternas
1309 1322 1415 1384 deesse

72 1410 123 1472 vel
147 1409 299 1472 abundare
322 1409 351 1470 in
374 1408 441 1470 loco
465 1408 546 1471 Solis
571 1417 678 1489 quarta
700 1429 771 1490 pars
794 1410 921 1488 modus,
945 1418 976 1471 et
999 1429 1163 1488 apogaeum
1186 1417 1255 1471 tunc
1271 1408 1310 1474 80
1325 1419 1413 1472 ante-

72 1500 137 1561 rius
160 1499 209 1561 vel
232 1498 382 1578 posterius
405 1497 545 1558 incidere.
591 1498 745 1561 Hactenus
769 1499 806 1559 de
829 1508 911 1560 motu
934 1498 1025 1561 Solis.

163 1589 202 1650 V.
226 1587 296 1650 Jam
320 1587 397 1668 quod
411 1586 521 1648 Martis
544 1586 639 1668 ipsius
663 1586 886 1650 observationes
905 1587 1024 1660 attinet,
1049 1586 1105 1648 etsi
1122 1586 1235 1658 demus,
1249 1587 1412 1650 astrolabio

73 1677 243 1741 certissime
267 1676 436 1738 collimasse
461 1676 665 1738 Ptolemaeum
688 1678 725 1738 ad
749 1677 842 1738 fixas:
867 1686 968 1739 tamen
982 1676 1079 1737 adhuc
1098 1695 1156 1737 non
1175 1683 1293 1737 constat
1302 1677 1413 1738 certius

72 1769 110 1828 de
136 1767 209 1828 loco·
225 1767 335 1828 Martis
358 1765 386 1825 in
410 1765 532 1826 zodiaco
557 1765 657 1836 (utin
682 1784 738 1846 quo
761 1767 843 1845 prius
867 1774 899 1827 et
920 1768 1016 1828 locum
1040 1763 1123 1826 Solis
1146 1765 1413 1840 consideravimus)

72 1874 163 1942 quam
188 1856 224 1916 de
248 1856 378 1935 ipsamm
402 1855 524 1915 marum
548 1854 640 1915 locis:
665 1865 697 1916 et
719 1855 745 1917 si
769 1855 917 1918 commisit
938 1857 1131 1919 Ptolemaeus
1154 1873 1283 1932 errorem
1305 1854 1335 1915 in
1359 1872 1412 1917 as-

143 1940 151 1959 ''
167 1939 222 2029 ..Jdo
244 1945 321 2006 fixae
344 1944 438 2023 gradu
462 1943 659 2022 elongationis
682 1964 701 2005 a
724 1954 832 2026 puncto
856 1944 1043 2025 aequinoctii,
1066 1943 1144 2005 idem
1168 1963 1250 2004 error
1272 1943 1411 2004 commit-

70 1958 215 2123 min
241 2031 465 2113 pronunciando
495 2032 605 2093 Martis
643 2033 718 2094 loco.
773 2034 866 2114 Atqui
898 2052 935 2095 ne
962 2035 1085 2095 marum
1116 2032 1233 2111 quidem
1263 2032 1413 2112 elongatio

72 2116 189 2184 a'Sole
220 2123 267 2195 (et
298 2123 342 2183 sic
370 2129 519 2201 apnncto
541 2121 676 2196 Arietis,
715 2142 813 2203 aquo
841 2124 934 2185 scitur
957 2123 1037 2186 Solis
1070 2121 1219 2201 elongatio
1241 2139 1295 2200 per
1317 2121 1413 2182 decli-

72 2212 243 2283 nationem)
266 2219 350 2274 caret
372 2211 540 2290 suspicione
565 2210 682 2273 erroris.
728 2213 807 2273 Ecce
831 2212 907 2273 enim
932 2220 963 2273 et
984 2212 1102 2272 modum
1125 2209 1289 2291 inquirendi
1312 2218 1344 2271 et
1361 2230 1413 2272 ar-

71 2308 244 2376 gumentum
268 2300 385 2363 erroris.
427 2301 516 2362 Anno
539 2299 581 2362 ΙΙ.
597 2301 743 2362 Antonini
767 2301 919 2381 inquisivit
936 2301 1017 2362 illam
1035 2301 1225 2360 Ptolemaeus
1235 2317 1288 2378 per
1298 2299 1411 2361 Lunam

73 2390 276 2465 dichotomon.
322 2390 426 2452 Lunae
450 2389 527 2450 enim
550 2409 568 2449 a
592 2387 674 2465 Sole,
700 2390 798 2451 cordis
821 2390 930 2451 Leonis
954 2391 1072 2451 aLuna
1093 2388 1311 2468 elongationem
1333 2388 1413 2468 cepit

74 2478 253 2551 astrolabio.
305 2479 389 2541 Data
416 2478 506 2557 igitur
532 2477 615 2541 Solis
644 2480 833 2557 elongatione
863 2500 881 2540 a
903 2486 1013 2558 puncto
1038 2477 1230 2558 aequinoctii,
1269 2477 1357 2539 datur
1380 2484 1412 2538 et

70 2570 151 2630 fixae
180 2566 184 2571 ’
211 2568 340 2629 'amem
364 2566 569 2646 elongatio*).
617 2566 686 2628 Jarn
720 2569 748 2629 in
782 2569 962 2630 dimetienda
985 2566 1173 2646 elongatione
1188 2564 1411 2627 LunaeaSole

71 2676 156 2719 error
240 2665 305 2718 etur
340 2657 517 2718 commissus
550 2656 662 2717 dimidii
692 2658 814 2733 gradus.
859 2658 937 2720 Nam
961 2656 1031 2719 Sole
1060 2656 1212 2717 occidente
1237 2654 1293 2715 fuit
1323 2663 1413 2735 capta

72 2753 225 2809 mensura.
272 2744 325 2807 Sol
357 2764 429 2806 vero
452 2744 592 2807 occidens
614 2765 669 2824 per
690 2746 899 2809 refractionem
921 2747 1040 2807 videtur
1063 2744 1152 2805 altior
1170 2744 1267 2822 justo,
1291 2742 1410 2805 dimidio

70 2835 194 2899 circiter
216 2836 320 2915 gradu.
358 2835 459 2896 Minor
481 2853 553 2913 ergo
567 2836 650 2914 justo
666 2846 792 2916 apparet
805 2836 955 2913 elongatio
969 2837 1083 2907 Lunae,
1107 2841 1139 2894 et
1152 2833 1194 2894 sic
1209 2832 1299 2894 etiam
1314 2832 1411 2894 cordis

70 2916 185 2987 Leonis
207 2946 237 2985 a
266 2923 337 2986 Sole
368 2943 442 3004 aqne
473 2924 671 3005 aequinoctio.
724 2926 852 2986 Videtur
880 2926 970 3003 igitur
1001 2923 1154 2984 addendus
1187 2921 1260 2983 locis
1288 2921 1411 2983 fixarum

68 3025 206 3095 tempore
219 3013 385 3076 Ptolemaei
409 3013 548 3075 dimidius
563 3014 685 3092 gradus.
714 3015 795 3091 Ergo
815 3016 931 3094 quando
947 3014 1138 3075 Ptolemaeus
1153 3011 1269 3090 putavit
1283 3011 1411 3072 Martem

70 3107 155 3175 (cnm
182 3102 249 3164 lixis
279 3102 464 3167 observando
493 3105 672 3174 connexum)
702 3121 768 3167 esse
798 3104 827 3164 in
857 3103 995 3183 opposito
1023 3100 1111 3163 medii
1143 3099 1200 3161 loci
1224 3096 1320 3173 Solis,
1345 3099 1410 3177 jam

69 3211 141 3254 vere
166 3191 274 3253 suisset
296 3189 418 3252 dimidio
442 3191 536 3270 gradu
560 3192 640 3253 ultra
663 3192 739 3252 hunc
762 3193 940 3272 oppositum.
988 3191 1061 3255 Cum
1085 3190 1176 3268 igitar
1199 3209 1217 3248 a
1237 3187 1411 3249 Ptolemaeo

71 3288 201 3361 quatuor
224 3281 387 3342 observata
409 3281 476 3342 loca
490 3280 601 3342 Martis
617 3290 882 3343 commemorentur
898 3282 972 3343 ista:
998 3275 1059 3343 210
1080 3278 1112 3343 0¹
1135 3283 1179 3351 Π,
1210 3272 1270 3339 280
1297 3272 1350 3340 50¹
1374 3281 1408 3351 tl,

72 3367 113 3432 2⁰
136 3363 191 3432 34¹
214 3375 253 3443 s,
282 3366 316 3428 10
338 3364 403 3433 3600
426 3373 465 3442 s,
489 3370 576 3431 nobis
591 3370 769 3431 assumenda
784 3379 888 3432 essent
903 3372 977 3432 ista:
1002 3365 1062 3430 21⁰
1085 3365 1138 3431 30⁴
1160 3371 1201 3442 Il,
1225 3360 1318 3428 29⁰2
1342 3367 1350 3397 ‘
1374 3371 1409 3441 tl,

70 3456 110 3523 3⁰
128 3454 161 3522 40
176 3464 216 3534 72¹,
231 3454 269 3521 2⁰
284 3453 316 3521 6‘
330 3464 368 3531 ,ἢ
397 3458 492 3538 Atqui
507 3465 611 3520 contra
624 3459 701 3520 hanc
717 3460 871 3521 audaciam
886 3460 1076 3521 Ptolemaeus
1092 3476 1124 3516 se
1140 3455 1234 3517 munit
1247 3454 1297 3514 afli
1362 3474 1408 3529 ns,

70 3568 104 3610 se
120 3547 242 3629 saepius
256 3566 344 3608 unam
355 3555 386 3609 et
395 3547 519 3608 eandem
534 3565 605 3622 rem,
621 3547 744 3609 marum
760 3568 801 3611 sc.
813 3548 1032 3629 elongationem
1047 3546 1169 3618 aLuna,
1184 3545 1286 3604 Lunae
1301 3541 1408 3619 aSole,

71 3645 103 3699 et
129 3637 317 3699 sic‘fixarum
335 3657 354 3698 a
373 3636 443 3698 Sole
466 3648 497 3698 et
516 3636 553 3698 ab
573 3638 760 3718 aequinoctio
783 3638 972 3718 inquisivisse
995 3635 1177 3708 distantiam,
1200 3633 1408 3711 inventamque

71 3746 140 3789 esse
155 3731 299 3807 perpetuo
322 3725 455 3786 eandem.
487 3726 582 3807 Igitur
605 3728 664 3789 etsi
685 3747 773 3788 unam
790 3729 883 3789 solam
897 3727 998 3809 prodit
1012 3723 1258 3795 observationem,
1284 3722 1406 3782 demon-

71 3816 217 3878 strandae
233 3815 363 3876 methodi
387 3835 498 3877 cansa:
524 3826 623 3878 tamen
642 3816 722 3879 credi
736 3824 847 3894 potest,
869 3818 968 3897 plures
984 3812 1206 3877 observationes
1229 3810 1407 3890 respexisse,

71 3916 135 3968 tam
159 3903 271 3966 oriente
296 3923 383 3983 quam
406 3905 560 3967 occidente
580 3904 650 3966 Sole
674 3905 722 3967 vel
736 3906 831 3979 Luna,
858 3913 889 3966 et
905 3906 1030 3985 denique
1049 3902 1078 3962 id
1094 3909 1212 3963 secutus
1230 3919 1305 3976 esse,
1330 3899 1408 3980 quod

70 3994 149 4056 vidit
172 3992 250 4054 inter
272 3993 382 4054 multas
405 3995 603 4076 operationes,
628 3995 748 4056 diversa
770 3995 835 4055 loca
858 3996 1027 4077 prodentes,
1052 3989 1267 4053 intermedium.

160 4167 189 4241 ⁸)
210 4177 236 4227 A
255 4176 385 4244 punctum
410 4173 575 4243 aequinoctii
605 4189 727 4234 caecum
758 4174 781 4226 B
803 4172 858 4235 Sol,
1069 4161 1203 4232 lig-1³²·

70 4256 211 4317 cauus,
232 4255 259 4307 D
279 4255 344 4318 lixa,
371 4253 507 4314 visibilia:
526 4250 585 4307 ΘΕ
613 4252 758 4307 declinatio
779 4253 857 4308 Solis.

70 4337 121 4391 AB
143 4335 262 4389 habetur
286 4351 336 4403 per
365 4335 582 4388 observationem
611 4334 696 4403 ipsius
716 4334 764 4386 BE
791 4340 858 4387 tem·

71 4433 140 4487 pore
170 4414 318 4468 meridiano
352 4415 569 4478 commodissime,
590 4415 635 4468 Bc
665 4415 782 4467 habetur
810 4430 860 4482 per
1176 4388 1194 4437 0

72 4498 257 4550 instrumenta
276 4495 310 4548 de
339 4495 396 4557 die,
425 4495 472 4548 CD
499 4512 549 4565 per
578 4496 758 4548 instrumenta
778 4495 859 4547 etde
960 4519 979 4565 Δ

72 4582 164 4630 nocte
206 4575 366 4645 Compositis
396 4574 482 4646 igitur
499 4577 561 4638 AB,
583 4576 641 4638 BC,
664 4575 720 4638 CD,
751 4576 860 4628 tandem
1060 4585 1065 4591 ·

72 4657 195 4711 habetur
212 4655 265 4710 AD
291 4655 432 4728 elongatio
461 4656 534 4710 lixae
556 4657 592 4710 ab
611 4659 649 4718 A,
679 4670 760 4707 caeco
784 4652 860 4724 prins
1187 4650 1206 4693 Β

74 4740 185 4806 puncto,
207 4734 307 4806 quod
294 4752 353 4804 Jam
374 4738 483 4790 tandem
506 4736 640 4805 patescit,
662 4741 807 4804 postquam
827 4735 860 4786 ad

75 4817 101 4871 D
121 4815 206 4870 Axam
227 4821 272 4869 est
291 4815 446 4886 alligatum.
486 4817 589 4871 Postea
616 4815 747 4885 planetae
777 4815 946 4872 observando
973 4815 1008 4868 ad
1031 4813 1102 4868 fixas
1128 4813 1295 4887 alligantur,
1325 4817 1355 4867 et
1374 4810 1414 4870 sio

75 4896 161 4952 scitur
180 4902 274 4950 eorum
294 4895 435 4968 elongatio
456 4897 493 4955 ab
513 4901 539 4950 A
560 4895 691 4967 principio
711 4894 824 4952 zodiaci.

128 4990 217 5043 roscen
231 4991 306 5044 oreta
328 4991 363 5032 m.
1170 4985 1203 5044 28
