3374 5528
651 306 816 386 hippodes.
1343 301 1414 387 sla·

59 513 160 558 comni
188 493 365 570 virtutibus,
395 490 421 560 is
450 495 540 576 igitur
570 507 686 561 statuat
709 500 788 559 intra
811 498 989 559 exteriorem
1014 497 1141 559 Lunaris
1165 498 1246 576 globi
1271 508 1405 563 crustam

60 587 155 647 latere
185 587 318 649 abditam
352 588 510 668 sphaeram
542 589 631 650 aliam
664 581 887 650 convertibilem
923 588 1021 658 intus,
1053 607 1128 668 quae
1152 588 1239 665 polos
1259 590 1296 650 'et
1319 610 1406 652 axem

58 676 263 738 conversionis
297 696 369 738 suae
400 677 513 737 habeat
536 678 563 738 in
589 678 667 738 linea
690 697 744 758 per
766 677 867 739 Solem
892 684 923 736 et
946 678 1085 749 Terram,
1118 677 1196 757 quod
1219 686 1320 757 potest
1343 678 1408 740 fieri

60 784 116 841 per
140 767 306 827 naturalem
330 761 422 843 ῥοπην
444 766 504 845 poli
530 767 556 826 in
582 767 700 840 Solem,
730 773 978 844 convertaturque
1002 766 1061 840 sic,
1095 773 1127 825 ut
1151 767 1267 846 quoties
1291 767 1344 828 Sol
1370 767 1407 828 ab

60 873 197 933 apogaeo
222 856 326 916 Lunae
355 855 490 915 venitin
519 857 691 934 perigaeum
724 855 873 934 ejusdem,
906 853 997 914 toties
1022 854 1102 915 illius
1125 863 1227 933 partes
1252 856 1404 917 dextimae

59 946 136 1003 tiant
160 944 341 1005 sinistimae:
372 954 404 1004 et
426 952 496 1005 tuuc
520 946 669 1023 positione
693 945 789 1024 magis
812 942 939 1024 physica
962 942 1050 1020 plane
1075 944 1154 1004 idem
1178 944 1370 1008 obtinebitur.

674 1189 803 1197 0—--—-—-

152 1384 182 1434 In
200 1384 238 1433 his
255 1383 358 1450 gradum
377 1385 444 1433 sistit
455 1385 577 1449 Kaplems
596 1394 621 1435 st
638 1385 696 1436 hino
713 1387 770 1436 inde
788 1387 861 1451 plane
880 1388 1029 1450 interruptus
1048 1392 1086 1435 est
1104 1386 1162 1436 ordo
1181 1392 1207 1434 at
1224 1385 1300 1435 series
1319 1384 1408 1450 disqui-

58 1459 176 1506 sitionem
195 1456 336 1506 Lunarium.
362 1454 433 1516 Quae
452 1457 503 1505 alia
520 1458 604 1506 insunt
621 1459 744 1507 codicibus
755 1458 951 1522 Petropalitanis,
970 1459 1117 1507 documento
1135 1459 1232 1522 quidem
1251 1463 1317 1516 sunt,
1336 1458 1406 1521 Kep-

59 1529 141 1577 lemm
159 1542 211 1577 rsm
231 1528 264 1576 ad
281 1527 354 1576 linem
373 1526 506 1590 perducere
524 1528 605 1577 studio
624 1543 748 1592 nunquam
766 1530 903 1580 intermisso
928 1531 1053 1586 statuisse,
1072 1543 1151 1593 neque
1170 1541 1227 1578 vero
1246 1544 1276 1578 ax
1292 1527 1330 1578 his
1341 1531 1409 1593 frag·

58 1600 152 1647 mentis
174 1599 272 1663 integra
297 1598 385 1647 deduci
410 1603 492 1661 potest
515 1607 541 1648 et
564 1600 688 1662 compilari
707 1600 794 1650 Lunae
818 1601 926 1659 theoria,
957 1602 1003 1648 nisi
1022 1601 1075 1664 quis
1095 1607 1196 1649 conetur
1218 1599 1292 1663 plane
1320 1615 1409 1649 norum

44 1670 48 1675 ’
59 1672 212 1719 concinnare
224 1684 293 1733 opus,
307 1671 376 1731 cnjus
391 1669 483 1719 nullum
496 1670 605 1719 ridemus
617 1686 687 1720 usum
701 1688 779 1736 neque
793 1674 957 1722 astronomiae
970 1687 1049 1735 neque
1061 1671 1178 1720 historiae
1190 1671 1262 1733 hujus
1281 1672 1409 1720 scientias.

60 1741 178 1791 Cetemm
196 1743 260 1790 inter
278 1743 448 1804 manuscripta
471 1757 571 1800 eorum,
599 1757 662 1806 quae
683 1743 868 1806 „Hipparchus”
888 1744 988 1807 Kepleri
1008 1742 1225 1805 comprehensurus
1245 1751 1305 1798 arat.
1327 1748 1411 1791 exstat

60 1813 151 1869 index,
171 1820 197 1862 et
215 1812 336 1861 volumine
354 1811 409 1860 XV.
428 1811 488 1861 Mes.
509 1813 615 1875 Petrop.‚
635 1815 698 1877 qnod
718 1822 795 1863 totum
815 1815 939 1877 eclipsium
959 1814 1058 1862 calculis
1077 1815 1193 1863 refertum
1212 1821 1258 1869 ast.
1278 1814 1407 1876 eclipsiurn

61 1884 153 1933 Lunae
172 1880 206 1930 tt
226 1882 271 1944 (ab
289 1897 312 1932 a.
335 1880 411 1931 1572.
431 1883 463 1932 ad
483 1898 505 1933 a.
524 1880 602 1944 1625)
622 1894 740 1933 accurata
758 1887 891 1949 inquisitio,
911 1901 984 1950 quam
1003 1885 1066 1934 torte
1084 1884 1206 1948 Keplerus
1226 1884 1410 1949 adjungendam

61 1957 161 2003 censuit
180 1954 362 2017 „hipparchea
400 1953 545 2018 Conseripta
563 1963 629 2004 carte
648 1965 706 2004 sunt
723 1957 785 2005 haec
804 1957 862 2005 lolia
880 1957 980 2020 Kepleri
1003 1971 1079 2004 manu
1098 1956 1130 2005 ad
1148 1963 1232 2019 typum
1251 1964 1409 2018 praeparata,

61 2027 171 2090 loquitur
189 2032 274 2077 auctor
292 2033 321 2073 ut
339 2026 386 2084 „de
403 2026 479 2074 libr0“
500 2026 623 2088 perlecto,
653 2027 815 2090 admonetque
845 2026 992 2084 „lectorem“
1013 2028 1082 2091 quasi
1101 2034 1264 2089 praesentem.
1302 2027 1410 2075 Ratione

60 2097 154 2146 calculi
172 2098 248 2146 utitur
267 2097 370 2155 eadem,
395 2111 468 2161 quam
486 2109 564 2157 supra
581 2098 616 2160 (p.
630 2096 703 2158 alo)
722 2100 847 2162 proponit,
876 2114 979 2163 eamque
996 2099 1022 2146 in
1042 2099 1152 2147 omuibus
1171 2097 1208 2145 his
1229 2094 1261 2145 tt
1282 2099 1411 2161 eclipsibus

63 2184 121 2217 cum
140 2167 263 2230 Tychonis
282 2167 379 2216 calculo
399 2175 534 2231 comparat.

155 2247 264 2305 „ludex“
285 2251 369 2296 autern
386 2247 450 2320 haee
467 2248 556 2298 habet:
582 2241 711 2307 Posscnt
739 2241 799 2302 lieri
831 2240 975 2302 distincta
1005 2240 1105 2321 capita
1138 2248 1259 2319 utpote:
1302 2240 1333 2313 l)
1363 2242 1410 2301 De

61 2327 220 2389 diametria
251 2327 439 2390 luminarium
466 2330 680 2404 observandis,
719 2330 845 2410 indeque
874 2340 905 2390 ct
933 2330 968 2390 de
997 2329 1219 2391 eccentricitate
1250 2329 1353 2390 Lunae
1381 2330 1411 2389 in

61 2416 323 2496 conjunctionibus
347 2422 378 2478 el
402 2416 656 2498 oppositionibus·

154 2503 190 2579 2)
214 2503 260 2566 De
283 2516 366 2566 motu
389 2507 493 2568 diurno
518 2516 550 2570 et
573 2507 691 2585 horario
708 2509 812 2570 Lunae
836 2507 865 2568 in
890 2506 1147 2586 conjunctionibus
1169 2503 1413 2586 atoppositioni-

61 2594 121 2655 bus
145 2592 342 2656 observando.

156 2680 193 2756 3)
216 2683 263 2744 De
286 2691 368 2744 motu
390 2692 422 2745 et
445 2685 555 2763 angulo
579 2685 755 2759 latitudinis,
780 2685 808 2746 h.
833 2703 858 2744 e.
884 2685 919 2744 de
944 2683 1101 2745 latitudine
1116 2684 1255 2756 maxima,
1275 2702 1334 2743 una
1349 2701 1414 2744 cum

64 2773 171 2834 Lunae
195 2771 343 2851 parallaxi
368 2771 564 2836 observanda.
612 2773 654 2834 Et
678 2774 841 2834 admonitio
865 2793 954 2852 super
977 2773 1178 2841 inconstantia
1201 2770 1287 2851 hujus
1304 2772 1414 2849 anguli.

63 2862 163 2939 Igitur
193 2860 282 2921 etiam
306 2860 342 2921 de
368 2863 576 2923 observatione
600 2863 689 2941 hujus
714 2862 807 2942 ipsius
831 2862 946 2935 anguli,
978 2863 1053 2922 citra
1077 2861 1223 2921 maximae
1249 2859 1416 2923 latitudiuis

63 2949 346 3024 considerationem,
371 2969 464 3031 eaque
488 2951 608 3030 duplici,
632 2952 680 3011 vel
706 2971 742 3012 ex
766 2951 927 3031 eclipsibus
952 2951 1136 3029 simpliciter,
1161 2950 1208 3010 vel
1233 2969 1297 3011 cum
1312 2950 1417 3030 paral-

66 3038 137 3111 laxi,
164 3057 202 3100 ex
225 3038 307 3100 Solis
332 3037 450 3119 eclipsi,
475 3060 529 3120 per
552 3040 712 3103 horarium.
1014 3053 1019 3062 ·
1429 3052 1433 3059 ’

154 3123 192 3200 A)
237 3127 424 3190 Sciametria.
471 3125 506 3202 5)
531 3129 752 3191 Semidiametri
777 3129 897 3190 umbrae
918 3129 1030 3189 variae.
1064 3124 1099 3200 6)
1124 3129 1228 3188 Lunae
1241 3126 1416 3207 parallaxes

63 3215 178 3277 variae.
227 3216 261 3289 7)
285 3217 367 3279 Solis
390 3218 570 3297 paradoxis,
596 3218 721 3279 altitudo
746 3228 778 3279 et
801 3237 955 3295 corporum
978 3218 1141 3297 proportio.

156 3321 337 3386 Eclipsium
355 3324 487 3374 fasciculus
505 3323 570 3373 hanc
588 3339 648 3387 prae
666 3339 693 3373 se
712 3325 759 3373 lert
776 3325 974 3385 inscriptionem:
