3368 5534
456 295 1048 352 evomentem-aunuum
1364 291 1454 391 ιιι

62 473 216 548 incidere,
239 472 333 538 etiam
356 475 384 539 si
404 475 503 557 plenis
535 475 672 541 faucibus
694 477 912 540 Ptolemaioam
944 478 1070 543 formam
1102 479 1254 560 spirasses
1287 483 1424 550 anhelus

61 560 235 642 usigitur
256 564 340 629 nuda
362 563 449 627 duxit
469 571 589 640 natura,
612 565 704 629 nullis
727 567 876 629 instructa
897 567 1034 631 vestibus
1057 568 1288 651 hypothesinm3
1319 581 1354 636 tu
1387 594 1425 639 ex

62 651 218 735 aliquibus
241 653 320 735 ejus
331 651 487 730 membris,
520 674 597 757 quae
619 654 677 718 tibi
704 675 723 716 ι
750 674 799 718 me
821 663 992 720 monstrata
1018 656 1117 720 minus
1139 658 1307 724 laudabilia
1336 663 1425 727 ride-

61 744 190 816 baum,
224 743 415 806 ιιιιεῖιιιιι
450 743 573 825 cepisti,
604 745 793 826 peregrinam
822 744 868 807 illi
895 754 1012 809 vestem
1042 746 1200 825 induendi,
1234 770 1292 833 quo
1322 753 1421 816 minus

62 837 281 912 agnosceretur
311 832 444 910 sincere,
476 833 546 916 quin
577 833 679 914 potius
710 834 840 897 lectores
870 834 948 897 inter
976 837 1110 898 membra
1138 844 1171 899 et
1198 847 1317 902 vestem
1344 842 1423 907 hanc

64 928 145 985 tuam
168 920 221 993 (ut
248 921 320 983 olim
348 922 521 987 Americani
553 922 634 986 iuter
665 941 774 1005 equum
802 931 832 986 et
866 923 1065 999 insessorem)
1095 945 1155 988 uon
1190 928 1423 1009 distinguerent,

64 1028 171 1090 corpus
187 1008 336 1086 dicerent,
358 1011 437 1093 quud
451 1010 631 1075 Fabriciana
652 1013 748 1075 vestis
765 1021 829 1075 est:
855 1013 982 1096 denique
1005 1024 1039 1077 ut
1061 1033 1140 1078 novo
1156 1026 1264 1080 ornatu
1286 1018 1423 1100 placeret

64 1098 204 1163 stads
232 1100 399 1163 nuditatem
421 1096 662 1164 fastidientibus:
686 1103 777 1164 immo
801 1122 872 1165 vero
904 1109 938 1164 ut
959 1121 1013 1184 pro
1036 1112 1162 1180 natura,
1185 1108 1422 1185 generosissima

64 1187 174 1272 puella,
199 1188 434 1254 substitueretur
456 1190 560 1271 spuria
581 1190 818 1254 tuameretricio
841 1200 948 1256 ornatu
965 1199 997 1254 et
1017 1193 1150 1255 moribus
1169 1194 1208 1256 ad
1231 1196 1420 1278 voluptatem

66 1276 266 1361 comparatis,
287 1297 347 1341 non
369 1278 410 1341 ad
431 1278 664 1360 ingenuitatem,
686 1280 717 1342 h.
742 1301 769 1343 e.
793 1280 933 1345 Fabricio
957 1280 1136 1363 interprete:
1170 1292 1204 1346 ιι
1226 1284 1285 1347 arti
1309 1306 1420 1349 consu-

64 1368 190 1444 leretur,
212 1385 275 1430 non
297 1366 439 1431 alienatis
461 1369 659 1451 philosophis.
706 1369 759 1433 Sic
782 1369 904 1450 igitur
896 1389 964 1452 upsa
986 1371 1167 1434 inventionis
1190 1373 1287 1436 series
1309 1375 1419 1455 arguit,
1523 1396 1526 1405 ·

64 1455 253 1540 peregrinam
276 1475 346 1519 esse
366 1463 449 1520 tuam
472 1458 663 1541 hypothesin,
686 1478 746 1522 non
768 1460 947 1522 naturalem.

145 1544 278 1622 Deinde,
302 1546 381 1630 quod
403 1547 434 1610 in
455 1566 524 1610 mea
552 1546 680 1632 physica
701 1548 862 1631 hypothesi
884 1549 1087 1611 -vebemeuter
1108 1549 1325 1628 abhorrueras,
1358 1572 1418 1617 ιιι

64 1634 125 1699 dari
146 1634 300 1701 directum
320 1653 514 1717 progressum
537 1637 580 1701 ab
604 1637 756 1701 anomalia
778 1637 878 1700 media
900 1648 1074 1720 quacunque
1098 1637 1136 1699 ad
1167 1657 1270 1703 veram
1294 1659 1418 1722 compe-

63 1732 189 1801 tentem,
223 1724 279 1788 sed
308 1724 457 1807 interponi
486 1726 667 1789 anomaliam
698 1726 828 1789 eccentri
851 1727 1020 1809 quantitate
1050 1726 1276 1804 intermediam,
1309 1750 1329 1791 a
1359 1749 1419 1811 qua

63 1822 220 1896 raperetur
245 1813 380 1889 initium,
413 1813 444 1876 id
473 1823 506 1877 tu
529 1815 559 1877 in
586 1817 644 1878 hac
671 1824 725 1879 tua
750 1836 810 1879 uon
835 1816 960 1896 effugis,
990 1815 1049 1878 nisi
1079 1834 1146 1878 cnm
1177 1817 1285 1898 majori
1309 1819 1418 1882 damno

63 1902 262 1968 hrconstautis
290 1902 532 1967 eccentricitatis.
579 1906 625 1969 Tu
655 1906 734 1968 enim
761 1905 788 1968 ai
817 1905 1009 1969 librationem
1031 1904 1097 1980 ΒΟ,
1121 1904 1151 1966 h.
1177 1924 1203 1968 e.
1228 1907 1418 1989 aequationis

61 1998 175 2077 partem
198 1991 331 2074 priorem
353 1994 562 2057 accommodas
585 1995 624 2056 ad
647 1995 827 2057 anomaliem
850 1994 979 2057 mediam
999 1994 1068 2069 GH,
1092 2013 1243 2076 nunquam
1267 1994 1417 2078 exprimes

62 2102 156 2146 meam
177 2081 365 2166 hypothesin
380 2086 412 2145 ιι
433 2084 550 2163 cogeris
574 2084 612 2146 ab
636 2083 910 2165 observationibus,
933 2091 968 2146 ut
990 2082 1105 2157 fateris,
1130 2082 1250 2146 variare
1266 2085 1416 2148 eccentri-

63 2173 184 2236 ιιιιιιι
206 2172 265 2235 AB
278 2170 513 2252 dyaomapyaoe.
559 2175 665 2256 Itaque
687 2173 835 2236 hactenus
859 2171 1017 2235 emendavi
1039 2172 1094 2234 tibi
1113 2166 1198 2234 tuam
1221 2173 1411 2256 hypothesin,

59 2270 89 2324 ut
107 2261 309 2344 perficeretur
329 2258 450 2323 libratio
472 2260 527 2326 ΒΟ
550 2262 589 2324 ιι
611 2261 792 2326 anomaliam
814 2264 891 2337 ΕΙ),
920 2280 1017 2343 quam*
1033 2279 1089 2343 ego
1119 2260 1240 2342 appello
1269 2262 1410 2326 ecceutri.

58 2351 120 2415 lloc
142 2369 219 2414 vero
252 2350 280 2413 si
311 2348 405 2413 fueris
436 2368 557 2435 passus,
581 2353 687 2415 eodem
718 2350 749 2413 in
780 2351 843 2415 luto
875 2371 991 2414 meeum
1021 2348 1162 2413 haerebis
1194 2370 1255 2414 non
1293 2352 1414 2433 quidem

59 2438 210 2523 pudendo,
231 2437 292 2503 nisi
314 2457 353 2501 ex
374 2447 427 2501 tna
449 2439 598 2520 opinione,
621 2440 671 2524 qui
693 2440 725 2505 iu
746 2460 793 2503 me
817 2440 959 2523 cupiebas
982 2440 1182 2502 emendatum.

144 2527 269 2592 Tertio:
293 2546 389 2611 neque
411 2529 448 2589 de
471 2529 675 2610 simplicitate,
699 2551 757 2613 qua
780 2531 908 2593 maxime
931 2529 1055 2610 gloriari
1077 2535 1178 2610 putas,
1200 2526 1256 2589 tibi
1277 2527 1418 2592 concedit
1473 2592 1476 2601 ,

58 2639 132 2684 ιιι.
179 2619 228 2681 Τι
251 2616 385 2698 ejusdem
411 2618 555 2699 trianguli
579 2618 662 2684 CBA
694 2620 804 2701 angulo
827 2619 912 2684 ΒΑΟ
936 2619 1056 2700 qnaeris
1078 2625 1197 2698 partem
1227 2616 1416 2699 aequatiouis

57 2706 231 2793 physicam,
261 2706 357 2770 latere
379 2726 450 2770 vero
472 2706 527 2771 ΒΟ
551 2708 710 2772 constituis
732 2710 790 2772 ΒΗ
812 2709 851 2770 ιι
881 2716 998 2789 partem
1022 2705 1153 2788 opticam
1174 2705 1263 2769 ΒΗΑ
1286 2704 1415 2769 investi-

57 2798 206 2880 gandam,
237 2816 297 2859 una
327 2795 486 2859 libratione
520 2799 610 2879 (quae
642 2806 743 2860 tamen
776 2798 891 2860 duobus
923 2796 1044 2859 circulis
1079 2793 1321 2868 administretur)
1355 2796 1414 2858 duo

58 2886 203 2961 efficiens,
233 2892 265 2947 et
286 2885 520 2948 coarctationem
550 2887 591 2948 ad
612 2887 711 2949 latera
733 2894 764 2949 et
786 2905 900 2949 moram
929 2885 960 2946 in
989 2884 1202 2967 superioribus.
1249 2884 1326 2963 Ego,
1358 2884 1416 2947 tibi

56 2998 119 3062 par,
140 2975 231 3039 unius
246 2974 390 3055 trianguli
404 2975 491 3038 ΑΗΒ
506 2995 577 3045 area
599 2984 717 3058 partem
730 2976 896 3059 physicam,
921 2975 1031 3056 angulo
1045 2974 1132 3037 ΑΗΒ
1146 2979 1264 3055 partem
1284 2973 1414 3054 opticam

57 3063 248 3150 aequationis
270 3064 398 3146 inquiro,
421 3084 482 3127 ιιι
497 3066 628 3129 naturali
649 3065 811 3129 libratione
833 3065 975 3146 planetae
994 3065 1025 3126 in
1049 3062 1130 3124 linea
1152 3069 1271 3125 rectae
1288 3081 1413 3143 corpore

57 3156 140 3223 Solis
167 3156 218 3230 A,
250 3173 305 3235 per
333 3153 464 3234 epatium
489 3156 615 3237 aequale
645 3155 705 3237 ipsi
726 3155 784 3218 AB
804 3155 942 3240 ¹alliciens
966 3155 1024 3215 duo
1048 3151 1102 3214 illa
1124 3152 1247 3227 eadem,
1280 3169 1357 3232 quae
1379 3158 1414 3215 tu

57 3243 219 3310 hbratione
243 3242 339 3306 centri
362 3260 420 3304 uon
443 3244 584 3306 naturali.
621 3243 681 3306 llbi
703 3244 777 3305 mihi
793 3243 832 3311 ad
855 3263 952 3306 meam
975 3240 1166 3304 librationem
1189 3259 1248 3301 non
1271 3246 1320 3301 est
1338 3258 1413 3321 opus

57 3333 188 3409 circulis,
213 3339 248 3398 ιι
269 3331 343 3395 tibi:
377 3332 489 3395 sufficit
517 3332 595 3395 enim
623 3333 671 3395 vis
703 3333 874 3413 magnetica
902 3331 998 3414 ipsius
1028 3328 1163 3410 corporis
1182 3328 1288 3391 Martii
1319 3348 1412 3410 eaque

57 3427 163 3499 bruta,
197 3440 265 3485 cum
292 3428 326 3484 tu
355 3438 429 3501 opus
456 3421 571 3484 habeas
594 3421 710 3484 duabus
737 3422 945 3525 intelligentiis
969 3421 1008 3482 ad
1030 3427 1112 3482 tuam
1141 3417 1332 3480 librationem
1355 3419 1413 3480 ιι-

57 3512 300 3578 ministrandam.
339 3509 475 3582 Quarto.
500 3510 586 3574 labor
607 3531 681 3574 vero
705 3510 761 3573 tibi
783 3511 881 3591 major
899 3509 1044 3573 incumbit
1058 3527 1147 3591 quam
1160 3506 1243 3568 mihi
1260 3507 1410 3570 'Primum

56 3603 134 3667 enirn
157 3608 194 3665 ut
215 3601 273 3664 BD
295 3598 383 3679 ad
359 3619 455 3662 eruum
475 3600 570 3675 EBD,
594 3600 639 3664 sic
659 3599 791 3663 maxima
813 3600 961 3662 distantia
981 3598 1035 3663 ΒΟ
1059 3598 1099 3659 ιι
1120 3596 1274 3660 modulum
1292 3596 1410 3678 justum

57 3691 166 3775 angulo
186 3689 272 3753 EBD
291 3675 328 3759 (l)
346 3689 581 3752 convenientem.
621 3689 738 3752 Deinde
757 3697 791 3752 ut
803 3690 860 3753 AB
877 3689 916 3750 ad
929 3688 1024 3753 ΒΟ
999 3707 1042 3750 src
1060 3693 1144 3749 totus
1166 3686 1205 3747 ad
1225 3693 1410 3765 tangentem,

57 3802 112 3867 quo
126 3786 274 3860 tangente
297 3785 346 3841 est
365 3779 569 3861 excerpendus
592 3779 721 3860 angulus
738 3777 833 3842 BAC.
871 3777 949 3841 Mihi
966 3784 1069 3839 manet
1085 3776 1184 3857 prima
1207 3775 1354 3855 operatio,
1378 3784 1411 3839 at
1449 3792 1452 3796 ’

56 3890 107 3954 pro
121 3868 258 3935 emunda
275 3866 398 3930 idem
373 3887 456 3930 smus
472 3867 575 3942 (ιιι
561 3888 627 3949 yem
641 3867 733 3930 etiam
751 3868 895 3947 tangens)
916 3867 1018 3946 anguli
1036 3866 1121 3928 EBD
1140 3863 1409 3944 (llmultiplicatur

57 3961 122 4035 (nbi
143 3958 231 4023 nulla
244 3955 364 4020 divisio
385 3964 421 4019 ut
443 3956 546 4031 tibi)
538 3977 568 4019 ιι
590 3976 692 4020 aream
724 3956 847 4019 maximi
869 3955 1024 4036 trianguli,
1053 3954 1211 4036 proditque
1235 3953 1339 4016 statim
1367 3955 1410 4031 id,

57 4048 134 4134 quod
164 4055 202 4113 tu
230 4065 287 4130 per
314 4053 489 4126 tangentem
518 4046 637 4110 demum
667 4065 827 4150 excerpere
860 4063 984 4109 necesse
1016 4043 1131 4119 habes,
1161 4040 1335 4106 discurrens
1355 4062 1411 4126 per

58 4138 192 4205 hbulam
205 4134 404 4240 tangentium
420 4135 568 4219 Reliquus
583 4136 707 4200 labor
681 4156 762 4200 circa
776 4135 918 4216 angulum
932 4134 1018 4199 ΑΗΒ
1035 4140 1082 4196 ιιι
1101 4131 1218 4214 utrique
1234 4133 1409 4199 communie.

140 4228 231 4293 naec
255 4225 357 4308 itaque
379 4225 417 4288 de
440 4232 494 4288 tua
515 4225 629 4289 vicaria
645 4228 764 4300 (verum
779 4226 904 4299 nomen)
919 4221 1081 4307 hypothesi
1103 4222 1203 4284 dicere
1226 4221 1318 4284 volui.
1364 4224 1411 4287 Tu

57 4316 273 4401 proncitatem
304 4322 337 4377 et
365 4312 550 4379 hilaritatem
580 4335 678 4378 meam
709 4314 739 4376 in
773 4313 931 4378 scribendo
958 4312 1030 4375 honi
1053 4310 1185 4375 consule.
1231 4309 1338 4386 Vides,
1362 4331 1409 4373 me

58 4408 177 4472 laudem
197 4405 249 4483 jtli
270 4403 403 4467 tnbuere
431 4404 568 4469 veritatis
592 4405 673 4468 circa
695 4404 849 4479 effectum,
881 4401 936 4464 tibi
958 4420 1031 4466 vero
1053 4399 1180 4483 ingenii:
1214 4399 1283 4462 'et'
1273 4399 1409 4502 cuprinis
1506 4402 1514 4416 ‘

58 4496 166 4563 laetari
189 4512 282 4579 super
304 4492 425 4557 fortuna
447 4501 565 4558 tuarum
588 4492 827 4577 speculationum
849 4490 962 4573 tibique
986 4490 1141 4572 gratulari.
1179 4489 1255 4565 Nec,
1278 4488 1409 4551 siveris

59 4588 146 4653 illam
162 4585 318 4651 coloribus
339 4583 471 4664 depinxi,
493 4592 654 4667 propterea
675 4600 810 4666 premere
833 4581 920 4644 illum
941 4587 971 4644 te
994 4581 1082 4643 volo:
1106 4578 1178 4661 quin
1199 4577 1320 4659 potius,
1349 4577 1409 4641 nisi

56 4677 119 4758 jam
139 4674 287 4760 hupedis,
317 4680 436 4756 partem
458 4692 496 4736 ex
518 4674 573 4738 illa
595 4671 706 4736 faciam
729 4669 1020 4736 Commentariorum
1041 4686 1193 4744 meorum,
1215 4674 1250 4730 ut
1270 4666 1407 4749 petiisti:

59 4765 176 4851 idque
165 4786 197 4830 ιι
222 4762 358 4847 gratiam
386 4781 502 4840 eorum,
526 4766 576 4847 qui
596 4762 709 4846 privati
736 4767 844 4843 captus
866 4767 959 4823 causa
986 4766 1040 4822 aut
1065 4763 1190 4841 propter
1217 4756 1408 4820 mechanicas

59 4854 223 4923 edictiones
246 4851 466 4919 Ptolemaicam
488 4853 616 4926 formam
637 4858 749 4923 amant
794 4851 907 4921 Fateor
930 4848 1055 4932 quippe,
1077 4855 1160 4910 tuam
1183 4846 1261 4910 hauc
1284 4845 1407 4914 ordina·

1159 4947 1199 5002 s·
