3368 5534
200 447 224 509 ᾗ

292 344 336 420 38
709 344 813 404 literae
830 349 932 419 Kopion!
949 350 1101 419 dierumque
1116 347 1218 405 neu

291 530 387 607 coini3
411 525 463 594 95.
488 528 624 592 libellum
646 527 736 604 edidi,
761 531 808 591 cui
827 529 933 592 titulus
956 537 1006 592 est
1026 527 1250 611 Mysterium
1273 527 1644 613 cosmographicnm

290 619 326 684 Si
348 618 405 682 tibi
427 618 581 700 exemplar
594 619 729 681 Paduam
743 618 953 681 transmissum
970 626 1026 694 est,
1050 619 1082 680 id
1097 617 1141 678 ita
1158 624 1193 680 ιιι
1208 617 1291 680 volui
1306 619 1420 683 facturm
1433 615 1531 692 aaut)
1548 618 1642 693 ²(iu

288 726 344 791 per
365 706 471 771 literas
492 707 675 771 Phoenicem
707 716 841 770 nostmm
874 708 1084 790 Tychonem
1106 706 1291 770 Braheum
1321 704 1567 788 compellassent}
1597 708 1642 771 uti

289 816 375 861 suum
397 797 450 860 ilie
474 816 563 878 super
586 815 622 857 eo
645 796 748 859 libello
766 796 913 877 judicium
934 797 1086 878 proderet,
1109 797 1148 858 ad
1162 797 1401 876 respondendum
1416 794 1519 860 inveni
1535 800 1640 881 ptum·

287 887 454 960 tissimum,
486 888 562 962 adeo
585 894 619 947 ιιι
640 905 687 947 me
710 887 748 947 ad
773 905 841 949 sese
865 904 976 967 suaque
1000 886 1101 948 studia
1122 885 1250 948 visenda
1271 887 1425 948 invitaret
1470 886 1588 949 flamia
1606 905 1645 961 eu

286 982 422 1056 tempore
445 976 475 1037 in
499 975 648 1050 Cimbria;
679 974 769 1055 paulo
801 983 873 1055 post
902 984 937 1037 ut
965 975 995 1037 iu
1016 975 1191 1038 Bohemiam
1215 975 1298 1037 venit
1319 976 1378 1036 iter
1401 976 1536 1057 sumpt,
1549 1032 1554 1041 .
1569 975 1638 1051 uidi.

285 1065 421 1147 probavi,
445 1064 611 1127 admiratus
635 1083 709 1138 sum,
734 1064 903 1144 concupivi,
927 1064 1013 1125 haesi
1036 1065 1177 1145 denique:
1212 1071 1243 1126 et
1260 1064 1348 1144 jussu
1371 1063 1542 1151 camaris,
1560 1058 1670 1149 q'uod.

286 1154 421 1238 ’lychoni
444 1152 533 1215 credo
555 1152 737 1234 promoturi,
771 1151 917 1215 familiam
949 1172 985 1214 eo
1008 1152 1159 1215 transtuli.
1207 1152 1269 1216 Gur
1299 1153 1342 1214 ita
1364 1154 1512 1229 facerem,
1545 1155 1640 1217 mouit

284 1263 332 1306 me
355 1243 558 1324 potissimum,
582 1241 671 1324 quod,
695 1260 785 1323 quam
803 1241 870 1322 jam
891 1240 941 1304 diu
962 1241 1093 1305 meditor
1113 1242 1371 1305 Harmonicen
1393 1242 1540 1319 Mundi,
1567 1228 1637 1324 pef-

281 1330 383 1406 ficere,
405 1331 465 1394 nisi
487 1338 660 1395 restaurata
681 1349 736 1411 per
758 1330 931 1412 Tychouem
953 1330 1138 1395 astronomia
1160 1340 1214 1394 aut
1235 1332 1419 1414 comparatis
1442 1333 1510 1413 ejus
1532 1327 1637 1397 ohae'r·

269 1420 455 1485 ¹rationibus
478 1440 538 1484 uon
560 1439 694 1500 possum.
740 1419 842 1492 Quid?
871 1421 929 1482 hoc
952 1421 1023 1482 mali
1046 1421 1145 1484 dicam
1166 1440 1235 1484 esse
1257 1422 1288 1484 iu
1310 1429 1377 1483 arte
1408 1431 1532 1497 nostra,
1563 1442 1635 1505 qaae

286 1510 383 1575 omnis
401 1509 540 1591 justitiae
564 1509 691 1591 fideique
714 1528 819 1571 norma
842 1517 891 1571 est
912 1518 944 1571 et
965 1510 1059 1591 origo,
1083 1511 1162 1592 quod
1184 1511 1215 1573 in
1229 1529 1296 1573 eam
1319 1511 1441 1573 fraudes
1456 1510 1635 1593 irruperunt,

284 1600 391 1684 quibus
414 1598 533 1680 decepti
556 1598 724 1665 retinentur
746 1598 804 1661 viri
828 1598 951 1675 summi,
975 1619 1033 1680 quo
1056 1601 1154 1663 minus
1176 1608 1210 1662 ιιι
1231 1619 1287 1681 par
1310 1606 1376 1663 erat
1398 1600 1542 1682 quidquid
1565 1619 1635 1682 pro·

282 1691 382 1755 fecere
405 1688 436 1751 in
458 1706 613 1751 commune
646 1687 819 1761 conferant,
852 1687 883 1751 in
905 1687 1056 1769 publicum
1088 1690 1187 1765 edant,
1210 1688 1384 1771 petentibus
1407 1691 1635 1755 communicent

280 1778 397 1843 Premit
429 1776 533 1860 'lycho
567 1776 724 1858 pleraque:
757 1777 947 1857 planetarum
978 1778 1113 1841 theorias
1144 1785 1349 1853 restauratas,
1382 1778 1635 1855 ecoentricitatea,

274 1867 491 1949 proportiones
522 1865 637 1928 orbium
669 1867 708 1928 ad
740 1866 940 1929 examinanda
971 1887 1039 1929 mea
1069 1868 1245 1931 harmonica
1275 1867 1430 1949 quae'sivi:
1464 1868 1552 1933 Solis
1586 1869 1634 1933 iiia

280 1958 467 2038 duarumque
498 1974 645 2029 canones,
677 1975 811 2037 quaeque
843 1955 873 2017 iu
896 1957 997 2031 Luna,
1030 1965 1062 2018 et
1093 1958 1170 2039 quod
1202 1956 1394 2038 potissimum
1425 1959 1576 2038 expetivi,
1607 1959 1634 2021 iu

187 2046 190 2053 '
279 2046 400 2109 Marte
419 2046 485 2126 jam
509 2044 580 2106 olim
602 2044 739 2124 perfecit,
763 2063 800 2106 ea
821 2045 948 2125 profert,
972 2066 1037 2109 cum
1062 2048 1246 2110 correctiora
1269 2047 1311 2109 sit
1333 2047 1478 2109 editurus
1520 2048 1633 2112 Obser-

280 2134 419 2199 vationes
451 2132 570 2216 quidem
593 2132 775 2196 lectissimas
798 2134 939 2215 porrigit,
972 2155 1030 2197 nou
1062 2143 1162 2198 tamen
1196 2134 1299 2210 aliter,
1331 2155 1420 2217 quam
1449 2136 1533 2200 intra
1565 2156 1634 2200 suus

276 2224 422 2307 parietes.
459 2223 590 2298 Laboro,
614 2222 719 2304 inquit,
743 2230 775 2285 ιιι
799 2242 933 2304 qnoque3
958 2224 1059 2299 credo,
1082 2226 1161 2307 qnod
1180 2224 1406 2305 Copcmicauao
1428 2223 1634 2307 hypotheseos

279 2313 470 2377 defensorem
492 2312 571 2374 alius
594 2310 659 2392 ipse
683 2312 852 2374 sententiae
877 2320 1016 2393 spectare
1040 2313 1205 2377 constituit
1251 2315 1318 2395 Ego
1341 2313 1497 2397 Tychonis
1528 2315 1633 2379 obser·

274 2401 453 2477 ,amoribus
475 2401 590 2482 potitus
608 2401 674 2480 jam
706 2420 815 2464 aunum
846 2401 994 2481 integrum
1027 2401 1185 2483 Cupernici
1215 2403 1400 2485 hypotheses
1432 2405 1574 2468 examino
1605 2404 1633 2467 in

278 2491 407 2554 Marte
429 2490 598 2572 praecipue.
646 2489 771 2551 iuterim
802 2499 835 2551 tu
867 2491 907 2552 ad
930 2491 1103 2572 Tychonem
1127 2493 1277 2573 scripsisti
1300 2512 1359 2554 non
1383 2492 1494 2568 semel;
1530 2494 1633 2556 liceras

278 2587 349 2643 tuae
370 2579 483 2660 partim
506 2578 583 2659 legi,
606 2579 718 2658 partim
740 2577 842 2640 audivi
865 2580 1025 2641 recenseri.
1070 2582 1260 2644 Admiranda
1291 2589 1323 2642 tu
1355 2600 1471 2662 quoque
1501 2601 1633 2645 comme-

279 2687 390 2743 moras,
414 2667 560 2749 simulque
583 2686 718 2747 premere
742 2667 796 2729 illa
819 2676 851 2728 et
871 2669 936 2749 ipse
954 2671 1114 2751 profiteris.
1154 2671 1181 2735 0
1200 2688 1263 2732 rem
1281 2670 1445 2749 indignam,
1468 2671 1547 2734 adeo
1564 2691 1632 2753 per-

279 2757 345 2820 dita
367 2777 436 2821 esse
459 2765 606 2838 tempora,
629 2764 664 2818 ιιι
686 2756 760 2819 viris
783 2756 883 2829 doctis
905 2778 1022 2840 quoque
1046 2759 1076 2821 in
1098 2767 1179 2822 metu
1194 2760 1236 2822 sit
1251 2759 1447 2821 versandum!
1485 2759 1633 2833 Quamvis

278 2853 312 2908 tu
334 2846 454 2927 quidem
477 2866 537 2910 non
560 2845 717 2909 obscuram
734 2865 818 2926 spem
840 2846 959 2922 feceris,
983 2850 1266 2912 communicaturum
1289 2856 1320 2910 te
1336 2856 1388 2910 tua
1406 2867 1472 2911 cum
1496 2849 1561 2924 illo,
1586 2849 1633 2930 qui

278 2955 335 3013 aua
356 2935 491 2998 vicissim
514 2944 613 2997 tecum
636 2935 844 2998 communicet.
891 2936 927 3000 Id
950 2955 1006 3017 ego
1029 2936 1188 3021 postquam
1211 2957 1249 3000 ex
1276 2937 1373 3001 literis
1401 2937 1463 3000 tuis
1487 2937 1632 3010 inteiiexi,

276 3024 399 3088 mirifice
422 3025 454 3086 in
476 3025 521 3086 tui
544 3043 675 3086 amorem
690 3025 801 3100 exarsi,
825 3025 913 3106 idque
934 3034 1019 3090 tantu
1032 3029 1140 3107 magis,
1164 3034 1275 3108 quanto
1295 3026 1358 3100 illa,
1374 3027 1494 3107 quaein
1516 3038 1632 3090 secreto

276 3113 387 3176 habere
411 3113 536 3188 dixisti,
567 3133 650 3175 meos
684 3114 803 3175 labores
834 3117 1036 3177 astronomiae
1061 3117 1138 3179 forte
1162 3136 1220 3178 uon
1244 3114 1366 3177 inutiles
1388 3114 1531 3196 adjutura
1554 3128 1631 3181 suut.

275 3204 324 3268 Ac
348 3203 408 3266 etsi
430 3202 549 3287 quidem
572 3222 618 3278 ea,
642 3221 718 3284 quae
740 3203 914 3284 a'lpchoue
928 3205 1037 3280 habeo,
1062 3205 1195 3268 vicissim
1214 3212 1313 3267 tecum
1335 3204 1556 3268 communicare
1575 3227 1632 3270 non

276 3311 401 3375 possum
422 3292 483 3357 uisi
506 3292 572 3373 ipso
595 3291 802 3354 consentiente
826 3294 929 3366 (fidem
952 3315 1078 3376 namque
1103 3314 1193 3375 snper
1220 3293 1276 3356 hac
1300 3313 1331 3356 re
1355 3293 1401 3356 illi
1423 3292 1520 3370 dada),
1544 3314 1632 3377 spero

278 3390 390 3457 umen,
405 3389 436 3444 te
451 3383 514 3444 fore
531 3381 603 3444 mihi
622 3399 759 3462 aequum,
783 3381 809 3442 si
824 3401 862 3443 ex
876 3401 987 3459 eorum,
1011 3403 1087 3465 quae
1100 3385 1222 3465 proprio
1232 3385 1332 3446 Marto
1347 3383 1499 3459 adinveni,
1514 3385 1632 3448 liberali

244 3470 247 3475 ’
279 3472 547 3535 communicatione
571 3469 730 3533 candorem
752 3489 850 3533 meum
872 3474 1064 3553 perspexeris
1071 3493 1080 3548 ;
1113 3494 1171 3535 non
1201 3473 1282 3554 quod
1311 3473 1349 3534 iis
1372 3481 1403 3534 te
1425 3474 1553 3538 multum
1575 3475 1632 3536 ad-

274 3560 375 3643 jutum
397 3561 435 3624 iri
458 3579 580 3643 sperare
603 3558 718 3642 possim
742 3561 823 3634 (sum
847 3560 1034 3631 enimmeae
1057 3562 1130 3624 mihi
1153 3560 1310 3624 tenuitatis
1333 3561 1506 3637 conscius),
1523 3564 1579 3629 red
1601 3572 1634 3627 ιιι

279 3650 411 3715 animum
434 3659 468 3713 ut
490 3650 553 3714 dixi
575 3667 674 3713 meum
695 3648 811 3713 videas.
856 3648 937 3714 Nam
960 3659 992 3713 at
1013 3651 1070 3714 hoc
1094 3651 1221 3729 accedit,
1244 3651 1324 3733 quod
1348 3660 1433 3715 tanto
1456 3652 1572 3719 rectius
1586 3673 1632 3717 me

276 3739 385 3820 juvare
407 3739 534 3822 poteris,
558 3739 607 3802 ubi
631 3738 753 3813 videris,
777 3739 885 3821 quibus
909 3741 939 3802 in
962 3740 1052 3802 rebus
1074 3759 1186 3804 verser.
1226 3740 1261 3804 si
1284 3742 1322 3802 de
1340 3761 1408 3803 mea
1421 3741 1479 3803 hdo
1498 3743 1631 3817 dubitaa

278 3826 374 3892 habes
396 3829 447 3892 hic
469 3829 699 3933 chirographum
722 3847 835 3904 meum,
860 3848 918 3911 quo
941 3830 1095 3892 bonafide
1117 3831 1278 3911 promitto,
1306 3849 1355 3892 me
1377 3831 1519 3913 quicquid
1543 3833 1632 3916 hujus

276 3917 352 3983 mihi
383 3918 650 4003 communicaveris
683 3938 712 3979 m
745 3927 862 3981 secreto
890 3917 1078 3996 habiturum,
1111 3940 1169 3983 non
1201 3938 1256 4001 pro
1293 3939 1360 3981 meo
1397 3921 1631 3998 venditatumm,

278 4007 354 4073 nulli
376 4009 531 4073 homiuum
553 4006 688 4091 quisquis
712 4006 828 4093 illelsit
850 4008 1149 4073 communicaturum:
1188 4008 1252 4072 siue
1275 4009 1346 4072 dolo
1374 4009 1471 4085 malo,
1502 4013 1631 4084 sincera,

276 4097 305 4160 si
327 4117 415 4161 secus
438 4099 541 4173 faxim,
564 4098 611 4160 vir
634 4096 810 4160 inhonestus
834 4097 954 4158 habear.

274 4196 279 4203 '
366 4187 453 4260 Quae
476 4195 576 4251 autern
600 4206 657 4269 ego
680 4186 902 4266 deprehendero
923 4187 1018 4267 potui,
1043 4187 1117 4249 haec
1141 4187 1204 4249 fere
1228 4194 1306 4249 sunt.

366 4278 403 4340 In
417 4278 520 4340 libello
535 4296 602 4340 meo
616 4276 874 4356 cosmographico
887 4277 1038 4357 peculiare
1053 4285 1143 4358 caput
1165 4284 1223 4350 est,
1247 4294 1312 4337 cum
1326 4276 1431 4337 tabula
1446 4295 1465 4336 a
1480 4275 1541 4340 ida
1551 4289 1630 4341 est·

276 4366 354 4430 iino
378 4375 568 4448 computata,
600 4367 630 4428 in
661 4385 720 4447 qua
751 4365 934 4447 hypotheses
958 4366 1116 4447 Cuperuici
1149 4366 1192 4428 sic
1224 4366 1327 4428 censui
1350 4365 1562 4445 corrigendas,
1596 4379 1630 4433 nt

274 4457 464 4538 planetarum
488 4455 729 4519 eoceutricitates
753 4474 944 4537 summaeque
967 4457 1088 4537 apsidas
1104 4455 1141 4516 ab
1158 4456 1225 4536 ipso
1248 4455 1327 4516 veri
1351 4454 1409 4516 ioci
1425 4455 1508 4518 Soiis
1524 4466 1629 4520 centro

275 4545 458 4624 deriventur,
487 4566 546 4608 nou
575 4566 593 4605 a
616 4544 736 4606 medio
761 4545 827 4605 loco
850 4544 942 4607 Solis.
988 4553 1084 4615 (Pom.
1104 4552 1165 4618 cap.
1186 4552 1255 4613 Πᾶς
1280 4552 1337 4602 vor.
1357 4551 1377 4602 1.
1396 4568 1422 4616 p.
1443 4550 1503 4602 tot.
1542 4553 1628 4622 caua

276 4640 412 4696 domena.
433 4646 495 4709 cap.
514 4642 560 4706 v.)
601 4635 636 4697 ld
659 4633 826 4694 certissime
859 4634 903 4695 ita
933 4635 1043 4697 habere
1072 4635 1273 4715 deprehendi,
1304 4634 1416 4696 Martis
1446 4635 1629 4700 certissimis

277 4727 538 4789 obseruationibus
570 4724 610 4785 ad
642 4722 929 4785 demonstrationum
960 4724 1107 4787 calculum
1139 4725 1298 4786 revocatis.
1350 4723 1425 4785 Alio
1457 4724 1525 4805 ejus
1558 4726 1629 4788 iibri

278 4816 378 4896 capite
402 4824 473 4889 (sap.
491 4822 568 4874 ml.
592 4820 648 4872 Vol.
668 4820 688 4873 1.
708 4836 732 4885 p.
753 4818 825 4882 ¹81.)
846 4813 947 4876 monui
979 4815 1016 4875 de
1048 4813 1167 4876 theoria
1193 4814 1293 4888 Solia,
1325 4813 1405 4894 quod
1435 4831 1474 4874 ea
1502 4834 1565 4877 non
1594 4824 1630 4877 nt

276 4905 416 4988 planetae
439 4904 532 4966 ceteri
555 4904 595 4965 ab
616 4899 782 4965 artificibus
804 4911 981 4983 sequanum
1004 4902 1053 5001 ait
1068 4900 1189 4983 adepta,
1211 4902 1267 4965 sed
1280 4901 1491 4984 soiaa'unpiici
1505 4912 1631 4969 conetot
