3374 5528
529 309 592 367 Para
609 312 700 365 cerua
738 311 821 381 Caput
837 310 946 367 XXXIX
1345 299 1410 372 319

59 487 232 569 eclipticam
254 488 284 551 in
308 489 384 553 locis
407 510 445 552 ex
468 490 541 554 Sole
570 493 716 573 oppositis
746 503 868 568 secant,
900 492 978 573 qnod
1012 509 1101 572 supra
1133 507 1199 569 cap.
1222 485 1295 551 XII.
1317 483 1406 547 XIII.

58 579 148 641 XIV.
172 579 211 641 de
233 580 332 641 Marte
365 598 403 640 ex
431 581 692 646 observationibus
715 592 763 645 est
793 585 1039 646 demonstratum.
1083 579 1165 660 Ergo
1199 585 1231 637 et
1262 574 1408 636 diameter

60 668 218 732 libratoria
241 664 279 748 γζ
296 688 402 731 versus
417 668 522 733 Solem
544 670 641 752 ipsum
664 673 771 747 tendit,
796 681 828 735 et
845 672 1020 735 latitudines
1043 668 1145 732 Solem
1169 665 1287 729 omniuo
1311 663 1409 743 respi-

60 758 154 820 ciunt.
194 757 263 821 Etsi
285 758 343 820 hoc
366 779 481 841 quoque
506 761 543 822 de
567 761 725 824 latitudine
748 763 828 825 infra
849 769 935 842 parte
951 761 991 823 V.
1016 780 1035 821 a
1057 757 1189 822 mentis
1212 754 1349 836 partibus
1371 751 1411 816 ad

59 856 223 910 naturae
245 855 349 929 partes
373 857 405 910 et
427 849 659 930 magneticas
683 852 894 914 facultates
917 870 982 912 sum
1005 849 1204 912 traducturus.
1251 844 1316 906 Nec
1338 841 1412 903 mihi

60 936 119 997 hoc
142 935 267 1007 dlxeris,
291 937 399 1017 oppido
415 957 538 1018 parvam
562 959 630 1002 esse
653 940 731 1002 hanc
745 940 827 1003 Solis
851 941 1028 1002 diametrum
1055 938 1178 1018 ejusque
1204 931 1411 1005 variationem,

58 1036 93 1087 ut
123 1044 180 1106 pro
210 1026 314 1106 regula
343 1046 410 1088 esse
441 1047 500 1089 nou
530 1029 636 1107 possit.
691 1027 815 1092 Certum
845 1030 924 1091 enim
955 1037 1019 1103 est,
1048 1027 1078 1089 in
1108 1025 1190 1088 nullo
1221 1023 1411 1104 planetamm

59 1115 181 1196 penitus
213 1134 406 1179 evanescere.
453 1116 530 1181 Cum
562 1118 693 1180 enimin
718 1119 811 1181 Terra
840 1120 881 1181 sit
903 1116 967 1191 302
998 1118 1028 1179 in
1050 1118 1151 1177 Marte
1184 1110 1332 1175 obtinebit
1358 1104 1412 1185 20,

59 1205 89 1267 in
112 1202 192 1266 Jove
218 1203 249 1274 7,
273 1205 302 1266 in
326 1205 458 1268 Saturno
482 1202 513 1281 3,
537 1216 571 1268 at
592 1206 621 1270 in
646 1208 765 1270 Venere
780 1204 833 1282 «10,
858 1209 888 1270 iu
911 1206 1061 1270 Mercurio
1084 1205 1173 1286 plane
1188 1199 1241 1276 80,
1266 1207 1297 1261 et
1319 1216 1412 1280 usquc

61 1294 100 1355 ad
128 1290 202 1358 120.
247 1294 352 1374 Neque
377 1295 413 1356 de
437 1295 588 1373 parvitate
612 1297 699 1377 hujus
733 1297 879 1378 corporis,
909 1297 962 1358 sed
986 1296 1022 1357 de
1046 1312 1188 1357 sensuum
1217 1291 1412 1352 humanorum

61 1384 165 1464 inepta
188 1383 327 1446 crassitie
352 1402 487 1463 querare,
512 1386 560 1465 qui
584 1385 622 1446 ad
646 1394 708 1448 tam
732 1406 826 1466 parva
848 1385 1039 1467 percipienda
1061 1404 1120 1446 non
1144 1386 1315 1461 sequuntur.

151 1470 231 1536 Ecce
254 1473 310 1534 hoc
333 1475 621 1555 quantulumcunque
637 1496 744 1556 corpus
770 1486 872 1556 aptum
896 1485 996 1537 tamen
1021 1484 1079 1546 est,
1103 1471 1181 1551 qued
1197 1469 1225 1531 iu
1247 1465 1411 1548 superiori-

61 1562 116 1623 bus
142 1562 356 1637 demonstravi,
381 1563 643 1627 admovendam
667 1566 807 1627 circulum
831 1574 895 1627 tam
919 1572 1035 1626 remota
1057 1579 1192 1639 corpora.
1230 1558 1276 1619 De
1300 1554 1412 1618 illumi·

62 1652 183 1713 natione
207 1651 307 1713 mundi
331 1673 350 1713 a
374 1651 493 1713 tantillo
518 1655 693 1732 corpusculo
718 1655 816 1716 sciunt
840 1674 950 1716 omnes.
998 1650 1149 1718 Credibile
1173 1655 1221 1709 est
1244 1648 1363 1726 itaque,
1388 1642 1415 1704 si

61 1760 119 1818 qua
152 1741 297 1802 facultate
329 1741 457 1821 praediti
492 1751 560 1803 sunt
584 1752 715 1806 meteres
748 1745 791 1807 illi
816 1743 1020 1806 observandae
1050 1740 1137 1819 hujus
1161 1736 1312 1803 diametri,
1347 1751 1415 1795 eam

61 1840 148 1892 tanto
174 1849 243 1891 esse
267 1830 446 1910 argutiorem
471 1851 559 1911 quam
583 1841 652 1895 sunt
675 1834 752 1895 oculi
775 1833 880 1908 nostri,
906 1839 1018 1912 quanto
1033 1849 1107 1910 opus
1132 1827 1197 1906 ejus
1222 1834 1253 1888 et
1274 1822 1414 1905 perennis

62 1918 156 1983 motio
180 1919 293 1981 uostris
317 1920 496 1982 turbulentis
521 1931 553 1983 et
576 1922 708 1984 confusis
733 1922 863 2002 negotiis
887 1931 935 1983 est
957 1917 1151 1983 constantior.

76 2062 80 2069 .
151 2009 202 2070 An
226 2027 295 2086 ergo
320 2008 406 2071 binos
430 2010 556 2089 siugulis
579 2011 709 2091 planetis
733 2012 847 2074 tribues
871 2011 981 2084 oculos,
1006 2005 1161 2087 Keplere?
1206 2005 1412 2082 Nequaquam.

61 2099 167 2178 h'eque
192 2107 241 2160 est
264 2116 396 2160 necesse.
442 2098 548 2179 Neque
572 2099 648 2161 enim
673 2109 705 2162 ut
727 2101 838 2162 moveri
862 2101 995 2181 possint,
1019 2098 1112 2177 pedes
1136 2093 1209 2174 ipsis
1233 2100 1323 2170 atque
1347 2090 1415 2152 alae

62 2196 131 2249 suut
155 2185 342 2250 tribuendae.
383 2185 481 2249 Orbes
495 2206 566 2249 vero
590 2189 703 2252 solidos
717 2190 855 2253 Braheus
875 2190 939 2268 jam
963 2185 1138 2250 eliminavit.
1179 2182 1283 2260 Neque
1299 2178 1414 2240 exhau-

62 2278 101 2338 sit
133 2283 241 2338 nostra
272 2277 437 2356 speculatio
466 2296 567 2338 omnes
601 2288 726 2339 naturae
755 2279 926 2352 thesauros,
961 2287 995 2339 ut
1018 2296 1071 2356 per
1101 2280 1234 2335 nostram
1257 2269 1414 2330 scientiam

63 2373 141 2439 stet,
175 2373 248 2445 quot
270 2384 377 2427 sensus
400 2385 467 2429 esse
492 2367 630 2429 debeant.
677 2369 722 2428 At
746 2369 837 2429 etiam
860 2367 999 2448 exempla
1026 2364 1111 2427 nobis
1135 2358 1323 2424 admirabilia
1345 2364 1415 2418 sunt

63 2457 89 2516 in
112 2463 242 2534 promtu.
281 2453 335 2518 Dic
350 2455 429 2516 enim
451 2455 584 2535 physice,
609 2456 715 2535 quibus
732 2458 825 2519 oculis
846 2464 993 2519 astrorum
1018 2456 1084 2517 loca
1106 2453 1136 2513 iu
1160 2450 1282 2511 zodiaco
1304 2465 1413 2528 specu·

64 2545 161 2606 lentur
186 2543 348 2605 facultates
372 2544 518 2606 animales
548 2565 703 2626 corporum
726 2546 939 2619 sublunadum,
965 2555 997 2606 ut
1020 2541 1193 2604 harmonica
1217 2536 1412 2617 dispositione

64 2640 166 2714 (quem
191 2641 347 2712 aspectum
372 2629 513 2712 dicimus)
538 2633 616 2695 inter
639 2654 676 2694 ea
698 2636 885 2716 deprehensa
916 2633 1087 2695 subsultent
1111 2638 1142 2691 et
1175 2629 1204 2690 iu
1229 2647 1305 2707 opus
1329 2643 1413 2687 suum

64 2722 287 2784 exardescant?
333 2721 382 2783 An
412 2722 502 2784 etiarn
527 2723 620 2785 oculis
649 2724 711 2784 suis
735 2725 867 2804 signavit
890 2731 986 2785 mater
1014 2741 1082 2783 mea
1110 2719 1177 2780 loca
1200 2717 1348 2786 siderum,
1380 2720 1415 2775 ut

64 2813 165 2886 sciret,
190 2829 224 2871 ec
247 2819 350 2873 natam
374 2811 403 2872 in
419 2812 652 2891 configuratione
676 2812 809 2888 Saturni,
832 2814 929 2886 Jovis,
954 2813 1073 2878 Martis,
1098 2807 1236 2880 Veneris,
1261 2802 1412 2876 Mercurii,

64 2921 111 2980 per
135 2899 266 2962 sextiles
289 2910 320 2962 et
343 2900 453 2975 trinos;
478 2920 572 2981 eoque
596 2901 632 2962 iis
656 2902 844 2981 potissimum
868 2903 972 2964 diebus
995 2900 1106 2962 liberos
1130 2916 1210 2970 suos,
1234 2892 1414 2974 praesertim

64 3011 106 3052 ure
119 2989 352 3070 primogenitum
369 2986 541 3064 eniteretur,
567 2991 672 3070 quibus
696 3011 783 3072 qnam
802 2992 920 3074 plurimi
935 2990 1094 3053 eorundem
1114 2994 1296 3066 aspectuum,
1321 3001 1413 3062 praa·

64 3080 166 3142 sertim
183 3076 308 3140 Saturni
332 3078 463 3140 ethvis
486 3090 681 3155 recurrerent,
708 3090 761 3144 ant
784 3081 1018 3162 quamplurima
1041 3079 1108 3140 loca
1130 3074 1259 3155 pristina
1282 3072 1414 3153 quadra-

66 3169 118 3243 tis,
154 3168 320 3246 oppositis,
354 3176 385 3228 et
415 3168 489 3248 ipsis
513 3170 685 3249 corporibus
713 3170 962 3249 possiderentur?
1009 3165 1093 3239 Quae
1118 3183 1191 3225 sane
1220 3162 1249 3224 in
1278 3160 1414 3223 omnibns

67 3255 214 3336 exemplis
229 3256 418 3335 deprehendi,
444 3267 589 3338 quotquot
604 3260 642 3319 ad
665 3260 742 3319 hunc
769 3260 847 3320 diem
870 3259 1050 3337 obtigerunt.
1090 3254 1152 3318 Sed
1176 3252 1245 3333 quid
1268 3270 1324 3329 ego
1340 3250 1416 3311 haec

66 3367 158 3427 aeque
184 3346 315 3408 absurda
338 3354 429 3427 atque
453 3347 519 3419 illa,
553 3348 609 3408 nisi
634 3348 708 3421 illis,
743 3349 791 3427 qui
817 3349 845 3408 in
869 3357 978 3410 natura
1002 3365 1069 3408 sese
1093 3341 1265 3423 diligentius
1290 3358 1416 3402 exercu-

67 3445 161 3508 erunt,
188 3453 277 3515 quam
301 3435 387 3497 hodie
412 3437 556 3498 usitatum
581 3438 651 3498 cst?
697 3443 794 3510 (Gomp.
809 3444 862 3495 vol.
874 3446 906 3503 11,
925 3462 949 3509 p.
965 3441 1037 3504 tte.)

154 3523 239 3584 ldenr
263 3524 352 3603 igitur
376 3525 434 3597 ille,
460 3545 545 3605 quern
570 3527 617 3588 hic
641 3526 776 3604 ponimus
793 3527 901 3599 dicere,
926 3526 1063 3604 planetae
1088 3523 1227 3584 iterasse
1251 3519 1416 3597 perfectum
1531 3533 1536 3544 ·

67 3613 218 3685 circulum,
243 3613 298 3675 hoe
313 3612 401 3686 dicet,
426 3615 580 3694 planetam
604 3618 745 3677 all'ectare
769 3636 825 3677 sua
848 3615 1017 3688 libratione,
1043 3620 1075 3673 ut
1098 3613 1127 3672 in
1144 3630 1201 3691 qua
1223 3609 1416 3688 proportione

67 3712 134 3765 suut
161 3701 259 3763 lineae
283 3708 336 3773 lle,
361 3726 410 3777 eu,
434 3699 474 3776 ζα
498 3704 545 3765 vel
561 3705 701 3785 aequales
725 3704 784 3766 illis
808 3728 858 3777 ια,
881 3708 932 3778 λα,
957 3699 997 3776 ζα
1022 3703 1060 3763 ad
1083 3699 1289 3780 longissimam
1311 3720 1364 3775 γα,
1387 3693 1417 3757 in

66 3793 171 3853 eadem
206 3792 268 3878 iere
299 3796 375 3868 (nam
414 3820 474 3872 cap.
504 3805 587 3860 Ll'll.
615 3805 669 3858 erit
703 3805 843 3875 proportio
869 3806 953 3874 paulu
981 3797 1060 3869 elia.)
1091 3787 1282 3869 proport'lone
1311 3805 1419 3847 eversa

67 3881 226 3942 rideantur
250 3879 306 3958 ipsi
330 3881 465 3943 diametri
486 3880 567 3944 Solis
591 3893 660 3961 post
674 3884 816 3965 aequales
832 3883 989 3946 eccentrici
1014 3900 1100 3943 arcus
1115 3879 1282 3951 confectos;
1308 3883 1339 3936 et
1361 3876 1417 3936 hac

67 3970 282 4032 diametrorum
310 3967 393 4032 Solis
421 3972 659 4035 consideratione
687 3973 788 4036 venire
813 3973 902 4034 dictis
934 3980 1099 4050 temporum
1132 3965 1268 4030 articulis
1292 3984 1330 4026 ex
1351 3964 1418 4044 yiu

65 4085 81 4127 i,
105 4063 133 4133 λ,
159 4053 448 4138 (propinquitates.
648 4138 652 4145 Ι

156 4146 316 4208 Sciendum
340 4156 451 4221 tamen,
475 4169 533 4211 non
556 4150 631 4211 bene
655 4152 802 4230 quadrare
827 4150 953 4212 invicem
976 4155 1168 4228 augmentum
1184 4142 1321 4207 diametri
1337 4141 1419 4204 Solis

67 4244 96 4297 ct
120 4255 211 4298 arcus
234 4236 374 4318 epicycli3
406 4237 506 4319 itaque
538 4239 711 4302 memoriam
735 4241 801 4303 huic
830 4240 923 4303 menti
951 4237 1067 4300 metrici
1098 4237 1185 4297 valde
1214 4234 1321 4295 bonam
1350 4249 1418 4292 esse

67 4334 197 4406 oportet,
222 4324 260 4386 ad
280 4327 419 4407 aequalia
441 4336 602 4408 augmenta
627 4329 763 4392 diametri
780 4329 861 4393 Solis
886 4326 1124 4390 accommodanti
1148 4323 1320 4405 inaequales
1335 4319 1418 4381 sinus

67 4433 173 4478 versos
198 4433 319 4476 arcuum
343 4416 482 4498 epicyeli:
508 4437 565 4498 quo
590 4419 625 4479 de
650 4419 728 4481 iufra
751 4439 816 4497 cap.
841 4419 924 4492 LVI,
949 4417 1048 4479 LVlI.

157 4503 215 4565 ΙΙΙ.
255 4505 356 4583 Atque
380 4505 453 4568 haec
471 4508 506 4567 de
526 4507 612 4586 signo
629 4509 757 4570 confecti
781 4508 873 4589 spatii
888 4508 969 4569 dicta
992 4513 1089 4567 sunto.
1126 4502 1247 4573 Restat,
1273 4506 1306 4559 nt
1328 4495 1419 4559 tertio

67 4594 149 4655 etde
165 4592 289 4655 enlmali
304 4593 447 4657 facultate
471 4596 695 4658 transvectandi
710 4599 843 4676 corporis
858 4596 1017 4677 planetarii
1040 4593 1134 4655 tribus
1149 4589 1248 4650 verbis
1264 4605 1418 4651 moneam:

68 4702 148 4756 eum,
177 4681 227 4763 qui
252 4682 350 4757 dicat,
383 4683 412 4744 vi
435 4684 526 4747 insita
550 4687 749 4765 transportari
772 4705 879 4765 corpus
902 4687 1059 4764 planetae,
1092 4681 1171 4741 nulio
1196 4678 1282 4739 modo
1307 4674 1417 4737 verisi-

69 4772 152 4835 milia
174 4771 292 4845 dicere;
324 4773 380 4835 hoc
404 4774 482 4836 enim
505 4775 678 4852 negavimus
702 4776 731 4837 in
755 4775 910 4856 principio.
959 4775 1001 4835 At
1029 4790 1123 4851 neque
1148 4766 1212 4830 Soli
1240 4764 1418 4846 simpliciter

69 4860 247 4931 transscribi
278 4869 380 4944 potest
410 4863 457 4929 vis
490 4863 574 4927 haec.
619 4865 705 4929 Idem
727 4867 820 4941 euim,
853 4864 903 4948 qui
925 4864 1077 4944 planetam
1106 4857 1249 4935 attrabit,
1285 4854 1419 4921 vicissim
