3368 5534
154 312 228 415 .⁶⁶⁰
763 325 804 378 ns
826 324 907 379 nass

253 506 323 569 Jarn
347 504 440 585 igitur
463 505 634 580 considera,
661 526 699 568 an
722 506 763 568 616
785 505 1002 569 eruendandnm
1027 512 1220 586 praeceptum
1243 504 1501 587 Bndolphinarnn.

166 595 200 656 ld
223 596 308 674 jubet
332 595 439 666 (etiarn
463 595 493 655 in
512 595 587 675 ipsis
610 595 740 675 copulis)
764 595 940 658 distantiam
963 595 1117 669 hauodo
1140 614 1273 676 aequare
1294 612 1353 674 per
1372 595 1502 676 6666666-

164 684 324 764 666666616
359 684 503 745 nodorum
535 685 687 745 contraria
717 685 851 760 ratione,
884 704 972 765 quam
992 682 1101 766 jubent
1121 683 1212 746 tituli.
1260 683 1368 747 Distat
1391 680 1431 763 Θ
1448 690 1503 756 stt

165 792 219 853 per
253 768 310 834 17⁰
347 770 406 836 19‘.
453 772 630 854 Respondet
657 773 939 853 prosthaphaeresis
969 773 1113 835 nodomm
1144 769 1200 836 55¹
1230 770 1315 847 2200,
1361 773 1503 835 inclinatio

166 861 271 924 limitis
297 859 348 923 lt‘
375 860 448 924 10¹¹.
494 862 530 923 In
554 862 661 941 copula
683 864 751 943 ipsa
779 863 905 925 distabit
934 862 1025 925 etiam
1048 862 1115 943 ipsa
1132 863 1162 934 D
1188 882 1208 922 6
1230 867 1264 933 52
1286 880 1346 943 pet
1370 856 1431 926 tt·
1450 860 1503 933 1110,

165 969 236 1030 ergo
259 971 279 1011 a
302 968 374 1012 vero
397 951 474 1012 nodo
497 969 551 1030 per
578 947 636 1013 15⁰
658 949 712 1016 23‘
736 949 811 1016 38⁰.
857 952 916 1014 Per
938 952 1014 1014 hanc
1038 960 1203 1014 correctam
1228 950 1413 1014 distantiam
1428 951 1505 1032 jobet

164 1059 212 1101 sne
243 1047 434 1120 praeceptum
478 1057 637 1119 excerpere
675 1042 865 1104 latitudinem
904 1049 1044 1121 tanquam
1082 1039 1269 1121 simplicem
1299 1058 1434 1123 excerpo
1459 1058 1505 1120 per

165 1129 305 1208 angulum
330 1122 436 1190 50180
461 1160 503 1170 -
529 1124 566 1190 10
581 1126 634 1191 290
650 1127 724 1193 25¹1.
771 1131 868 1210 Hujus
892 1131 1024 1210 quintam
1050 1125 1181 1193 17053”
1204 1138 1354 1210 tauquam
1377 1129 1505 1209 scrupula

163 1217 401 1298 proportionalia
421 1217 507 1297 jubet
534 1237 581 1279 me
607 1219 805 1300 multiplicare
828 1219 857 1281 16
876 1219 1099 1281 inclinationem
1121 1218 1227 1280 limitis
1245 1216 1297 1280 tt‘
1318 1214 1506 1301 rutpreth

165 1303 196 1369 5‘
219 1307 283 1379 7”;
315 1306 372 1367 hoc
404 1306 553 1385 adjectum
577 1309 614 1368 ad
643 1305 678 1370 1⁰
700 1306 754 1371 29¹
777 1305 842 1372 25⁰
871 1309 925 1370 dat
950 1303 985 1370 10
1008 1304 1061 1371 34’
1085 1304 1160 1371 3200.
1205 1309 1311 1389 Atque
1342 1327 1383 1370 ex
1411 1306 1505 1370 tabula

162 1395 355 1457 latitudinum
386 1395 589 1475 eclipticamm
621 1416 674 1476 per
705 1398 882 1459 distantiam
904 1398 1009 1460 Lunae
1032 1417 1050 1457 a
1073 1396 1142 1458 nodi
1166 1397 1232 1458 loco
1260 1397 1365 1461 medio
1387 1414 1506 1477 excerpo

166 1480 201 1546 10
225 1481 278 1547 alt
304 1480 368 1546 32“
392 1485 430 1545 66
455 1503 583 1562 unguem
607 1485 694 1548 idem.
740 1488 808 1549 Non
833 1496 881 1548 est
904 1485 996 1567 igitur
1017 1503 1091 1566 opus
1119 1485 1333 1549 emendatione
1360 1485 1505 1567 praecepti

162 1574 233 1647 alia,
266 1572 324 1634 nisi
348 1572 413 1634 solo
447 1573 593 1636 66666616
630 1576 826 1656 ,simplicis“.
873 1576 941 1637 Nou
965 1584 1048 1637 esset
1071 1594 1144 1637 sane
1168 1593 1260 1655 opus,
1287 1575 1314 1636 si
1341 1575 1447 1638 liceret
1467 1575 1504 1635 nti

163 1662 273 1741 angulo
298 1656 337 1723 5⁰
359 1656 422 1723 360.
464 1661 539 1724 Cum
563 1677 663 1725 autem
688 1664 905 1727 constmxerim
928 1665 1061 1727 tabulam
1084 1664 1276 1725 latitudinum
1300 1665 1408 1726 Lunae
1431 1682 1504 1725 eom·

72 1800 75 1805 .
161 1750 303 1832 positam,
329 1768 438 1828 operae
461 1751 588 1830 pretium
613 1763 661 1815 est
683 1754 795 1829 videre,
820 1755 966 1834 quomodo
989 1773 1026 1814 66
1048 1753 1198 1833 possimus
1221 1752 1276 1815 uti.

251 1839 398 1901 Videmus
421 1840 514 1918 igitur
536 1841 650 1920 ingredi
676 1842 784 1904 deber'e
808 1844 837 1905 in
862 1843 959 1904 fronte
982 1861 1035 1923 per
1059 1841 1128 1903 6166
1154 1838 1195 1918 Θ
1218 1861 1238 1902 6
1255 1846 1298 1911 st.
1324 1839 1357 1902 in
1378 1841 1504 1921 margine

162 1949 217 2009 666
239 1929 309 1991 6166.
333 1929 359 1999 h
387 1934 459 1999 666
485 1930 589 1992 eodem
612 1933 721 2006 medio,
747 1944 780 1994 ut
802 1931 972 2011 negligatur
998 1929 1290 2012 prosthaphaeresis.
1340 1929 1425 1993 Vere
1447 1930 1503 1993 hot.

161 2019 238 2081 Nam
263 2018 340 2098 qnod
364 2019 504 2097 Maginus
535 2020 627 2081 utitur
660 2023 737 2083 nodo
770 2029 917 2101 aequato,
947 2021 977 2082 id
1001 2021 1104 2082 eodem
1136 2019 1235 2094 redit,
1267 2018 1340 2101 qnia
1369 2019 1416 2082 illi
1446 2039 1502 2081 con

162 2108 303 2189 Tychoue
326 2108 607 2187 prosthaphaeresis
631 2112 700 2172 nodi
724 2119 772 2172 666
790 2119 951 2172 menstrua.
987 2113 1033 2172 Ac
1054 2117 1178 2171 contra:
1202 2109 1248 2171 sic
1268 2109 1381 2181 (enirn)
1397 2128 1502 2189 semper

50 2266 53 2271 ,
163 2205 246 2258 66666
270 2195 399 2256 16616666
423 2198 590 2276 composita
612 2201 708 2279 major
736 2199 882 2280 simplici,
917 2198 993 2279 quod
1017 2217 1074 2259 non
1102 2204 1168 2272 est;
1200 2197 1293 2278 igitur
1323 2197 1442 2261 16661116
1462 2210 1501 2258 eet

162 2285 234 2348 mihi
259 2283 365 2345 tabula
389 2285 459 2357 1666,
482 2286 540 2347 6161
565 2286 653 2349 611666
677 2308 812 2368 agamus.

250 2373 420 2453 Repetatur
443 2375 644 2439 consideratio
670 2380 705 2439 66
730 2378 905 2458 corrigendo
928 2382 1098 2456 praecepto.
1138 2371 1267 2445 Quando
1291 2380 1344 2435 est
1366 2382 1501 2455 66666666

162 2465 269 2538 66666,
294 2472 364 2523 tuuc
386 2463 517 2525 latitudo
541 2467 711 2545 excerpitur
734 2469 842 2540 minor,
868 2465 958 2527 etiarn
981 2463 1046 2539 illa,
1071 2482 1146 2544 qnae
1171 2464 1283 2543 angulo
1306 2460 1349 2528 50
1374 2461 1426 2529 180
1447 2472 1503 2525 erat

163 2551 360 2633 excerpenda.
407 2551 449 2613 Et
472 2556 617 2632 quomodo
642 2565 712 2617 tunc
739 2556 914 2629 augebimus
946 2554 1029 2614 illam
1052 2571 1106 2633 per
1128 2551 1358 2614 inclinationem
1387 2552 1503 2617 limitis?

162 2651 215 2705 aut
231 2660 288 2723 quo
305 2660 342 2701 ex
359 2642 550 2704 fundamento
567 2644 791 2726 hypotheseos?
805 2645 1000 2724 Nequaquam
1014 2643 1105 2720 igitur
1120 2650 1165 2703 est
1181 2639 1502 2725 6661666666666666-

68 2728 72 2735 ’
161 2730 316 2812 666666616
332 2729 400 2789 6661
416 2740 538 2809 6666666
553 2733 752 2809 latitndincm,
777 2733 829 2796 sed
847 2739 961 2792 tantum
978 2740 1100 2812 propter
1113 2730 1222 2792 nodum
1239 2730 1350 2810 ipsum.
1384 2728 1503 2795 Omnino

163 2831 260 2883 totum
283 2819 339 2880 hoc
362 2819 399 2880 66
423 2822 601 2900 aequatione
629 2823 697 2884 nodi
731 2831 778 2884 est
807 2820 1015 2884 remittendum
1048 2818 1206 2902 hypothesi
1230 2818 1404 2901 Tychonis,
1437 2838 1503 2903 qnae

164 2910 271 2972 statuit
293 2907 375 2968 illam
399 2918 592 2972 menstruam.
640 2912 782 2974 Latitudo
807 2911 868 2979 illa,
894 2929 969 2991 qnae
993 2909 1162 2990 excerpitur
1184 2909 1314 2989 simplex
1338 2928 1396 2992 per
1417 2910 1504 2973 locro

163 3000 233 3061 nodi
257 2997 395 3071 medium,
420 2998 599 3077 intelligitur
622 3001 686 3063 heri
710 3020 797 3080 snper
820 3001 910 3079 plano
939 2998 1140 3060 diversimodo
1163 2997 1201 3059 ad
1224 2997 1402 3078 eclipticam
1423 2998 1503 3063 ineli-

164 3096 244 3162 nato,
270 3087 299 3150 iu
324 3087 440 3165 copulis
464 3088 612 3149 existente
637 3092 724 3165 nodo,
748 3090 848 3161 valde,
877 3090 904 3150 in
930 3088 1051 3168 quadris
1079 3105 1193 3168 pamm.
1241 3087 1400 3151 Interdum
1423 3088 1505 3169 igiter

163 3178 218 3239 hoc
242 3176 365 3255 planum
388 3175 548 3238 inclinatur
571 3180 703 3240 nonnihil
728 3179 756 3240 iu
781 3186 925 3251 austmm,
951 3178 1134 3239 eccentricus
1157 3196 1194 3236 66
1211 3184 1301 3257 66666
1325 3177 1358 3239 16
1381 3178 1504 3247 butem

164 3266 282 3357 qnando
314 3264 432 3326 scilicet
463 3246 549 3327 limes
581 3269 738 3330 eccentrici
770 3267 1046 3329 austrinus·estin
1069 3265 1121 3327 1116
1144 3264 1291 3327 menstrui
1324 3265 1504 3329 semicirculo

98 3428 103 3435 Ι
161 3372 267 3416 666666
292 3354 462 3433 oppositum
486 3355 581 3431 Solis,
615 3358 709 3419 nodus
740 3357 926 3419 descendens
949 3356 1028 3417 ultra
1050 3354 1170 3428 Solem3
1203 3363 1276 3415 tunc
1303 3355 1389 3419 inter
1411 3353 1504 3417 Solen

163 3453 194 3504 66
216 3443 326 3504 nodum
350 3445 436 3504 Luna
460 3453 614 3520 versante,
639 3447 812 3509 diminuitur
839 3446 968 3507 latitudo
992 3463 1028 3504 ex
1051 3442 1219 3505 6666666166
1241 3460 1297 3521 per
1321 3443 1504 3507 laundun

162 3541 354 3595 menstruam.
393 3533 427 3594 ld
450 3533 484 3617 in,
502 3535 661 3615 hypothesi
689 3536 815 3616 physica
842 3553 900 3597 non
921 3534 1038 3594 videtur
1067 3533 1161 3595 locum
1191 3532 1317 3605 habere,
1349 3535 1406 3596 sed
1434 3530 1504 3612 snp't

163 3622 375 3683 necessitatem
395 3623 557 3685 solidorum
579 3624 701 3686 orbium.
740 3625 818 3687 Nam
840 3624 868 3684 in
889 3624 945 3684 hoc
964 3640 1034 3684 casu
1056 3621 1129 3684 libra
1149 3622 1179 3682 in
1196 3622 1313 3701 copulis
1334 3642 1396 3684 non
1414 3621 1504 3701 tonet

164 3710 377 3786 samniticum,
409 3712 462 3772 sed
495 3722 580 3773 secat
612 3714 729 3775 inclinis
758 3733 862 3775 versus
892 3714 1015 3774 Terram
1052 3711 1288 3792 quadamtenus,
1313 3719 1347 3774 et
1367 3712 1399 3776 in
1422 3710 1504 3773 bom

163 3797 314 3863 transiens
337 3802 445 3862 lineam
471 3802 640 3882 copularum
665 3822 792 3883 porgens
816 3803 854 3863 66
883 3801 990 3864 nodum
1014 3807 1045 3861 et
1068 3799 1247 3881 eclipticam.
1292 3800 1344 3862 An
1370 3801 1503 3869 61661611,

163 3890 256 3952 etiam
280 3889 308 3950 16
331 3890 387 3951 hoc
410 3892 526 3951 Lunam
557 3892 693 3971 adjuvari
716 3891 885 3966 alumine,
914 3900 949 3952 ut
970 3908 1110 3969 quorsum
1141 3888 1257 3969 pergit,
1290 3907 1327 3951 eo
1352 3885 1503 3953 trudatur?

163 3979 206 4041 Et
227 3978 257 4040 in
282 3980 461 4052 universum,
487 3999 524 4040 an
549 3991 647 4042 motus
676 3982 824 4042 coelestes
852 3999 910 4041 non
940 3979 1006 4040 loco
1025 3977 1088 4045 ‚sed
1111 3976 1223 4038 viribus
1246 3988 1457 4043 mensurentur
1475 3988 1503 4036 et

163 4069 433 4148 proportionentur,
459 4088 524 4129 curn
549 4071 627 4130 vires
652 4071 818 4132 intensione
843 4077 874 4129 et
896 4065 1069 4129 remissione
1097 4084 1190 4146 aeque
1214 4066 1394 4147 subjaceant
1416 4088 1501 4149 qusn-

165 4156 328 4219 titatibus?
352 4158 458 4235 Itaque
483 4140 656 4234 diademas,
681 4168 822 4239 qnantum
847 4158 922 4219 alias
945 4155 1060 4218 ratione
1089 4155 1177 4236 spatii
1207 4157 1316 4217 localis
1346 4160 1500 4221 declinaret

164 4247 193 4307 16
217 4246 297 4307 16666
320 4247 510 4319 6166666666,
536 4255 652 4309 tantum
671 4249 737 4327 jam
761 4248 910 4309 declinare
939 4245 1091 4326 66661666
1115 4256 1306 4321 consumtas,
1333 4266 1369 4310 eo
1392 4248 1500 4310 modulo

165 4336 203 4397 ad
228 4344 321 4410 totas,
346 4354 403 4416 quo
427 4336 547 4398 modulo
571 4339 699 4417 spatium
724 4349 771 4399 est
796 4339 832 4398 ad
857 4344 962 4399 totum.

253 4422 353 4495 Quare
377 4436 568 4505 praeceptum
601 4427 690 4488 debet
721 4428 816 4507 primo
846 4427 916 4487 dare
946 4421 1132 4486 latitudinem
1155 4440 1244 4502 snper
1272 4422 1369 4503 plano
1401 4426 1500 4487 inclini.

166 4513 233 4574 dein
256 4513 338 4593 plani
363 4514 457 4593 ipsius
480 4516 720 4589 inclinationem
749 4525 904 4597 utrumque
928 4534 981 4596 per
1004 4511 1167 4592 simplicem
1189 4512 1369 4576 distantiam
1394 4536 1412 4575 a
1435 4514 1500 4575 nodo

167 4603 327 4682 aequabili,
352 4604 411 4664 illic
434 4605 547 4678 Lunae,
571 4605 620 4665 hic
644 4606 734 4668 Solis.

255 4690 418 4762 Quaeritur
441 4703 552 4768 autem,
576 4694 601 4754 si
625 4694 769 4757 formatur
792 4701 824 4753 et
845 4690 1126 4774 prosthaphaeresis
1150 4688 1251 4768 aliqua
1275 4691 1347 4753 nodi
1370 4702 1400 4752 et
1423 4691 1500 4753 incli-

167 4780 250 4841 natio
273 4781 376 4842 limitis
399 4785 539 4859 maxima,
564 4802 615 4845 cnr
638 4801 695 4845 non
720 4784 810 4871 etjam
832 4802 887 4864 per
907 4784 967 4844 ista
988 4782 1137 4864 possimus
1161 4780 1360 4861 computare?
1384 4780 1501 4845 Omnino

168 4868 260 4931 etiam
282 4888 336 4955 per
355 4871 414 4932 ista
433 4882 607 4954 computare
630 4892 798 4955 possumus,
822 4873 847 4935 si
863 4873 938 4936 bene
962 4871 1164 4953 intelligamus
1185 4868 1380 4952 hypothesin.
1411 4868 1499 4949 ’166161

1257 5053 1262 5065 “
1315 5048 1344 5103 4¹
