3374 5528
554 283 585 337 re
603 284 840 349 commune
858 292 927 338 mosa
944 285 1032 339 sone
1048 284 1145 339 mres.
1455 275 1517 348 111

162 460 282 540 medio
315 483 390 529 area
416 468 453 534 Δ
479 463 565 529 ΕΑΒ
593 472 642 528 eet
674 484 817 529 excessus
844 485 943 529 auom.
977 463 1093 526 mediae
1119 481 1213 544 supra
1243 479 1340 524 auom.
1374 456 1518 533 eecentri,

160 551 248 619 ΕΔΒ
270 570 346 634 ergo
367 571 440 634 pere
464 555 653 635 aequationis
685 574 744 619 nna
771 575 824 618 seu
853 555 988 638 physica.
1034 552 1069 616 Si
1092 570 1163 633 ergo
1190 551 1331 632 planetae
1354 549 1412 611 iter
1434 556 1518 611 esset

161 641 295 705 cuculus
317 641 387 718 EF,
420 650 490 706 tunc
523 643 664 724 trianguli
695 645 829 724 ejusdem
856 644 983 725 angulus
1015 641 1099 706 ΑΕΒ
1132 648 1215 703 esset
1247 639 1383 701 deiectus
1418 655 1516 700 auom

162 738 354 813 coaequatae
376 730 460 795 EBF
486 732 525 795 ab
558 732 662 796 eadem
695 752 795 797 auom.
824 732 955 796 eccentri
982 730 1067 794 Ean
1094 737 1127 792 et
1153 728 1197 792 εἰσ
1228 747 1299 810 pars
1326 725 1519 808 aequatiouis

162 820 264 883 altere
281 816 342 891 ¹se'u
365 821 475 903 optica
519 822 626 905 Itaque
650 822 784 903 ejusdem
807 822 949 903 trianguli
979 818 1145 901 aequaturii
1177 837 1265 881 area
1292 815 1411 898 quidem
1433 814 1519 878 esset
1629 816 1633 826 ’

162 926 236 989 pare
259 908 396 993 physica:
430 910 582 992 angulus
614 931 683 974 vero
711 931 782 994 pars
811 912 913 993 optica
942 908 1139 991 aequatiouis.
1186 909 1288 988 Atque
1311 904 1355 968 sic
1385 904 1517 967 haberes
1592 972 1596 977 ,

162 1016 290 1061 amam
311 996 674 1082 duarum'operationum,
698 1002 774 1062 duae
799 1001 877 1064 enim
900 1018 1010 1063 causae
1029 1004 1100 1060 sunt
1122 994 1321 1079 aequationis.
1353 991 1424 1056 Jarn
1446 992 1517 1056 side
1539 1062 1544 1077 Ι

162 1086 235 1168 qnid
258 1086 364 1150 turbet
386 1087 510 1173 ellipsis,
533 1089 593 1152 imo
617 1089 687 1171 quid
710 1089 855 1174 proficiat.
902 1089 1045 1152 Manents
1068 1086 1147 1150 euim
1170 1084 1267 1169 prima
1289 1092 1377 1165 parte
1400 1102 1516 1164 aequa·
1574 1092 1581 1101 ·

163 1174 257 1239 tionis
279 1175 408 1259 physica
430 1178 467 1241 ob
490 1197 599 1241 causas
623 1198 714 1261 snpra
737 1179 851 1257 dictas,
875 1178 1032 1260 jam‘pars
1057 1174 1172 1257 optica,
1195 1175 1233 1238 ob
1257 1175 1425 1254 ingressum
1446 1172 1516 1256 ple-

164 1274 255 1327 uetae
279 1265 320 1327 sd
343 1264 451 1347 latera,
475 1267 610 1331 variatur
632 1269 802 1349 quantitate
826 1268 926 1350 auguli
951 1264 1040 1332 OBE.

239 1354 341 1416 'Haec
372 1355 399 1418 εἰ
431 1355 592 1437 diligenter
627 1357 864 1421 consideraveris
895 1358 1072 1438 penitusque
1109 1353 1206 1415 animo
1242 1349 1514 1432 comprehenderis,

164 1462 275 1506 causas
299 1443 407 1507 calculi
430 1445 488 1509 mei
511 1465 570 1508 non
593 1446 749 1511 miraberis
773 1446 911 1529 amplius,
934 1446 988 1508 sed
1011 1444 1100 1516 scies,
1124 1440 1193 1522 qnid
1212 1441 1318 1522 quavis
1337 1437 1513 1520 operatione

164 1551 257 1613 egas3
282 1541 461 1614 computans
485 1535 563 1613 euim
586 1554 688 1599 aream
710 1536 792 1599 EBF
819 1537 863 1609 (h.
886 1555 912 1599 e.
937 1553 1039 1597 aream
1062 1530 1156 1605 ΒΑΕ,
1190 1549 1260 1593 εσσε
1282 1528 1367 1591 EAF
1397 1546 1453 1609 per
1481 1534 1528 1589 se'

164 1624 279 1702 patet),
303 1628 461 1705 computas
484 1643 630 1688 summam
654 1624 864 1689 distantiarum
889 1643 974 1687 mous
994 1620 1047 1686 OF
1069 1629 1101 1682 et
1123 1619 1167 1682 εἰσ
1190 1638 1250 1682 una
1271 1629 1390 1698 tempus
1413 1635 1516 1679 morae

165 1708 271 1777 inor.
296 1710 363 1773 Ηοσ
386 1711 466 1776 enim
485 1713 528 1776 sic
552 1715 616 1777 vult
638 1723 756 1789 natura,
781 1722 815 1777 ut
838 1733 894 1795 qno
917 1713 1034 1792 longius
1057 1710 1182 1791 planeta
1205 1706 1300 1771 distet
1323 1707 1379 1768 hoe
1403 1705 1515 1768 diutius

164 1807 308 1869 moretur.
356 1799 542 1883 computans
564 1821 635 1865 vero
659 1805 812 1885 angulum,
842 1821 900 1864 uon
924 1802 1005 1864 EBF
1034 1799 1088 1871 sed
1112 1796 1201 1873 CBF,
1227 1796 1339 1877 redigis
1362 1796 1517 1879 planetam

165 1889 193 1951 iu
215 1887 371 1970 propriam
395 1898 426 1952 et
448 1891 564 1953 ovalem
590 1891 732 1969 orbitam,
762 1902 795 1954 ut
813 1892 930 1972 justam
953 1890 1065 1952 habeat
1095 1886 1272 1950 distantiam
1299 1904 1357 1947 non
1380 1884 1439 1947 ΕΑ
1462 1882 1516 1948 εεᾶ

165 1975 220 2041 CA
228 1997 239 2053 ;
263 1977 403 2060 utrinque
427 1978 517 2061 igitur
540 1981 681 2062 supponis
704 1980 763 2043 iter
786 1982 865 2043 idem
887 1980 1026 2065 planetae
1050 1974 1102 2040 FC
1127 1995 1184 2038 non
1204 1974 1266 2037 ΒΕ.

251 2083 443 2135 Fabricius:
463 2084 490 2137 Si
508 2085 597 2152 ellipsis
609 2095 655 2139 tua
666 2102 749 2139 reram
765 2085 913 2152 hypothesin
931 2086 1076 2143 conformat,
1096 2098 1126 2134 ex
1138 2082 1181 2133 illa
1193 2095 1288 2148 quoque
1301 2080 1371 2130 dabis
1384 2078 1516 2137 rationem.

164 2155 286 2221 quomodo
304 2168 335 2205 ex
352 2152 368 2209 3
388 2157 542 2221 aaronychiis
566 2160 738 2210 eccentricltss
756 2167 783 2210 et
800 2172 939 2223 apogaeum
956 2155 1143 2221 inquirendum,
1170 2152 1209 2202 rel
1227 2151 1343 2202 ostendes
1367 2164 1469 2201 caussm
1487 2165 1520 2202 ex
1625 2150 1631 2164 ¹

164 2236 209 2277 toa
226 2220 316 2290 ellipsi.
335 2239 380 2277 aar
396 2228 441 2278 illa
458 2230 550 2294 exquiri
569 2246 599 2281 ex
616 2232 693 2281 trihus
711 2246 760 2282 noa
778 2231 879 2295 possint
917 2229 943 2279 Si
961 2235 1042 2277 motus
1067 2227 1224 2289 undiquaque
1251 2223 1331 2288 ellipsi
1358 2222 1517 2287 respondent,

165 2305 225 2349 mc
242 2298 369 2362 reciproce
386 2299 516 2351 munim
534 2301 751 2367 mter-uoquem
769 2316 785 2352 a
802 2302 883 2365 priori,
902 2299 1022 2365 quomodo
1040 2313 1071 2348 ex
1089 2295 1105 2347 3
1124 2294 1278 2359 aoronyehiis
1301 2300 1382 2345 motas
1400 2293 1518 2345 comtitul

163 2370 267 2433 possint,
286 2377 315 2419 ut
333 2376 401 2422 certe
414 2371 471 2421 sieri
488 2372 560 2436 po'sse
578 2388 609 2427 sc
627 2374 716 2425 debere
734 2374 832 2423 omuino
850 2372 908 2423 mihi
926 2370 1079 2434 persuadeo,
1107 2375 1133 2419 et
1150 2381 1224 2433 quarn
1243 2366 1285 2417 diu
1302 2365 1346 2415 illa
1363 2367 1529 2435 osseos.

164 2456 213 2490 uon
230 2446 312 2505 potes.
332 2446 385 2491 tam
402 2440 445 2492 diu
462 2443 525 2492 ratio
544 2452 570 2496 et
586 2444 728 2509 hypothesis
747 2458 857 2495 verorum
883 2450 993 2492 motuum
1015 2441 1092 2498 latet,
1120 2453 1166 2490 nec
1186 2437 1276 2501 ellipsis
1294 2444 1338 2487 ant
1358 2435 1410 2487 alia
1427 2436 1519 2491 fictitia

165 2512 242 2563 bama
259 2511 386 2563 uenam
404 2514 496 2571 animo,
514 2521 571 2567 utus
588 2518 664 2567 etiam
681 2524 763 2566 motus
780 2515 849 2567 coelo
867 2527 987 2566 consonos
1004 2513 1132 2576 praebeat.
1152 2534 1187 2547 -
1210 2509 1294 2570 Quare
1312 2507 1376 2557 suda
1393 2508 1427 2557 mi
1444 2507 1517 2572 Keo-

164 2582 214 2633 lm
232 2583 259 2632 ln
279 2597 323 2640 0⁰·
351 2588 381 2633 ul
398 2597 429 2634 ox
447 2580 464 2633 3
483 2586 637 2651 wronychiis
663 2589 748 2639 statim
767 2595 793 2637 et
819 2594 938 2651 tanquam
956 2599 973 2634 a
994 2585 1065 2648 priori
1093 2581 1305 2634 eccentricitatom
1328 2586 1354 2629 et
1378 2592 1517 2645 apogaeum

165 2655 317 2739 Q&
334 2656 422 2720 Ρωίῑε
441 2662 468 2706 st
479 2655 574 2739 ellipsin
592 2650 662 2710 turim
679 2659 753 2710 lseile
772 2658 872 2722 abiicies
891 2663 917 2708 et
928 2658 954 2706 in
967 2669 1070 2707 excessu
1087 2655 1169 2720 potius
1187 2652 1272 2703 circuli
1288 2651 1368 2702 latere
1384 2652 1516 2703 veritatem

165 2739 284 2776 imma·
850 2736 854 2744 '

253 2788 456 2879 Keplerus}
480 2796 568 2870 Quae
589 2800 723 2883 sequitur
746 2801 876 2881 objectio
901 2806 949 2861 est
971 2796 1137 2881 expiscatio
1161 2815 1218 2857 non
1238 2793 1378 2875 objectio.
1416 2789 1518 2864 Quid?

166 2895 198 2948 tu
221 2905 270 2948 me
294 2886 339 2949 ita
361 2894 486 2950 avarum
507 2898 614 2970 putas,
646 2899 679 2952 nt
709 2900 774 2954 arte
807 2887 1093 2952 circumveniendum
1117 2885 1272 2948 existimes
1300 2882 1339 2944 ad
1363 2882 1519 2963 prodenda

168 2995 292 3050 aroana,
316 2975 464 3056 quomodo
486 2997 525 3040 ex
547 2976 772 3062 3acronychiis
792 2978 967 3062 hypothesis
982 2976 1149 3039 habeatur?
1178 2973 1316 3055 Minime!
1353 2969 1424 3034 Jam
1447 2979 1517 3034 ten·

167 3064 227 3126 tavi
250 3064 283 3126 in
307 3065 457 3128 Mercurio
480 3066 557 3130 hanc
580 3078 693 3141 artem,
717 3069 801 3149 cujus
825 3078 873 3130 est
902 3065 1018 3146 ellipsis
1046 3064 1280 3126 evidentissimo.
1328 3060 1390 3124 Sed
1418 3059 1519 3138 didici,

168 3152 300 3235 donym
333 3153 463 3216 omnium
495 3176 564 3218 esse
595 3156 862 3239 parabilissimam;
897 3157 960 3220 sine
993 3175 1030 3216 ea
1061 3154 1215 3234 conjectus
1249 3151 1290 3213 iui
1324 3151 1353 3213 in
1385 3150 1519 3212 cossicos

171 3263 312 3307 numeros
336 3243 576 3309 molestissimos.
614 3245 667 3309 Sic
690 3247 850 3329 perpende,
875 3245 900 3308 si
920 3245 1041 3308 daretur
1055 3263 1114 3307 nna
1128 3240 1298 3304 observatio
1314 3241 1344 3303 iu
1367 3237 1519 3319 ipsissimo

169 3330 300 3413 aphelio,
325 3339 397 3394 tuuc
420 3334 524 3398 statim
552 3336 651 3398 altera
674 3335 779 3398 addita
801 3335 973 3397 observatio
996 3334 1138 3414 proderet
1161 3330 1351 3413 hypothesin.
1456 3404 1463 3413 ι

253 3420 366 3483 Tribus
388 3439 460 3501 ergo
482 3423 564 3486 datis
587 3425 848 3488 observationibus
872 3424 901 3486 b.
919 3443 944 3488 e.
966 3424 1054 3485 trium
1079 3430 1309 3502 coaequaturum
1333 3416 1518 3494 differentiis,

169 3526 312 3590 compara
335 3518 473 3590 tempora
495 3513 665 3594 interjecta.
704 3514 761 3577 Ubi
781 3513 877 3595 majus
893 3522 1011 3592 tempus
1031 3512 1167 3583 interest,
1191 3529 1245 3590 per
1258 3508 1387 3591 priorem
1410 3506 1517 3569 obser-

168 3599 319 3662 vationem
343 3607 445 3662 statue
469 3601 621 3682 aphelium
644 3612 675 3664 et
697 3612 820 3685 perterre
834 3600 1022 3684 hypothesin
1046 3619 1100 3683 per
1123 3600 1250 3662 alteram
1267 3595 1518 3659 observationem.

170 3688 250 3751 Tunc
274 3686 314 3749 ad
339 3697 458 3769 tempus
483 3691 590 3753 tertias
614 3691 833 3756 observationis
857 3700 998 3772 computa
1021 3691 1117 3752 locum
1132 3708 1186 3768 pro
1202 3687 1293 3749 tertia
1308 3684 1518 3748 observatione

169 3777 255 3858 idque
280 3795 320 3838 ex
341 3776 501 3858 hypothesi
524 3799 578 3861 per
601 3778 622 3844 2
645 3781 872 3844 observationes
895 3781 1026 3842 inventa.
1074 3778 1107 3841 Si
1131 3777 1222 3858 igitur
1250 3776 1382 3838 calculus
1411 3773 1518 3839 obser-

170 3867 323 3929 vationem
347 3866 497 3946 exprimit,
520 3879 675 3951 peractum
698 3880 746 3943 est
768 3870 931 3950 negotium.
979 3867 1033 3931 Sin
1057 3876 1157 3929 autem
1190 3863 1431 3928 observationem
1452 3864 1520 3927 cal·

170 3956 251 4018 culus
275 3955 434 4036 praecedit
454 3957 504 4020 vel
528 3958 673 4040 sequitur,
697 3968 768 4022 tunc
783 3958 938 4039 intelligis,
963 3957 1112 4039 aphelium
1132 3957 1210 4019 ialso
1225 3962 1405 4034 susceptum,
1429 3952 1521 4032 igitur

170 4064 218 4125 pro
243 4043 394 4125 qualitate
417 4065 562 4111 excessus
586 4048 634 4111 vel
658 4049 793 4113 deiectus
816 4050 943 4129 primam
967 4045 1206 4109 observationem
1231 4043 1325 4106 deduc
1340 4042 1379 4105 ab
1399 4040 1520 4123 aphelio

170 4143 198 4195 et
219 4151 301 4197 novo
325 4142 467 4215 suscepto
491 4134 610 4218 aphelio
633 4156 687 4218 per
709 4138 836 4220 primam
860 4147 892 4200 et
913 4136 1091 4212 secundam,
1116 4153 1224 4198 novam
1247 4131 1396 4196 constitue
1419 4132 1518 4213 hypo·

169 4222 282 4298 thesiu;
317 4221 347 4284 id
380 4224 472 4288 toties
501 4233 605 4307 repete
633 4226 727 4290 donec
757 4247 810 4308 pro
838 4226 930 4290 tertia
957 4226 1167 4289 observatione
1197 4224 1329 4286 calculus
1362 4229 1518 4300 congruat.

168 4310 296 4394 ’Asopia
320 4320 380 4387 est,
405 4320 439 4374 at
461 4333 550 4377 cuens
573 4315 692 4378 omniuo
716 4326 838 4379 coactus
861 4324 893 4378 et
916 4315 1018 4378 unicus
1042 4326 1100 4379 est.
1146 4313 1274 4396 ’Assyria
1297 4320 1345 4372 est
1374 4309 1465 4373 etiam
1489 4309 1521 4373 in

168 4401 219 4465 illa
240 4399 386 4464 methodo
409 4420 447 4464 ex
469 4399 492 4468 l
514 4404 695 4468 observatis.
751 4406 795 4467 Tu
818 4405 890 4467 mihi
913 4404 1013 4467 nescio
1037 4405 1107 4486 quid
1130 4400 1309 4483 suspicionis
1333 4401 1369 4462 de
1394 4417 1520 4460 excessu

169 4490 268 4555 circuli
292 4489 439 4553 insinuas.
485 4492 626 4557 Frustra!
659 4494 757 4559 Nimis
788 4495 978 4559 confirmatus
1006 4514 1072 4557 sum
1100 4495 1136 4556 de
1166 4492 1290 4554 inventa
1318 4508 1372 4569 per
1402 4487 1520 4568 ellipsin

171 4581 309 4644 veutate.
355 4578 492 4663 Ecquid
515 4583 666 4662 argutaris
690 4584 726 4646 de
749 4584 895 4646 excessu?
932 4581 1038 4646 Omnis
1053 4581 1167 4664 ellipsis
1185 4590 1219 4644 ut
1238 4579 1339 4643 delicit
1361 4598 1381 4639 a
1405 4577 1518 4641 circulo

170 4668 290 4752 majoris
306 4668 457 4747 diamari,
470 4670 517 4737 aio
529 4671 650 4737 excedit
667 4673 807 4739 circulum
821 4671 945 4735 minoris
964 4671 1111 4736 diametri.
1148 4669 1356 4750 Oopernicaua
1369 4669 1519 4731 excedens

170 4772 215 4827 est
235 4759 288 4823 elli
330 4759 367 4820 '.

251 4779 447 4903 rmore„
463 4846 663 4931 &wius
679 4853 832 4919 geonehica
848 4858 923 4911 suet
944 4857 970 4906 st
987 4852 1107 4907 obtuto
1124 4828 1213 4908 asoti
1228 4845 1389 4920 responderet
1405 4846 1468 4908 loco.
1486 4847 1521 4901 sd
