3368 5534
446 317 478 374 ‹lc
495 316 685 374 comeum
702 319 735 372 dc
751 327 819 372 motu
836 321 926 374 nullan
943 322 1039 376 llartla
1355 326 1418 396 128

56 504 320 576 astronomorum,
343 502 392 583 qui
414 518 490 562 uoce
513 497 640 560 media
664 507 876 577 expresserunt
900 499 1086 565 Graecorum
1110 499 1215 582 buain.
1260 505 1345 586 Ego,
1377 507 1418 570 mi

56 586 192 665 Fabrici,
219 592 246 653 si
270 591 487 677 astronomiam
506 589 543 649 de
563 605 639 648 novo
664 587 823 663 traderem,
849 590 892 652 sic
909 600 942 652 ut
965 592 1036 654 mihi
1059 611 1117 654 non
1142 603 1226 655 esset
1249 613 1323 674 opus
1337 596 1418 676 loqui

55 692 126 737 oum
150 679 297 762 antiquis,
323 688 425 742 uterer
447 678 572 739 vocibus
596 676 674 738 aliis.
721 675 861 739 Dicerem
884 698 1012 754 moram,
1038 698 1153 756 arcum,
1178 686 1333 761 angulum,
1358 687 1419 748 cir·

53 764 175 842 culum
197 788 288 832 arona
311 767 438 849 elliptici
461 785 579 838 nomeu,
603 784 705 826 morae
728 774 906 839 mensuram,
930 769 1031 832 circuli
1055 788 1167 833 areum.

147 854 326 909 Fabricius
344 858 370 908 ln
387 857 466 907 Ιῆοπίπ
483 855 507 905 d.
529 850 571 904 iil.
590 850 659 915 (2³.)
676 855 737 919 Apu.
759 849 836 903 itui.
855 857 919 906 radit
937 857 970 907 ad
986 859 1144 922 quaestione·
1161 861 1254 923 priores
1272 860 1305 909 dc
1323 862 1419 917 „cuth

52 924 229 988 Μωδ-
245 927 337 981 Ππηίι
355 928 388 979 ad
406 928 618 979 municionum
637 925 700 974 orbis
714 926 790 975 annui
803 928 1002 991 inquirendam.“
1020 929 1111 979 deindo
1124 931 1232 994 pluribus
1244 931 1321 981 ruicrt
1331 933 1419 983 dubius

54 994 86 1045 da
97 997 323 1069 *chamenun
340 998 516 1063 hotomann,
534 996 711 1048 rciractiouum
729 998 777 1045 rim
795 999 820 1047 in
837 999 899 1048 locis
918 999 1022 1050 Venaria
1041 1009 1067 1051 st
1078 998 1142 1051 Solia
1161 1003 1297 1065 achluco
1315 1003 1417 1055 dumon-

52 1072 165 1120 Μαι
191 1072 308 1137 euplus,
335 1070 519 1136 questionibus
546 1066 693 1118 omnimodis
717 1081 785 1117 more
813 1078 930 1121 comneno
955 1072 1065 1135 reputin'a
1089 1073 1124 1122 sic
1143 1072 1282 1123 concludit:
1310 1074 1375 1125 Vale
1392 1085 1420 1124 ct

52 1138 165 1193 mm·
182 1154 260 1208 quam
278 1143 402 1194 citissima.
434 1140 475 1191 De
493 1147 561 1190 ctatu
577 1138 726 1204 'luugnaqlil
744 1144 770 1188 et
782 1139 900 1190 Ericbau
919 1141 991 1192 valde
1008 1143 1126 1192 collicitus
1144 1159 1207 1194 mm.
1238 1143 1310 1195 Haec
1328 1147 1418 1210 raptim

54 1217 82 1262 Ι
99 1213 212 1277 carptim
229 1215 338 1279 wulpen,
356 1214 427 1278 plura
448 1220 477 1263 ct
494 1211 610 1262 solidiora
628 1209 659 1260 dc
677 1211 726 1259 cuis
743 1208 918 1275 hypothesibus
937 1221 963 1263 st
981 1227 1066 1264 aarum
1083 1216 1197 1265 examino
1216 1228 1232 1265 a
1250 1230 1290 1265 mu
1307 1217 1375 1267 iacto
1392 1220 1418 1266 ta

145 1355 281 1417 Ad,haco
308 1370 365 1407 cum
381 1354 505 1420 chlnruc
532 1367 582 1403 nou
607 1353 691 1401 natu
714 1353 887 1417 responderat.
915 1355 956 1405 dic
976 1354 1003 1406 i.
1022 1353 1091 1417 (ll.)
1108 1357 1177 1407 lunii
1197 1354 1273 1408 1807.
1291 1358 1419 1409 Fabricius

57 1424 128 1475 mm
147 1426 215 1478 attis
230 1426 297 1478 luunc
314 1429 342 1478 ln
359 1426 471 1476 modurn:
493 1423 709 1476 Pactumeius
727 1432 753 1473 st
771 1425 944 1476 candidissima
962 1426 1020 1485 Vlr.
1047 1429 1127 1479 arnico
1145 1428 1323 1480 colendissimo.
1360 1429 1418 1480 lam

56 1502 93 1546 tat
110 1497 147 1548 ad
164 1506 194 1549 ta
212 1499 268 1549 ulai
285 1506 339 1549 tcto
355 1503 468 1548 amunta
486 1510 553 1546 anno
570 1495 665 1550 torm.
683 1502 712 1545 ut
728 1510 844 1546 numerus
863 1497 989 1548 annuerit
1020 1496 1082 1548 Cum
1099 1501 1174 1565 iqltun
1194 1498 1254 1549 nihil
1273 1501 1415 1564 reciperem,

55 1570 128 1634 mpl
142 1568 239 1620 mum
258 1569 399 1634 iccpcnre,
416 1583 466 1619 nou
478 1568 577 1633 quidem
594 1566 625 1616 dc
643 1573 688 1615 tua
700 1569 782 1617 amica
793 1568 973 1627 benevolentia,
989 1569 1035 1620 scel
1046 1570 1079 1620 de
1090 1571 1281 1622 amoeniam
1293 1584 1416 1636 prospera·

56 1637 136 1690 Venit
153 1655 224 1691 nunc
242 1641 275 1692 ai
292 1656 333 1692 uua
354 1640 387 1691 D.
402 1639 580 1695 cucullarium
599 1639 735 1688 communis
752 1638 888 1689 studiorum
905 1647 1042 1693 numerum
1060 1649 1186 1706 patronus.
1212 1651 1239 1692 ct
1256 1643 1375 1697 uuudat.
1393 1645 1419 1693 at

57 1711 115 1775 qaid
132 1710 246 1777 hagam
264 1713 370 1764 socom
389 1711 469 1765 celim
487 1723 609 1775 pararem.
647 1707 730 1769 Quare
747 1725 788 1760 mc
807 1710 887 1761 ‹lcuuo
906 1713 1010 1778 accingo
1029 1712 1061 1763 ad
1079 1713 1222 1764 contendas
1239 1713 1325 1763 lituras
1343 1713 1417 1780 idque

55 1782 219 1833 nummum
237 1785 310 1847 stylo.
329 1798 362 1834 uc
379 1795 449 1833 mora
466 1781 499 1831 D.
514 1780 669 1831 Cancellario
686 1795 730 1844 por
747 1796 787 1830 me
805 1783 938 1844 injiciatur.
957 1807 993 1819 -
1013 1783 1071 1835 Jam
1089 1786 1205 1836 immixtis
1223 1784 1368 1850 quibusdam
1386 1785 1418 1836 da

56 1853 159 1919 Kaplcri
177 1854 241 1905 libro
260 1854 291 1905 dc
309 1855 383 1905 stella
400 1867 463 1903 nora
481 1849 513 1913 (r.
533 1852 589 1901 Vol.
609 1850 642 1901 11.
661 1865 685 1915 p.
705 1847 778 1914 602.)
796 1853 833 1902 eie
850 1855 943 1919 pergit:

143 1924 220 1992 nego
237 1933 268 1976 ut
285 1926 318 1977 ai
336 1940 421 1976 mcc
444 1938 515 1974 meaa
539 1924 623 1974 literas
648 1922 751 1973 undam
769 1924 902 1989 aliquando
919 1926 995 1989 plane
1012 1926 1179 1991 respondens,
1207 1927 1340 1992 praecipua
1358 1943 1415 1979 raro

55 2010 97 2061 p«
114 1998 259 2061 camptu
275 1999 327 2048 alca
344 2012 428 2047 cm
445 1996 497 2046 sivo
514 1995 599 2045 fiotum
617 1994 655 2045 ccl
674 2002 809 2044 assumtum
828 1996 957 2054 mundas,
984 1999 1105 2063 quomodo
1130 2014 1175 2063 por
1201 2007 1251 2048 usa
1276 1999 1416 2063 parallaraa

55 2068 128 2119 latu
147 2069 228 2119 annui
243 2069 310 2119 ortis
327 2070 454 2134 quacum
482 2074 509 2116 et
535 2061 708 2116 ecccuiricitac
735 2068 879 2131 inquiratur.
917 2068 1083 2134 Paracripalsti
1110 2071 1170 2120 mihi
1197 2076 1257 2120 anta
1283 2071 1416 2121 triennium

55 2141 188 2198 aba.
207 2154 292 2191 rm
310 2139 442 2190 modum
469 2139 572 2188 obscura
591 2143 617 2186 ct
634 2136 756 2187 intricata.
795 2138 848 2203 Ego
876 2154 942 2189 nunc
969 2155 1013 2204 per
1038 2140 1144 2191 hiemem
1172 2148 1241 2191 tuam
1267 2141 1416 2206 hyponam

55 2208 144 2263 huus
161 2212 311 2263 namium
329 2212 405 2261 ciam
422 2211 518 2260 tautam
535 2208 603 2257 illum
620 2215 725 2272 partam,
744 2208 789 2260 aad
801 2223 851 2258 nou
868 2213 996 2261 succesit
1025 2211 1134 2262 Causam
1146 2214 1210 2262 sana
1222 2226 1273 2262 nou
1284 2214 1354 2276 potui
1366 2210 1413 2265 lc.

144 2280 227 2348 Cupio
243 2283 317 2343 adra,
335 2296 379 2332 cur
396 2281 513 2331 dimidiae
531 2281 723 2330 ccoentrioitatis
741 2279 766 2340 ὀ
785 2295 875 2330 aecana
892 2297 935 2344 pcc
952 2282 1039 2332 lunula
1056 2284 1194 2348 acciplamc
1205 2284 1244 2333 ccl
1255 2298 1299 2347 pro
1311 2284 1413 2335 deiectu

54 2355 110 2405 riu
128 2352 167 2415 d.
186 2345 514 2416 munierantmiuosl
551 2349 578 2401 Si
596 2352 747 2401 consumam
765 2365 867 2402 camum
894 2353 981 2411 datis.
1009 2355 1089 2405 multa
1114 2355 1192 2405 dubia
1217 2354 1276 2404 uu'hl
1305 2354 1412 2406 culm

57 2422 85 2475 nt
101 2426 130 2475 iu
155 2425 174 2487 t
200 2432 228 2476 ct
250 2424 274 2487 ll
299 2425 388 2476 udan
412 2425 476 2474 ratio
501 2421 679 2488 magnitudino
702 2425 812 2473 memus
830 2439 874 2487 pro
892 2427 1085 2476 scceutricitatis
1109 2425 1226 2477 dimidiae
1251 2427 1413 2490 pnopoctloua.

54 2510 161 2548 accam
180 2504 222 2548 cst
238 2499 293 2560 ctu
309 2498 346 2547 rai
363 2510 518 2546 communem
537 2509 592 2545 cccc
610 2493 718 2558 aliquam
736 2507 847 2544 causam.
880 2496 953 2546 Fortu
968 2496 1152 2548 semidiamcter
1164 2497 1248 2547 circuli
1267 2512 1298 2548 cn
1315 2499 1415 2562 propriu

53 2576 141 2621 utro
158 2574 188 2619 ct
206 2583 236 2618 aa
255 2566 518 2629 antemuranum
541 2566 607 2616 enim
631 2563 777 2628 hypothesin
795 2569 957 2618 accommodo
968 2566 1070 2631 omnia)
1090 2568 1122 2618 ad
1141 2569 1259 2618 nummu
1276 2569 1412 2633 productus

53 2639 210 2704 pnllclltan
226 2639 289 2690 iacit
305 2637 374 2689 lllarn
390 2645 471 2689 motus
489 2635 668 2691 diffemutiarn:
688 2645 717 2686 at
734 2642 819 2686 tarucu
837 2639 957 2703 quomodo
975 2640 1021 2691 liat
1038 2655 1087 2689 ucu
1105 2639 1176 2690 uaso
1195 2637 1241 2690 &a

146 2708 260 2761 Maxima
277 2723 372 2776 quoquc
390 2709 552 2774 inprimitus
571 2708 720 2758 mentionem
738 2707 795 2768 leci,
813 2716 842 2758 nt
859 2712 992 2775 cogitatu.
1011 2725 1055 2761 cnr
1072 2726 1103 2761 cn
1123 2709 1139 2760 3
1158 2709 1313 2774 acnonycluiic
1330 2711 1413 2761 obsco

53 2782 198 2833 emnium
216 2796 300 2833 carun
318 2780 442 2846 aphelirm
460 2786 487 2829 ot
503 2793 563 2831 vcra
581 2779 753 2830 ccccutrioitas
771 2794 821 2829 uou
839 2780 928 2831 detur?
964 2781 1073 2833 Causam
1096 2797 1142 2848 eqo
1167 2783 1264 2832 inrcuio
1291 2782 1370 2832 latona
1386 2783 1413 2833 ln

56 2853 96 2903 1⁸¹
115 2853 168 2907 iliis
187 2853 289 2904 lunulae
308 2850 350 2913 ἀς
368 2853 390 2902 ci
408 2853 473 2902 euim
491 2851 534 2900 illa
551 2865 595 2915 pro
614 2848 771 2910 distantia&
786 2852 817 2900 ab
831 2851 927 2915 aphslio
940 2853 1022 2903 debito
1041 2854 1185 2904 auferantur
1203 2854 1236 2904 ab
1254 2867 1315 2904 arcu
1331 2853 1412 2904 medlo

53 2924 197 2976 tabularum
210 2925 307 2975 duabus
320 2923 530 2973 obsenau'ouibus
541 2923 686 2985 intercepto,
704 2920 743 2971 vel
757 2921 778 2971 ci
792 2922 923 2979 addantur.
942 2931 1003 2975 tunc
1016 2924 1089 2975 riatur
1101 2923 1223 2989 aphaltum
1237 2938 1320 2975 aarum
1333 2932 1359 2974 ct
1377 2924 1413 2975 illl

53 3010 153 3061 ocupa
169 3008 285 3046 noman
301 3006 361 3045 rara
377 2994 559 3045 ccccntricitas.
591 2990 617 3042 Si
634 2994 699 3042 enirn
711 2993 737 3042 iu
747 2992 797 3042 hac
808 2996 878 3057 praui
890 3010 966 3046 unum
977 2997 1062 3054 scitur.
1081 3002 1141 3046 tuuc
1154 3003 1181 3046 ct
1193 2995 1297 3046 altarum
1308 2997 1408 3048 adama

145 3067 202 3133 Ego
224 3073 293 3131 puto.
311 3080 353 3115 mn
370 3065 447 3115 talant
468 3065 615 3129 hypothesin
633 3063 659 3125 ό
679 3065 833 3129 excogitatae
851 3064 1035 3126 (desiderantur
1058 3067 1149 3117 mom
1165 3067 1289 3132 quaedam
1315 3067 1412 3131 planiam

54 3137 225 3189 ammonia
241 3152 287 3203 pnr
304 3134 320 3186 3
339 3137 477 3207 paraliam
496 3137 530 3187 ad
547 3151 623 3185 unum
641 3131 748 3195 locum),
767 3150 832 3200 quac
856 3151 904 3187 aua
924 3138 1045 3189 facilitate
1070 3139 1131 3188 nulli
1158 3140 1192 3189 cit
1209 3152 1318 3190 cosma.
1354 3137 1411 3189 Sal·

54 3218 127 3261 maur
145 3209 248 3277 quidem
266 3207 376 3259 calculus
394 3223 438 3272 per
456 3216 533 3265 tuam,
553 3213 581 3256 at
598 3206 732 3271 implicatio
749 3213 775 3256 ct
788 3208 924 3259 obscuritna
936 3217 962 3260 et
973 3209 1105 3261 difficultas
1116 3211 1225 3273 ipsarum
1236 3209 1410 3275 hypothesium

52 3290 154 3332 nuum
173 3279 242 3330 clara
260 3276 301 3341 (ut
317 3292 381 3343 paca
398 3288 443 3329 tua
460 3279 543 3329 dicam
565 3283 591 3328 ct
614 3292 659 3327 auo
682 3282 791 3342 tompore
818 3278 913 3343 plenius
939 3278 1044 3343 ridebis)
1072 3280 1193 3339 ostendit,
1220 3280 1276 3330 illu
1303 3281 1412 3331 noudum

53 3355 179 3419 pontons
199 3365 261 3402 aare.
299 3350 367 3400 lichit
384 3352 409 3400 in
428 3365 485 3401 mua
503 3363 568 3399 nova
584 3348 714 3413 hypothsci
740 3349 906 3407 desiderabis.
935 3365 1009 3417 quam
1036 3352 1101 3417 quod
1127 3354 1227 3402 unicam
1254 3352 1411 3403 libramen

58 3424 203 3474 ιὰώοήιπ
219 3437 294 3487 cuper
312 3429 397 3473 mutuo
416 3418 458 3482 Θ.
476 3427 582 3471 nututs
600 3420 648 3471 huc
665 3421 724 3471 illuc
743 3420 832 3485 aphelii
851 3422 918 3473 linea
934 3439 979 3488 pcr
996 3424 1110 3474 mobilem
1128 3422 1154 3484 ό·
1172 3425 1338 3474 aocmtricuuu
1355 3439 1409 3489 pcr-

55 3495 150 3553 mccc.
175 3502 206 3544 ut
232 3494 314 3545 altera
340 3506 398 3558 pars
416 3493 570 3558 aequatioula
588 3493 761 3557 complurima>
783 3491 945 3559 &spondent
965 3501 1051 3546 tamsn
1068 3497 1153 3546 omnia
1170 3494 1203 3545 ad
1221 3497 1337 3545 nmmum
1355 3509 1412 3546 cun

58 3568 140 3631 pruna
157 3565 291 3630 hypothesi
308 3575 362 3614 tua

145 3637 330 3718 Keplerus
345 3645 372 3695 iu
384 3643 461 3695 itam
475 3645 578 3717 inceptis
594 3657 708 3709 pergens,
727 3643 865 3708 rsepondit:
883 3635 940 3698 His
953 3637 1099 3718 paulatim
1114 3636 1292 3718 conscriptis
1307 3655 1415 3719 super·

56 3734 205 3791 uenerunt
228 3724 308 3788 aliae
331 3733 403 3787 tuae
417 3725 574 3807 epistolae,
594 3726 675 3806 prior
692 3723 720 3786 i.
734 3724 827 3798 Junii,
843 3725 941 3787 altera
958 3723 1008 3790 13.
1024 3726 1140 3808 Aprilis
1157 3726 1230 3789 data
1248 3725 1416 3790 etiuolusn

57 3817 154 3881 literis
168 3814 355 3878 Ritterbuaii
369 3820 402 3886 (Ι,
413 3839 438 3888 p.
453 3819 527 3885 tu).
560 3814 643 3877 Petis
663 3833 739 3894 quae
754 3833 860 3894 supra3
883 3834 943 3876 uon
960 3825 1052 3879 vacat
1066 3834 1173 3879 novum
1190 3813 1290 3878 subire
1305 3834 1415 3898 operae

58 3907 189 3980 tionem,
213 3903 302 3965 mitto
326 3904 508 3985 descriptum
534 3923 571 3964 eu
594 3902 836 3967 Oommentariis.
885 3902 1026 3967 Serantis
1050 3905 1178 3968 cilicium
1202 3905 1230 3968 iu
1260 3906 1416 3987 argaeum

57 3994 219 4059 latitudine
242 3993 362 4056 lunulae
384 3993 479 4055 habes
503 4011 611 4074 supra,
636 4001 690 4055 tua
712 3991 803 4072 igitur
826 4012 935 4067 causa,
959 3994 1116 4075 ingeniosa
1139 3993 1258 4075 quidem
1280 3995 1413 4066 iuventa.

57 4096 89 4148 at
110 4104 168 4167 per
190 4102 224 4146 ae
248 4081 327 4144 falsa
352 4089 410 4144 est.
456 4082 539 4146 Tuus
563 4081 747 4144 eccentricus
770 4082 888 4144 mobilis
911 4084 1001 4162 plane
1024 4083 1205 4147 contrarium
1229 4082 1304 4146 iacit
1329 4103 1414 4148 meae

57 4173 197 4258 ellipsin
220 4188 307 4234 move
329 4171 414 4234 illurn
436 4171 466 4233 iu
482 4171 665 4234 contrarium
680 4178 712 4232 et
734 4171 851 4234 creabis
874 4172 1040 4252 perlectam
1057 4173 1184 4254 ellipsin,
1208 4181 1243 4236 ut
1266 4191 1322 4253 ego
1336 4192 1414 4255 quo·

58 4283 114 4347 qua
137 4261 226 4339 initio
256 4259 361 4323 harum
395 4258 547 4323 literarum
575 4279 629 4341 per
659 4261 750 4322 aliam
773 4261 1037 4342 aequipollentiam
1069 4263 1170 4324 creavi
1194 4262 1323 4343 ellipsin.
1368 4264 1414 4326 At

56 4362 144 4429 uota,
175 4357 210 4413 ut
233 4349 285 4411 illc
303 4356 374 4412 tuus
398 4349 568 4413 libratorius
592 4349 729 4412 circellus
760 4350 943 4430 respondeat
965 4351 1132 4414 anomaliae
1156 4352 1302 4425 accentui,
1334 4370 1412 4432 quae

56 4442 165 4507 celeria
188 4446 238 4502 cst
260 4437 292 4500 iu
314 4436 469 4519 perihelio,
494 4437 582 4502 tarda
604 4439 633 4499 iu
658 4438 787 4520 aphelio,
809 4471 851 4482 —
867 4457 936 4502 ecce
961 4440 1166 4523 quaestionem
1189 4460 1247 4503 non
1270 4439 1410 4517 solutam,

57 4532 113 4596 scd
133 4528 331 4595 nudatam.
377 4526 422 4590 'liu
444 4546 515 4591 vero
539 4528 709 4604 exclamas,
740 4528 891 4591 iuvenisse
915 4537 947 4591 te
970 4549 1093 4593 causam
1116 4531 1169 4607 rei,
1193 4548 1245 4592 cur
1268 4546 1411 4593 sucosam

58 4620 193 4686 manus
214 4614 343 4682 definiat
363 4615 553 4680 latitudinem
576 4618 705 4693 lunulae,
729 4617 867 4680 nimirum
891 4620 961 4701 quia
984 4620 1170 4683 ecceutricus
1192 4626 1348 4682 moveatur
1371 4618 1412 4685 ad

56 4711 138 4776 latua
159 4709 192 4775 iu
214 4705 365 4771 diametro
388 4705 510 4784 cimelii,
533 4706 619 4789 cujus
642 4705 865 4770 semidiameter
887 4708 929 4772 sit
945 4708 1081 4792 aequalis
1105 4707 1241 4772 excessui
1265 4706 1409 4774 seomtin

57 4798 132 4866 Ota
153 4794 285 4865 ridicule
309 4794 488 4877 deceptum!
512 4793 676 4870 Quaeritur
698 4796 777 4860 euim
800 4796 908 4876 adhuc,
928 4817 1004 4883 quae
1027 4796 1069 4859 sit
1091 4816 1185 4863 causa
1207 4803 1306 4862 motus
1328 4798 1410 4864 illius

57 4891 99 4957 sd
119 4890 213 4968 latua,
236 4884 273 4950 iu
286 4890 338 4950 cst
358 4885 511 4968 quaeritur
532 4904 627 4951 causa
639 4883 821 4969 quantitatis
842 4884 924 4953 illius
949 4893 1057 4963 motus,
1081 4904 1134 4954 cur
1155 4886 1293 4971 praeclue
1306 4886 1410 4955 raum
