3368 5534
162 318 227 393 tlt
637 313 1030 382 pentametrum

163 505 225 569 aiut
245 513 309 568 tres
329 508 437 570 stellae
458 507 488 569 in
510 507 605 571 forma
617 500 768 587 trianguli,
791 508 877 570 Mars
892 515 1046 587 spectatur
1066 507 1107 570 sit
1124 506 1154 569 in
1170 507 1393 582 modioeerunr,
1417 518 1451 571 et
1468 506 1508 573 rio

162 597 327 679 opporttno
339 599 445 679 suerit
466 596 588 660 boreali
602 597 709 680 fronti
731 595 848 677 Soorpii
858 614 868 671 ;
891 597 990 658 fautus
1009 595 1145 658 nimirum
1160 597 1251 658 fuerit
1263 616 1324 659 nna
1336 615 1376 658 ex
1389 616 1508 661 numero

162 704 273 759 eurum,
298 704 374 766 qnae
397 687 518 748 suntin
542 685 655 747 boreali
678 694 765 764 parte
789 686 898 748 frontis
922 684 1046 767 Scorpii.
1087 685 1136 748 Ad
1160 685 1238 748 hano
1261 686 1340 747 enim
1358 685 1508 768 interpre-

161 774 307 837 tationem
330 774 457 838 incitet
480 773 546 850 hoo,
571 774 649 856 quod
673 793 729 835 non
754 775 831 836 dixit
849 774 1025 837 observator
1042 771 1163 838 boreali
1178 775 1303 858 frontis
1320 773 1508 840 redomuit

155 865 273 947 fronti,
298 864 376 944 qnod
399 882 458 926 non
481 872 571 927 sonat
595 864 633 925 do
655 883 715 925 una
737 864 881 944 singulari
905 864 1004 939 stella,
1029 864 1083 927 ned
1106 863 1143 925 de
1165 872 1252 944 parte
1267 864 1508 929 consultationi:

162 953 306 1033 integrae.

250 1040 334 1104 Nihil
362 1041 454 1121 igitur
473 1041 583 1121 juvant
605 1059 661 1103 noa
683 1041 741 1103 hae
765 1042 842 1103 duae
866 1042 1005 1122 antiquae
1029 1041 1255 1104 observationes
1279 1042 1319 1104 ed
1343 1042 1508 1107 neutum

46 1133 49 1138 ’
163 1131 232 1193 dam
265 1132 314 1192 vel
343 1130 530 1192 latitudinem
554 1130 602 1190 vel
626 1130 740 1192 orbium
763 1131 986 1211 proportionem
1008 1129 1089 1193 illius
1111 1131 1267 1212 temporis.
1313 1131 1423 1213 Itaque
1446 1151 1508 1195 eum

164 1219 240 1282 nihil
263 1239 319 1283 noa
342 1219 506 1300 impediant
529 1219 756 1282 observationes
780 1219 957 1296 contrariae,
981 1220 1135 1282 confirmet
1152 1238 1224 1282 vero
1247 1239 1303 1282 noe
1327 1240 1443 1283 summa
1467 1221 1508 1283 rei

164 1307 411 1383 verisimilitudo,
444 1308 670 1381 concludamus,
703 1309 828 1370 eandem
862 1328 929 1371 esre
962 1317 994 1371 et
1022 1308 1111 1371 hodie
1138 1309 1362 1390 proportionem
1386 1310 1507 1379 orbium.

165 1417 242 1480 quae
266 1398 324 1462 luit
347 1398 429 1474 olim,
452 1397 628 1460 latitudines
651 1415 722 1461 vero
745 1399 891 1463 maximae
921 1397 1053 1461 nonnihil
1076 1396 1165 1461 hodie
1187 1417 1257 1468 esso
1278 1399 1466 1463 immutatae.
