3368 5534
283 321 349 396 ¹135
775 328 889 398 spuere
906 329 938 383 re
955 324 1018 382 seru
1036 329 1142 399 nonme
1172 326 1177 339 ’

283 516 475 590 comparata,
508 515 543 573 nt
563 506 669 585 vohis,
699 506 757 571 viri
785 506 885 583 docti,
913 506 1127 590 interpretssrns
1151 527 1246 587 genus
1268 509 1428 573 humanum
1452 510 1507 574 illa
1531 510 1639 574 docere

281 597 395 679 possit,
425 619 501 679 qnae
527 595 617 661 hodie
642 605 824 679 qnaemntnr
846 596 884 658 ab
908 598 1100 660 astronomia.
1146 598 1280 663 Primum
1304 600 1361 662 init
1383 600 1519 663 meridiei
1543 599 1641 663 vicina

284 685 406 751 Galliae
433 687 614 769 praesertim
641 694 673 749 et
699 686 886 767 Hispaniae3
919 686 1027 748 deinde
1060 705 1171 767 magna
1202 690 1260 750 fuit
1289 697 1321 751 et
1349 690 1437 752 nobis
1467 691 1641 753 inferiorem

283 774 366 840 Solis
389 785 507 857 partem
530 776 627 849 texit,
657 783 691 837 nt
713 775 900 863 impossibile
924 775 983 850 sit,
1012 776 1090 857 qnod
1119 777 1164 838 his
1191 778 1322 858 pagellis
1345 779 1544 851 demonstro,
1572 779 1642 860 quin

284 863 395 927 alicubi
419 866 448 927 in
473 864 578 927 Gallia
601 865 647 926 vel
671 864 834 945 Hispania,
857 863 908 925 ubi
931 884 1010 943 pax,
1034 863 1083 926 nbi
1107 868 1300 939 commercia,
1322 867 1374 929 nbi
1399 867 1642 932 Christiannmm

284 954 428 1034 imperia,
459 973 518 1033 qna
546 954 649 1025 facilis,
667 953 754 1015 vobis
781 954 825 1015 rei
854 953 1068 1034 investigatio,
1084 964 1269 1018 'centrnrnm
1291 957 1359 1018 visa
1382 957 1422 1018 sit
1448 956 1641 1038 conjunctio;

284 1042 411 1124 denique
435 1043 522 1105 Lnna
545 1043 602 1105 fnit
624 1043 691 1105 loco
714 1043 817 1106 Terris
838 1061 916 1122 pene
939 1043 1085 1123 proximo,
1109 1044 1158 1105 uhi
1183 1045 1295 1124 majore
1319 1046 1430 1125 angulo
1454 1047 1600 1109 cernitur.

372 1132 456 1194 Haec
480 1152 546 1196 cnm
570 1133 615 1194 ita
637 1133 778 1206 habeant,
803 1132 939 1213 equidem
963 1139 1035 1213 opto
1059 1132 1195 1196 mihimet
1216 1141 1400 1215 potestatem
1425 1156 1508 1211 esse,
1533 1136 1593 1198 iter
1614 1135 1640 1197 in

283 1222 339 1284 illa
361 1221 429 1283 loca
451 1221 636 1303 suscipiendi
658 1222 831 1304 passimque
854 1240 958 1283 omnes
980 1224 1177 1301 percontandi
1201 1244 1318 1299 coram,
1342 1232 1433 1306 atque
1457 1227 1505 1288 ita
1529 1224 1560 1286 in
1583 1245 1640 1286 rem

283 1318 474 1393 praesentem
497 1311 647 1373 veniendi.
695 1309 764 1382 Qua
792 1317 947 1391 potestate
979 1311 1048 1393 qnia
1075 1331 1182 1387 careo,
1215 1332 1269 1374 vos
1302 1331 1357 1393 ego
1383 1316 1451 1394 jam
1482 1314 1544 1376 viri
1566 1314 1639 1376 docti

283 1420 339 1483 per
360 1401 437 1462 haec
460 1401 627 1481 stupendae
651 1399 769 1461 divinae
793 1399 960 1480 sapientiae
984 1419 1086 1480 opera,
1109 1402 1289 1481 perfidem,
1319 1422 1378 1483 qna
1401 1401 1549 1466 Creatori
1571 1403 1639 1465 estis

260 1489 423 1569 obligati,
446 1509 502 1570 per
524 1508 655 1551 amorem
678 1489 878 1570 posteritatis,
902 1508 956 1567 per
979 1498 1098 1552 vestras
1122 1489 1257 1562 delicias,
1281 1511 1356 1572 quas
1379 1492 1469 1554 vobis
1493 1493 1554 1554 viri
1575 1492 1639 1573 phi·

284 1578 402 1659 losephi
424 1578 490 1658 jam
513 1579 585 1640 olim
608 1598 666 1640 non
690 1578 820 1640 absimili
845 1579 945 1639 studio
970 1588 1059 1660 atque
1083 1599 1156 1641 cura
1177 1600 1335 1660 peperere,
1359 1600 1415 1643 vos
1440 1582 1566 1662 inquam
1588 1581 1637 1642 ob-

285 1687 371 1730 secro
396 1677 485 1748 atque
510 1667 656 1741 obtestor,
680 1668 724 1728 uti
749 1667 824 1728 hanc
846 1667 1030 1731 levissimam
1045 1687 1168 1748 operam
1186 1669 1325 1745 lubentes
1340 1670 1484 1732 volentes
1508 1671 1636 1743 sumatis,

284 1764 316 1820 et
339 1776 415 1838 qnae
440 1756 566 1839 quisque
589 1756 674 1830 vidit,
700 1776 776 1838 qnae
801 1758 945 1819 memoria
968 1759 1140 1838 complexus
1164 1767 1221 1833 est,
1246 1778 1321 1839 quae
1345 1781 1365 1820 a
1387 1759 1512 1834 vicinis,
1537 1760 1637 1830 doctis,

283 1845 434 1921 indoctis,
462 1847 552 1908 modo
575 1846 633 1907 fide
656 1845 756 1926 dignis
780 1846 908 1921 audivit,
938 1846 997 1908 imo
1027 1866 1102 1928 qnae
1126 1846 1164 1908 ab
1189 1848 1294 1909 iisdem
1318 1848 1465 1928 singulari
1492 1849 1591 1911 studio
1611 1858 1637 1908 et

285 1934 390 1997 dedita
411 1954 504 2016 opera
527 1935 684 2015 explorare
709 1936 871 1998 etiamnum
894 1936 1016 2015 poterit,
1040 1955 1078 2000 ea
1096 1937 1180 1999 brevi
1199 1937 1338 2018 epistolio
1358 1938 1554 2018 consignata,
1577 1938 1636 1999 dum

269 2028 391 2087 'recens
415 2034 463 2088 est
485 2025 645 2094 memoria,
677 2025 841 2087 veredariis
866 2025 1052 2100 committat,
1081 2025 1212 2106 Pragam
1235 2027 1439 2088 Bohemomm
1462 2029 1504 2089 ad
1528 2029 1637 2106 Regum

285 2121 318 2175 et
339 2112 511 2195 Principum
524 2122 702 2176 ·vestromm
733 2116 851 2194 legatos
881 2122 913 2175 et
944 2123 1175 2195 procuratores,
1207 2123 1260 2177 aut
1289 2117 1315 2177 si
1338 2116 1487 2178 mavultis
1511 2119 1636 2179 Franco-

286 2202 398 2265 lurtum
422 2203 461 2265 ad
485 2202 643 2266 Claudium
666 2202 817 2267 Marninm
840 2203 967 2285 indeque
991 2205 1100 2266 adme
1124 2207 1370 2285 transportanda.

374 2291 455 2356 Sunt
476 2300 579 2356 autem
602 2293 705 2373 capita
727 2293 931 2374 quaesitorum
953 2294 1023 2356 ista.
1059 2291 1176 2364 Quibus
1200 2294 1275 2356 locis
1299 2296 1401 2374 aliqua
1419 2295 1456 2356 de
1474 2292 1550 2356 Sole
1573 2311 1638 2373 par·

285 2380 381 2446 ticnla
403 2383 432 2444 in
457 2402 593 2464 supremo
618 2382 701 2445 Solis
728 2383 882 2463 margine,
915 2402 982 2444 cnm
1010 2390 1093 2444 esset
1120 2383 1244 2462 eclipsis
1271 2384 1420 2458 medinm,
1452 2383 1636 2463 superfuerit,

287 2471 395 2554 quibus
417 2471 550 2535 vicissim
580 2472 681 2553 aliqua
708 2472 739 2535 in
768 2473 828 2534 imo
860 2472 1015 2552 margine;
1048 2479 1079 2534 et
1110 2472 1217 2554 quibus
1250 2472 1323 2535 locis
1355 2480 1440 2534 totus
1468 2472 1527 2536 Sol
1557 2472 1638 2533 luerit

286 2567 407 2637 tectns3
441 2570 504 2623 tum
527 2581 603 2643 qnae
626 2561 720 2623 facies
752 2561 829 2637 diei,
862 2570 993 2640 quantae
1022 2562 1184 2637 tenebrae,
1213 2581 1288 2643 quae
1317 2563 1437 2642 species
1460 2562 1543 2625 atris
1566 2563 1638 2623 circa

287 2649 389 2715 Solem
414 2650 604 2725 circumfusi,
634 2671 673 2713 an
696 2651 813 2731 integer
835 2650 963 2713 circulus
987 2650 1103 2713 lucidus
1127 2651 1208 2713 circa
1230 2652 1365 2727 Lunam,
1396 2651 1484 2733 isque
1509 2652 1556 2713 rel
1581 2661 1637 2712 ter-

286 2739 418 2803 minatus
442 2741 521 2802 intra
544 2749 575 2801 et
604 2748 709 2817 extra,
740 2741 790 2802 vel
812 2741 946 2802 exterius
970 2741 1113 2802 evanidus
1137 2741 1252 2803 incerto
1275 2743 1351 2815 hne;
1385 2742 1436 2822 qni
1460 2741 1567 2804 Lunae
1590 2741 1637 2802 snb

287 2829 360 2894 Sole
389 2837 472 2891 tecto
500 2830 696 2892 consistentis
723 2831 825 2904 color;
860 2849 935 2910 quae
971 2831 1078 2891 stellae
1111 2830 1216 2904 visae;
1252 2837 1284 2891 et
1315 2850 1391 2911 qnae
1426 2831 1535 2911 cuique
1568 2830 1637 2892 ultro

286 2926 409 3000 praeter
436 2919 528 2980 istam
559 2919 793 2981 admonitionem
827 2927 993 2981 occurrent.
1040 2918 1132 2982 Nulla
1162 2920 1237 2981 adeo
1267 2920 1412 2999 despecta
1441 2931 1473 2980 et
1498 2920 1569 2981 vilis
1591 2921 1640 2980 erit

288 3007 433 3084 narratio,
458 3009 616 3071 dummodo
632 3008 692 3070 fida
712 3017 743 3069 et
759 3008 898 3082 candida,
922 3027 1011 3088 quam
1036 3028 1090 3087 ego
1114 3027 1173 3070 non
1198 3008 1312 3088 ingenti
1336 3009 1508 3087 gratiarnm
1531 3009 1638 3071 actione

288 3116 354 3160 sum
377 3105 582 3176 suscepturus.
628 3098 674 3159 De
699 3097 773 3178 ipsis
798 3098 890 3161 etiam
913 3097 1040 3159 nubibus
1063 3099 1180 3159 discere
1204 3098 1308 3176 cupio,
1339 3117 1397 3158 non
1424 3099 1507 3178 qnod
1531 3100 1588 3159 hae
1609 3098 1641 3157 ad

287 3205 351 3249 rem
374 3186 498 3262 faciant,
524 3188 579 3248 sed
601 3196 636 3249 nt
658 3186 689 3248 in
712 3207 759 3249 me
784 3186 865 3249 sitim
889 3187 964 3248 hanc
988 3187 1155 3267 inquirendi
1179 3187 1388 3266 exstinguant,
1414 3189 1441 3249 si
1467 3186 1639 3258 constiterit,

288 3284 482 3356 conspectum
506 3275 589 3338 Solis
613 3276 724 3338 alicubi
748 3293 801 3356 per
824 3276 879 3337 has
904 3284 1048 3356 ereptum.

378 3364 412 3428 Si
435 3365 484 3446 qni
508 3374 579 3428 sunt
602 3365 806 3428 mathematici
831 3382 868 3426 ex
891 3367 1028 3445 professo
1054 3367 1138 3438 (nam
1157 3364 1301 3426 hactenns
1325 3364 1508 3446 alloquebar
1531 3366 1640 3427 unirer·

289 3454 373 3529 sos),
404 3454 453 3536 qui
479 3455 562 3517 coelo
586 3474 692 3518 sereno
716 3456 762 3516 usi
786 3474 853 3517 sese
878 3455 915 3516 ad
940 3455 1026 3534 hujus
1051 3454 1173 3532 deliquii
1197 3454 1438 3517 observationem
1462 3475 1501 3516 eo
1526 3455 1640 3519 artificio

289 3551 509 3625 compararunt,
535 3546 611 3626 quod
636 3552 706 3606 ante
731 3565 840 3608 annum
864 3544 939 3625 ipsis
964 3545 993 3605 in
1020 3541 1140 3622 Opticis
1166 3543 1255 3604 editis
1279 3544 1442 3623 descripsi,
1469 3546 1642 3608 adhortatus

289 3641 406 3697 mature
431 3653 533 3695 omnes
557 3635 597 3695 ad
620 3634 794 3714 diligentem
815 3634 905 3713 hujus
924 3633 1062 3694 defectus
1082 3630 1332 3714 observationem,
1357 3631 1403 3695 illi
1427 3634 1570 3714 quamvis
1592 3653 1640 3695 non

290 3742 326 3785 eo
349 3723 379 3785 in
403 3730 503 3786 tractu
526 3725 650 3800 versati,
675 3725 724 3804 qni
748 3733 843 3786 totum
868 3723 970 3786 Solem
994 3730 1106 3783 tectum
1130 3722 1223 3794 vidit,
1247 3721 1440 3783 nihilominus
1465 3725 1505 3785 de
1530 3724 1638 3806 quanti·

274 3821 356 3876 -tate
380 3812 519 3876 diametri
542 3813 646 3875 Lunae
672 3813 824 3893 ipsiusque
856 3814 993 3874 delectus
1021 3812 1070 3872 vel
1095 3831 1141 3873 me
1165 3810 1307 3890 privatim
1330 3811 1377 3871 vel
1402 3813 1526 3890 publice
1550 3832 1638 3875 omnes

290 3903 477 3977 edocebunt,
512 3902 617 3984 quibus
645 3903 778 3967 vicissim
807 3922 862 3983 ego
892 3903 948 3964 hoc
977 3901 1151 3982 qnantnlnm
1175 3908 1224 3962 est
1246 3920 1379 3962 mearum
1403 3901 1637 3964 observationum

173 4054 178 4063 ,
289 3992 374 4056 hisce
398 3990 525 4071 pagellis
549 3993 744 4067 communico,
767 4001 801 4054 ut
823 3993 956 4066 videant,
981 3998 1095 4071 quanta
1112 4010 1159 4052 me
1177 3989 1272 4051 nubes
1296 3991 1526 4069 opportunitate
1550 3993 1638 4072 pn'ra·

291 4082 406 4155 verint,
437 4101 567 4161 suasque
595 4083 751 4144 liberiores
776 4091 860 4144 tanto
884 4081 1026 4143 libentius
1050 4081 1079 4141 in
1105 4079 1378 4157 compensationem
1402 4081 1463 4142 mei
1489 4082 1588 4143 damni
1609 4078 1641 4138 ad

293 4188 340 4232 me
364 4171 584 4232 transmittant.
632 4170 748 4243 Quibus
772 4171 890 4252 quidem
914 4170 1104 4250 Hipparchus
1132 4188 1231 4243 mens,
1266 4169 1315 4249 qni
1342 4169 1406 4248 jam
1434 4170 1468 4232 in
1497 4171 1640 4251 procinctu

294 4267 360 4334 est,
392 4260 471 4322 hanc
502 4260 620 4322 unicam
648 4261 774 4342 eclipsin
802 4281 821 4322 a
850 4260 935 4322 vobis
964 4259 1090 4322 auctarii
1119 4259 1185 4321 loco
1216 4266 1398 4339 exspectans
1426 4260 1589 4339 plurimum
1614 4274 1640 4318 sc

295 4349 404 4411 debere
428 4347 534 4411 lubens
558 4350 712 4413 fatebitur.

382 4439 470 4518 Rogo
495 4448 596 4501 antem
619 4440 764 4521 imprimis
791 4439 873 4501 viros
901 4438 999 4501 literis
1028 4437 1180 4511 celebres,
1215 4455 1337 4518 qnorum
1367 4454 1435 4498 sese
1469 4438 1509 4498 ad
1537 4448 1643 4498 remota

295 4527 364 4590 loca
386 4527 513 4609 porrigit
535 4529 659 4605 notitia,
683 4530 727 4591 nti
750 4548 787 4590 ea
806 4528 871 4607 jam
894 4535 1017 4590 utantur
1040 4529 1078 4589 ad
1101 4527 1322 4605 percontandos
1346 4525 1490 4600 idoneos,
1523 4527 1562 4587 ad
1584 4546 1642 4587 mo·

296 4616 410 4679 nendos
425 4618 607 4697 hlagnates;
632 4639 703 4700 rogo
719 4619 890 4697 lllagnates,
916 4636 990 4698 quos
1009 4618 1114 4679 harum
1137 4635 1236 4680 rerum
1259 4635 1330 4678 cura
1352 4617 1463 4695 tangit,
1489 4616 1643 4677 ditionibus

296 4713 448 4789 potentes,
473 4709 636 4787 quemlibet
658 4729 711 4790 pro
736 4708 893 4787 dignitatis
910 4726 981 4769 snae
1001 4708 1181 4779 conditione,
1205 4715 1239 4767 nt
1255 4705 1393 4786 exemplo
1408 4706 1643 4773 Monareharurn,

298 4813 422 4877 qnorum
445 4796 527 4876 prius
552 4799 633 4859 lacta
656 4798 777 4871 mentio,
803 4816 862 4876 qua
885 4799 1009 4879 quisque
1028 4798 1143 4859 ratione
1160 4796 1402 4858 commodissime
1417 4804 1531 4876 potest,
1556 4793 1643 4875 pluri-

299 4900 379 4950 mmn
406 4885 495 4967 hujus
522 4887 705 4951 narrationis
734 4887 890 4969 conquirat
918 4905 1011 4968 eoque
1044 4906 1091 4949 me
1122 4905 1177 4967 per
1207 4905 1281 4949 snos
1314 4886 1455 4949 literatos
1488 4885 1642 4967 impertiat
