3368 5534
279 310 323 381 70
701 313 803 367 nom
820 313 924 380 Kepleri
943 313 1096 379 aliorumque
1111 318 1214 365 munao

280 491 435 574 explicato
458 498 576 561 tautum
600 491 754 555 dimidiam
781 499 899 570 potest;
931 499 1048 557 metues
1081 492 1182 555 forsan
1214 497 1249 552 ut
1279 497 1349 552 tota
1380 488 1424 553 illi
1457 486 1640 551 transscribi

278 583 387 663 possit.
435 579 521 644 Scito
545 600 627 661 ergo,
650 581 767 643 ratione
791 581 906 660 optima
928 601 1026 660 posse.

367 671 449 734 Nam
471 671 499 731 in
523 671 673 749 prioribus
696 670 876 748 imaginatus
900 690 967 733 sum
985 671 1094 733 linearn
1118 669 1294 731 circularem
1318 674 1351 730 et
1374 668 1489 730 iontem
1513 665 1638 729 vumera

277 761 308 824 in
331 760 416 841 iliam
439 760 591 822 effluentis
615 764 759 839 punctum
782 760 1047 823 mathematicum:
1072 761 1101 821 in
1121 759 1168 821 hia
1187 757 1250 819 dixi
1273 757 1440 821 consistere
1464 774 1638 818 mensuram

276 850 423 931 graduum
437 849 581 911 metricis
598 849 727 911 -virroos
751 868 789 909 ex
812 846 853 925 Q
878 849 1072 929 egredientis.
1104 849 1150 911 At
1174 847 1268 909 virtus
1285 847 1354 927 jam
1378 845 1556 908 concinnius
1579 844 1639 906 lin·

275 940 359 1019 gitur
382 957 442 999 non
466 958 504 1000 ex
527 939 592 1001 solo
616 950 718 1001 centro
744 936 795 1014 Q,
820 939 874 1000 sed
890 956 926 1001 ex
950 947 1016 1001 toto
1039 956 1163 1016 corpore
1187 936 1300 1014 egredi.
1329 937 1395 998 Hoc
1419 936 1521 1014 posito
1544 935 1639 1014 dupla

277 1027 407 1103 efficitur
434 1024 589 1106 proportio
616 1028 761 1089 virtutum
789 1028 828 1089 ad
861 1027 1083 1107 proportionem
1116 1026 1339 1095 distantiarum.
1390 1026 1469 1087 Nam
1499 1025 1542 1085 sit
1574 1024 1637 1102 jam

273 1115 456 1197 planissime
479 1117 573 1196 (qnod
598 1117 679 1195 prius
703 1126 821 1178 tantum
845 1117 874 1178 in
898 1126 985 1197 parte
1010 1117 1238 1196 usurpaveram)
1270 1115 1375 1179 eadem
1399 1114 1477 1176 ratio
1502 1113 1580 1175 lucis
1605 1121 1637 1174 et

273 1202 523 1282 virtutis-emQ
548 1205 748 1284 egredientis;
779 1206 945 1285 quaeritur,
971 1206 997 1268 si
1018 1205 1087 1285 qnia
1111 1205 1201 1283 duplo
1229 1204 1352 1282 propius
1375 1203 1415 1265 ad
1439 1198 1480 1278 Q
1506 1202 1635 1274 veniret,

268 1303 390 1376 quanta
413 1294 454 1356 ait
477 1296 654 1374 apparitura
679 1291 719 1371 Q
744 1295 916 1357 diameter?
938 1296 1014 1355 Fere
1038 1295 1140 1372 dupla,
1164 1293 1248 1371 prius
1271 1294 1326 1354 suh
1349 1285 1461 1371 Adys,
1489 1292 1556 1371 jam
1580 1291 1637 1354 sub

185 1422 188 1427 -
273 1375 381 1460 Zella
405 1390 470 1457 (rig.
492 1390 553 1454 0⁸1>-
572 1388 629 1454 ³⁰).
666 1386 710 1446 At
734 1384 805 1462 quia
827 1381 868 1460 Q
893 1402 950 1445 non
975 1391 1024 1445 eat
1048 1383 1198 1444 diameter
1220 1382 1275 1444 sed
1302 1381 1444 1454 circulus,
1470 1400 1544 1460 ergo
1568 1400 1636 1467 oum

253 1473 372 1553 :dupla
395 1471 438 1533 sit
459 1472 611 1553 proportio
643 1474 802 1552 figurarum
826 1474 876 1534 ad.
898 1472 1121 1553 proportionem
1153 1470 1385 1546 diametrorum,
1419 1470 1511 1533 inerit
1542 1470 1637 1549 igitur

254 1558 363 1624 'Solis
385 1579 459 1623 area
481 1561 615 1623 visibilia·
633 1563 800 1641 quadrupla
822 1562 940 1640 prioris.

321 1700 327 1709 .
354 1648 422 1712 'liic
452 1659 501 1713 eet
517 1651 667 1712 modulus
704 1652 900 1715 increscentis
932 1651 971 1712 ah
1004 1647 1292 1729 appropinquatione
1327 1647 1423 1720 lunis,
1456 1649 1498 1711 sit
1530 1648 1637 1710 itidem

175 1764 178 1773 ·
273 1739 425 1809 sinatis·
449 1739 504 1802 Sol
518 1750 600 1819 'ergo
623 1740 743 1819 duplam
777 1740 986 1821 aequationem
1010 1740 1074 1818 ejus
1105 1738 1256 1807 conliniet,
1290 1756 1366 1816 quae
1394 1747 1500 1818 posset
1523 1758 1595 1801 esse
1618 1760 1638 1798 a

261 1824 361 1893 ’9165
386 1829 516 1902 circello,
542 1837 575 1889 et
597 1830 767 1908 composita
794 1830 844 1891 sia
867 1838 892 1899 ο·
915 1831 996 1891 circa
1019 1824 1060 1904 Q
1084 1827 1174 1907 plane
1198 1835 1232 1888 ut
1253 1825 1336 1905 prius
1363 1828 1500 1890 mauebit
1523 1827 1634 1891 oralia.

263 1916 439 1998 ¹Exspecto,
463 1918 513 1999 qui
537 1919 592 1980 tihi
614 1919 737 1999 placeat
763 1919 836 1980 haec
861 1917 1037 1998 speculatio.
1082 1916 1158 1989 Mihi
1183 1934 1239 1994 ego
1262 1916 1292 1976 in
1316 1936 1354 1979 ea
1376 1916 1496 1996 egregie
1526 1918 1635 1997 placeo

271 2017 308 2070 et
329 2007 384 2069 tihi
413 2009 530 2087 gratias
562 2026 643 2086 ago,
675 2009 753 2088 quod
776 2028 824 2071 me
847 2009 886 2071 ad
914 2006 1104 2073 scribendum
1136 2005 1300 2085 instigasti.
1352 2005 1482 2068 Tentavi
1513 2008 1636 2089 quidem

265 2091 366 2176 saepe
390 2102 491 2168 antea,
516 2098 572 2159 sed
597 2097 810 2177 impedimento
829 2097 901 2159 mihi
917 2096 974 2159 fuit
992 2095 1130 2157 circellns
1153 2094 1400 2170 aecanaicitaos,
1424 2114 1513 2176 quem
1529 2098 1635 2177 putari

264 2186 393 2249 ,nonnisi
414 2187 444 2248 in
474 2187 598 2265 longum
629 2187 742 2249 moveri
773 2206 874 2268 posse.
913 2183 1082 2248 Considera
1104 2203 1144 2245 an
1161 2185 1292 2262 gradum
1316 2184 1441 2247 fecerim
1464 2186 1506 2247 ad
1530 2195 1634 2249 astro

272 2275 403 2343 nomiam
427 2274 586 2356 physicam
608 2276 673 2336 sine
705 2277 921 2357 hypothesibus
945 2293 987 2336 sc.
1017 2272 1131 2334 fictitiis
1164 2273 1431 2335 constituendam?
1469 2275 1583 2338 Virtus
1605 2278 1635 2338 in

161 2418 185 2441 ,.
258 2360 315 2440 ¹Q
340 2374 424 2425 certa
449 2374 518 2438 est3
548 2382 692 2426 ascensus
716 2375 748 2425 et
771 2365 934 2427 descensus
957 2365 1146 2443 planetarum
1174 2363 1278 2425 itidem
1306 2372 1407 2424 certus
1431 2374 1481 2425 est
1505 2384 1545 2426 ex
1568 2367 1636 2428 sola

271 2454 379 2533 specie
402 2462 567 2532 apparente
592 2455 706 2532 majore
729 2463 762 2515 et
784 2455 906 2515 minore.
954 2452 1083 2514 Multum
1107 2450 1184 2513 enirn
1213 2453 1341 2513 interest
1370 2455 1448 2515 inter
1473 2458 1500 2526 <3³
1527 2463 1565 2529 d,
1593 2452 1633 2533 Q

274 2540 362 2629 inti,
386 2545 464 2613 etat>
489 2542 621 2621 ejusdem
635 2543 665 2603 in
680 2559 736 2604 m.
774 2544 858 2605 Haec
882 2560 954 2621 ergo
979 2559 1037 2602 non
1057 2549 1128 2603 sunt
1150 2541 1334 2623 hypotheses
1359 2544 1436 2616 (seu,
1461 2558 1497 2605 uo
1514 2544 1634 2606 Ramns

271 2632 426 2711 appellat,
449 2632 627 2710 figmenta),
652 2632 706 2692 eod
731 2633 844 2693 veritas
867 2631 951 2711 ipsa,
981 2639 1015 2692 ut
1042 2629 1151 2691 stellae
1181 2631 1277 2709 ipsae.
1322 2629 1390 2711 Ego
1414 2650 1485 2693 vero
1510 2646 1636 2713 praeter

267 2718 440 2782 ·eam·nihil
463 2738 608 2799 suppono.
655 2719 704 2780 Er
726 2720 773 2782 hin
797 2739 868 2799 ergo
898 2719 1115 2803 hypothesibus
1140 2720 1274 2799 tuipse,
1300 2720 1350 2798 qui
1372 2720 1437 2781 otio
1462 2723 1501 2783 ad
1525 2734 1632 2785 astro·

269 2808 391 2889 logiam.
414 2818 573 2888 tantopere
604 2808 756 2884 abundas,
790 2818 932 2888 computa
962 2809 1030 2870 loca
1052 2808 1163 2870 Martis
1193 2809 1265 2871 mihi
1291 2809 1464 2889 proposita,
1496 2812 1552 2873 sed
1577 2813 1633 2875 hoc

270 2898 454 2971 discrimine,
479 2898 642 2977 distantias
666 2895 747 2975 &Q
773 2919 810 2960 ex
834 2898 1059 2960 ecoentrioitate
1083 2893 1169 2959 9165
1199 2905 1340 2976 computa
1363 2916 1417 2978 per
1448 2903 1633 2964 anomaliam

269 2989 419 3061 mediam3
443 3008 513 3049 narn
538 2988 593 3048 tihi
617 2989 808 3050 necessariae
832 2987 964 3050 suntad
988 2986 1160 3066 parallaxes
1184 3006 1300 3051 annuas
1324 2986 1525 3067 indagandas.

327 3130 332 3141 .
360 3078 445 3139 Loca
476 3094 547 3139 vero
580 3078 750 3139 ecoentrica
780 3087 921 3157 computa
952 3095 990 3136 ex
1021 3076 1179 3156 hypothesi
1210 3077 1326 3138 vicaria
1357 3077 1414 3138 hac
1439 3084 1569 3146 (mum
1595 3098 1633 3141 aar

269 3164 373 3217 ”beura
389 3166 444 3215 sins
463 3166 636 3229 explicatione.
655 3167 736 3216 simile
755 3167 876 3216 schemati
895 3165 956 3227 Cap.
977 3161 1109 3223 xxviii:

359 3240 451 3301 Anno
479 3235 563 3303 1600
585 3237 731 3301 ianuario
750 3240 943 3317 apheliurnd
964 3237 993 3297 in
1009 3232 1070 3298 29⁰
1087 3232 1119 3296 0‘
1134 3232 1199 3297 35¹¹
1215 3238 1259 3311 Q
1279 3245 1378 3298 motus
1393 3257 1510 3301 annuus
1529 3240 1557 3302 i'
1574 3242 1633 3315 7'⁴;

272 3326 484 3405 qcceutricitae
507 3327 637 3389 eccentri
665 3324 787 3400 11613,
813 3325 973 3408 aequantia
997 3319 1094 3399 6944,
1119 3332 1152 3386 ιι
1174 3335 1242 3386 tota
1263 3324 1306 3386 sit
1330 3322 1451 3400 lesen
1474 3328 1634 3395 inclinatio

271 3416 431 3496 planorum
454 3416 586 3479 maxima
613 3412 647 3478 1ο
670 3414 723 3480 50
747 3414 829 3490 15”;
854 3435 892 3476 aa
915 3423 1058 3477 conamus
1082 3422 1140 3475 est.
1178 3414 1258 3476 lindi
1278 3434 1356 3475 anno
1380 3410 1464 3481 1600
1479 3420 1634 3500 completo

252 3500 305 3569 ¹'in
330 3500 389 3569 16υ
412 3503 465 3587 20‘
490 3506 527 3580 ὅ,
551 3515 601 3583 tiu
626 3504 736 3567 limites
760 3507 789 3566 in
814 3506 888 3566 loeis
912 3502 1077 3584 quadratis,
1103 3502 1131 3563 in
1159 3498 1216 3565 16⁰
1238 3501 1292 3565 201
1317 3510 1351 3580 0,
1375 3522 1431 3569 τ’...

241 3628 244 3633 ·
361 3611 507 3691 AdJuro
531 3620 566 3672 te
590 3631 652 3691 per
677 3611 840 3675 deliciae
864 3620 948 3673 tuae
972 3610 1153 3681 Uraniae,
1178 3618 1221 3670 nt
1243 3619 1364 3673 tecum
1388 3612 1634 3688 habearisla,

271 3718 343 3763 neo
366 3719 419 3763 me
444 3701 666 3782 Tychoniois
690 3702 831 3781 prodas
854 3701 1029 3781 litemque
1052 3698 1141 3760 mihi
1165 3719 1283 3762 seraa.
1330 3708 1384 3768 (Nil
1402 3709 1537 3775 aequm.)

359 3805 532 3857 Fabricius
549 3808 589 3857 dle
607 3804 677 3863 tire.
691 3805 752 3855 Nor.
777 3802 852 3854 1602.
872 3805 903 3852 01)
924 3805 1112 3867 „migrationem
1131 3805 1156 3852 in
1168 3803 1254 3852 arbem
1272 3804 1383 3854 mem
1396 3805 1523 3857 Eranam*
1537 3806 1632 3874 (0οη,

268 3874 330 3935 -Voh
348 3876 371 3935 1,
390 3893 413 3941 p.
432 3873 497 3941 ³12>
514 3880 662 3943 praemissas
679 3878 782 3942 Keplsri
802 3877 886 3926 literas
911 3875 1021 3929 noudum
1048 3885 1182 3939 acceperat
1205 3879 1306 3940 eiusque
1334 3877 1459 3933 sdsntinm
1487 3880 1633 3933 dintuman

274 3958 351 4015 segre
370 3948 473 4001 larebat

361 4018 468 4073 Marte·
488 4035 619 4087 aggressus
638 4020 701 4070 haec
720 4020 827 4085 protero:
848 4018 941 4083 Expeto
962 4024 989 4067 nt
1002 4016 1062 4066 mihi
1081 4016 1197 4067 ostendas
1216 4018 1337 4068 urionem
1356 4019 1522 4071 enodandae
1540 4038 1632 4075 eccam

269 4090 387 4143 oldam
399 4090 487 4142 hiartia
499 4108 529 4143 er
542 4101 647 4157 quatuor
665 4093 819 4154 scronychiis
832 4104 876 4154 psr
888 4088 1036 4154 quadratam
1054 4091 1166 4155 regulam
1180 4090 1244 4148 ialal,
1263 4102 1292 4138 ιιι
1304 4094 1423 4153 malorem
1436 4094 1486 4142 tuis
1505 4094 1632 4145 laboribus

269 4162 344 4213 flam
367 4163 492 4221 habeam:
517 4167 627 4229 quamvis
653 4164 724 4212 ratde
743 4165 860 4215 dubitem.
887 4162 940 4211 heri
958 4163 998 4211 rix
1022 4176 1108 4225 posse,
1132 4169 1160 4211 nt
1178 4176 1230 4211 nna
1248 4170 1274 4210 et
1292 4162 1381 4212 eadem
1405 4168 1584 4217 accentriettss
1602 4182 1632 4218 u

269 4234 373 4289 liranis
391 4236 545 4298 scronyehiia
564 4236 608 4284 tali
627 4250 741 4298 processu
761 4235 875 4298 prodeat.

359 4306 479 4373 Quodque
492 4309 585 4363 scribis,
604 4306 760 4355 latitudinem
773 4304 862 4355 Martis
875 4313 935 4354 ante
949 4312 975 4353 ot
987 4311 1044 4368 port
1062 4306 1269 4367 conjunctionem.
1290 4307 1367 4355 ariam
1379 4320 1423 4369 per
1435 4300 1631 4371 sesquimen'asm

269 4390 346 4443 saepe
363 4382 482 4440 malorem
501 4392 563 4436 essa,
583 4392 657 4440 quam
676 4379 701 4425 in
720 4379 775 4441 ipsa
793 4376 945 4439 oppositione
964 4374 1036 4429 Solis.
1056 4374 1081 4423 id
1101 4376 1195 4424 ridetur
1218 4376 1317 4424 omnino
1336 4378 1396 4425 meis
1416 4378 1631 4443 observationibus

269 4462 416 4517 repugnare.
448 4448 496 4498 Per
515 4446 530 4495 5
549 4456 594 4496 ant
612 4447 628 4495 6
648 4447 700 4495 dies
718 4447 816 4511 quidem
836 4446 976 4496 differentia
994 4446 1115 4495 interdum
1135 4448 1294 4502 observatur.
1313 4449 1357 4497 sed
1375 4448 1401 4496 id
1419 4462 1449 4497 er
1470 4448 1528 4497 aliia
1547 4456 1631 4501 cauata

269 4524 381 4572 renitet
399 4521 497 4586 quidem
515 4518 739 4568 cireaaolatiaiulia
758 4527 851 4581 puncta
869 4528 975 4568 tantum.
1002 4519 1065 4567 Vide
1084 4520 1160 4583 igitur
1178 4533 1209 4568 ns
1227 4521 1330 4569 nimium
1349 4522 1398 4568 trois
1416 4522 1631 4583 specnahouibns

258 4595 364 4649 ,tribuas
383 4602 409 4643 et
425 4592 502 4642 Maro
520 4594 568 4641 rim
586 4590 664 4640 incias
683 4593 752 4638 noris
771 4592 819 4638 nris
847 4590 1029 4653 hypothesibus.
1067 4592 1108 4639 Ad
1133 4592 1239 4639 medium
1268 4599 1361 4641 motum
1379 4592 1444 4641 Solis
1468 4596 1555 4644 omnis
1576 4608 1632 4645 sess

270 4665 401 4715 referenda
419 4679 468 4713 aon
487 4662 580 4722 dubito,
600 4675 656 4711 cum
668 4660 711 4711 sor
729 4670 840 4712 centrum
858 4664 931 4712 trium
949 4663 1100 4728 superiorum
1113 4663 1153 4719 sit,
1174 4664 1220 4713 etsi
1232 4678 1281 4713 non
1295 4677 1394 4729 negem,
1413 4663 1446 4713 sd
1465 4676 1632 4729 spumeum

271 4744 366 4785 motum
385 4735 449 4785 Solis
468 4736 543 4783 etiarn
562 4733 645 4782 reduci
663 4746 742 4797 posse.

362 4806 426 4857 Solis
445 4806 618 4855 ecceutricitas
636 4817 792 4869 nequaqnam
811 4802 900 4867 duplex
918 4810 964 4860 est.
983 4813 1011 4853 nt
1029 4812 1056 4853 tn
1076 4804 1119 4865 ris,
1139 4805 1183 4854 aad
1202 4805 1318 4870 simplex,
1338 4819 1396 4855 narn
1416 4804 1521 4857 dimidia
1538 4820 1629 4861 sensn-

269 4880 366 4931 tricltao
383 4876 560 4933 diffuentism
579 4888 643 4941 qnae
655 4874 842 4933 uidua-eat.
859 4878 959 4927 minime
977 4882 1199 4941 mmmpotsst,
1217 4890 1362 4945 quamque
1381 4879 1478 4933 radan
1494 4892 1551 4931 m
1568 4892 1630 4933 a..
