3368 5534
275 334 278 338 ’
293 335 358 406 516
827 340 857 391 1n
873 339 1043 407 Hipparchum
1060 336 1105 392 &a

294 521 423 584 disputans
441 519 472 569 de
491 517 554 567 Solis
577 517 696 568 distantia
719 522 745 568 et
763 518 895 582 parallsxi,
915 519 1086 583 inquisiturus,
1104 523 1133 567 61
1149 518 1240 569 ultimis
1258 519 1319 569 dicit
1335 520 1453 579 versibus.
1472 523 1639 576 refractis·

291 607 373 650 nem,
390 604 454 655 quse
472 590 596 654 inquisitio
614 589 775 639 desideratur.
812 590 877 640 Huic
896 592 961 640 enirn
980 591 1138 654 disputationi
1156 590 1221 640 idem
1239 591 1304 655 quod
1317 590 1421 655 Kepleri
1437 592 1582 658 1616666661
1599 610 1639 647 ae-

291 664 369 720 cidit,
397 676 453 712 cum
479 676 529 710 non
557 661 694 710 absolutam
721 661 846 726 reliquerit
864 662 931 711 illam
948 668 1050 722 auctor,
1075 663 1206 725 repentina
1223 662 1339 727 abreptus
1356 669 1445 714 morte.
1475 664 1589 717 1611666
1605 676 1641 718 est

288 734 451 788 Horroccius.
471 738 534 783 teste
553 731 671 788 walliam,
692 732 715 781 d.
736 730 759 779 ³.
784 730 822 781 13.
841 733 900 783 Jan.
921 729 998 791 1611,
1018 733 1082 790 „sub
1100 734 1191 783 aetatis
1209 747 1310 794 annum,
1329 742 1449 799 quantum
1467 737 1589 804 inteTigo,
1606 741 1639 789 ri·

289 808 408 857 cesimum
426 801 594 862 secundum“,
622 805 708 866 paucis
736 811 833 854 tautum
861 804 931 853 anule
956 806 981 854 iu
1009 806 1176 854 astronomicis
1194 805 1281 855 studiis
1300 807 1452 865 consumtis.
1471 822 1540 865 m·
1557 811 1638 861 sudem

289 885 370 934 16616,
399 890 441 937 „a
460 890 552 925 annum
574 871 641 923 1633
665 877 773 924 animum
792 875 824 924 ad
841 875 905 925 haec
923 876 1005 925 studia
1023 876 1136 926 rideatur
1152 877 1256 939 primum
1274 875 1449 941 applicuisse“.
1467 887 1497 931 st
1513 883 1580 944 prim
1596 882 1639 931 seli

289 948 452 1012 Lansbergio,
472 946 642 997 deficientibus
661 945 762 996 aliorum
782 953 975 995 astronomorum
993 947 1120 1010 operibus,
1148 946 1278 1003 addictus,
1304 949 1337 999 ab
1361 961 1429 999 anuo
1453 949 1638 1003 6666661631

288 1021 360 1071 lectis
378 1017 480 1082 Kepleri
499 1019 611 1081 operibus
630 1024 708 1067 totum
727 1033 753 1067 so
771 1018 879 1081 Keplero
899 1018 1005 1075 dedidit,
1025 1026 1050 1068 et
1067 1019 1138 1082 quasi
1155 1018 1232 1068 iratus
1249 1019 1282 1069 oh
1300 1034 1405 1077 amores,
1422 1036 1486 1087 quos
1498 1022 1638 1091 isa-hqd

289 1091 439 1143 astronomia
456 1090 503 1154 ipsi
520 1090 631 1153 imperito
650 1089 796 1145 obtruserat,
816 1104 844 1139 eo
863 1092 955 1152 majore
980 1102 1062 1140 amore
1081 1088 1215 1154 Keplerum
1239 1091 1435 1155 amplectebatur
1452 1100 1482 1144 61
1499 1095 1638 1146 1661166666

285 1163 388 1228 jnreuiii
415 1161 500 1211 ardore
519 1160 696 1226 Lanabergium
713 1161 870 1210 refutandum
889 1161 935 1210 sibi
959 1163 1089 1225 proposuit
1109 1189 1141 1198 —
1154 1160 1236 1211 Missis
1260 1162 1380 1213 hocloco
1398 1164 1500 1230 reliquis
1517 1166 1637 1218 Hermuri

289 1233 494 1300 disquisitionibus
513 1246 577 1297 quae
595 1240 726 1296 supersunt
744 1233 921 1289 astronomicis,
940 1247 1000 1297 quas
1018 1247 1117 1290 omnes,
1135 1240 1164 1281 ut
1181 1232 1249 1282 uobis
1267 1233 1381 1294 ridetur,
1407 1235 1433 1285 in
1459 1251 1538 1287 6666
1555 1252 1637 1304 eom

289 1306 404 1356 redactas
421 1304 546 1354 meliorem
565 1304 590 1352 in
608 1301 712 1352 formam
729 1303 912 1367 politioremque
924 1304 1108 1353 transferendas
1121 1310 1259 1362 censuerat,
1278 1312 1306 1354 ut
1324 1305 1448 1369 expletum
1461 1314 1490 1357 61

201 1422 206 1433 ,
288 1377 373 1428 muudi
390 1382 500 1439 systema
524 1376 633 1424 innixum
651 1374 752 1438 Kepleri
776 1374 949 1438 hypothesibus
977 1382 1133 1438 proponeret,
1153 1376 1174 1423 si
1191 1374 1227 1425 sie
1243 1375 1330 1426 fuisset
1347 1377 1373 1426 in
1391 1377 1459 1435 fatis,
1478 1378 1528 1430 beu
1544 1388 1636 1432 tant·

290 1452 422 1505 notamus.
448 1461 538 1496 nomen
562 1447 658 1508 juvenis
686 1445 881 1496 excellentissimi
900 1449 1045 1495 astronomis
1070 1446 1214 1496 inclaruisse
1235 1449 1288 1509 lam
1306 1454 1366 1497 ante
1385 1448 1456 1499 edita
1479 1450 1546 1503 base
1567 1467 1636 1517 spera

288 1518 427 1585 posthuma
453 1516 569 1567 Herelius
588 1517 692 1574 scilicet,
712 1523 864 1566 astronomus
882 1518 924 1567 ille
946 1515 1512 1575 11666666666,66161166661662(166661
1534 1523 1636 1575 61611.

289 1592 432 1654 inscriptum
460 1588 615 1647 „Mercurius
642 1590 679 1637 in'
695 1587 752 1637 Sole
776 1587 875 1644 risus“.
903 1589 942 1639 cui
970 1591 1102 1639 annexuit:
1131 1589 1234 1646 „Venus
1261 1591 1286 1639 in
1309 1589 1367 1641 Sole
1396 1593 1451 1641 risa
1480 1607 1548 1645 6666
1573 1593 1635 1644 1111

290 1662 326 1725 (d.
345 1659 387 1710 21.
407 1660 469 1711 Nor.
488 1668 519 1709 st.
539 1658 583 1721 a),
602 1674 646 1709 seu
664 1666 786 1710 tractatus
804 1662 981 1711 astronomicus
999 1661 1031 1711 do
1049 1661 1201 1710 nobilissima
1213 1660 1317 1711 Veneris
1335 1670 1363 1712 et
1374 1661 1438 1712 Solis
1457 1667 1634 1729 6661666666,

288 1733 441 1797 Lirerpoliae
467 1746 483 1782 a
506 1732 522 1782 J
528 1747 566 1781 or.
586 1731 757 1788 Honorio,
776 1746 841 1782 nuuc
859 1733 961 1795 primum
980 1732 1048 1782 edita
1065 1733 1178 1796 notisque
1195 1731 1344 1783 illmtrssa‘·
1380 1731 1511 1787 wallisius
1526 1738 1553 1787 16
1570 1752 1634 1802 pm

288 1807 382 1856 fatioue
400 1804 432 1854 de
449 1804 496 1854 hoo
513 1801 595 1853 libello
611 1802 675 1852 haec
694 1803 778 1852 affert:
798 1810 922 1866 ..quantus
940 1805 976 1851 vir
993 1804 1075 1853 fuerat
1093 1799 1211 1867 (quantus
1228 1804 1325 1854 futurus
1343 1812 1417 1863 esset.
1435 1806 1465 1857 ui
1481 1816 1635 1872 prauam

289 1882 368 1927 morte
383 1876 480 1938 juranis
498 1872 608 1935 obiisset)
626 1873 772 1924 Horroccius
790 1881 888 1930 noster,
912 1881 1018 1924 testatur
1037 1873 1138 1939 elegans
1155 1874 1215 1924 illud
1233 1882 1260 1923 et
1277 1889 1380 1926 aureum
1397 1891 1469 1941 6666,
1489 1878 1633 1934 devenere

290 1947 355 2013 quod
373 1960 438 1997 anuo
456 1952 574 2011 sequente
592 1942 687 2006 (1610)
707 1946 738 1995 61
761 1947 812 2009 1666
832 1947 1009 2008 conscriptum,
1032 1946 1129 1995 delituit
1147 1941 1217 2009 (proh
1235 1946 1329 2007 dolori)
1356 1949 1461 1999 nimium
1479 1949 1538 2005 diu.
1562 1950 1633 2002 66666

290 2020 396 2085 propitia
412 2018 514 2068 tandem
533 2017 666 2067 doctissimi
685 2017 882 2081 celeberrimique
901 2017 996 2067 Herelii
1023 2030 1099 2066 manu
1125 2018 1301 2068 obstetricante
1325 2026 1383 2083 post
1406 2033 1488 2071 anuos
1505 2018 1541 2071 22
1559 2022 1633 2072 aliua

290 2089 374 2155 procul
392 2095 458 2140 terra
476 2088 579 2139 feliciter
595 2090 622 2138 iu
639 2089 719 2139 lucem
736 2078 834 2152 prddiit,
852 2104 898 2153 quo
911 2088 996 2140 Venus
1009 2088 1117 2154 angla
1128 2087 1249 2140 11666616
1261 2088 1467 2141 Dantisoaue
1485 2080 1632 2144 sem

291 2162 404 2213 sociaret
424 2185 458 2196 -

379 2233 436 2283 iam
455 2231 488 2282 ad
505 2230 681 2295 Keplerum
699 2231 829 2281 redeuntes
846 2231 910 2281 haee
927 2245 1062 2282 monemus.

379 2321 403 2371 J.
423 2318 589 2372 Herelius.
614 2335 686 2384 quern
704 2321 787 2370 omnia
803 2320 905 2384 Keplerl
923 2320 1091 2383 manuscripta
1107 2319 1239 2370 obtinuisse
1258 2319 1362 2371 diximus
1379 2318 1447 2383 (Vol.
1467 2323 1490 2375 Ι.
1508 2340 1568 2395 pag.
1585 2324 1631 2391 66)

292 2395 356 2444 haec
378 2393 409 2443 de
426 2389 568 2455 Hipparcho
586 2390 688 2455 Kepleri
706 2390 738 2440 ad
757 2392 912 2442 academiam
930 2391 1112 2442 Londinenseur
1129 2393 1282 2455 perscripsit:
1308 2394 1393 2451 „inter
1409 2401 1582 2465 manmafpsa
1595 2400 1631 2451 nr

292 2466 384 2516 eminet
401 2462 575 2527 Hipparchus,
603 2477 751 2527 quemquam
769 2478 818 2512 non
836 2464 885 2520 sit,
912 2470 940 2513 ut
958 2477 1002 2528 par
1020 2470 1065 2516 est.
1085 2463 1208 2528 digestus.
1227 2464 1268 2527 qul
1285 2470 1371 2514 tamen
1387 2474 1474 2528 posses
1492 2483 1510 2520 6
1525 2475 1630 2537 μμ

293 2537 380 2586 harum
398 2549 479 2585 rerum
496 2536 575 2598 perito
593 2540 620 2582 et
642 2535 691 2583 otio
719 2534 861 2584 abundante
879 2533 952 2585 facile
970 2536 996 2584 16
1015 2534 1125 2584 ordinem
1142 2533 1220 2600 redigi
1238 2541 1264 2584 et
1282 2534 1405 2585 absolsi.“
1440 2536 1513 2591 Tahs
1529 2546 1630 2607 „peri-

293 2615 320 2658 61
336 2608 387 2657 6116
400 2606 547 2656 abundans“
566 2619 638 2655 nemo
655 2605 704 2655 huc
716 2620 792 2670 usque
805 2607 907 2663 exstitit,
925 2621 957 2655 ne
969 2607 1041 2656 sociis
1059 2606 1157 2672 quidem
1169 2605 1313 2656 academiae
1325 2605 1540 2673 Pstropolitnae,
1555 2616 1631 2679 μὴ

293 2679 438 2729 66666166
456 2677 502 2726 1611
518 2676 566 2726 hoe
583 2691 672 2725 munus
690 2677 721 2726 sb
739 2679 893 2742 imperatrice
911 2677 1018 2727 Russica
1036 2676 1172 2727 (letherius
1186 2676 1220 2735 ΙΙ,
1239 2684 1336 2727 166166
1354 2681 1399 2729 6111
1415 2680 1472 2745 1611,
1491 2692 1522 2735 es
1537 2686 1629 2737 mu
1671 2674 1676 2745 ξ

294 2757 346 2803 tum
374 2751 421 2800 boc
448 2754 571 2798 curarent
606 2747 700 2798 Hans
711 2748 811 2799 chius
830 2749 939 2813 quidem,
963 2748 1065 2799 Herelio
1082 2755 1177 2799 mortuo
1195 2756 1282 2799 nactus
1300 2748 1344 2799 illa
1361 2753 1542 2821 manuscripts,
1559 2759 1630 2807 μὶ
1671 2748 1676 2803 l

294 2823 359 2886 typis
377 2821 496 2871 mandare
514 2819 559 2870 sibi
577 2826 750 2884 proposuerat.
769 2821 804 2869 nil
821 2835 877 2870 sero
896 2828 994 2884 praeter
1011 2819 1136 2883 Epistolas
1153 2820 1339 2885 imprimendum
1357 2824 1471 2884 sunsit,
1493 2840 1629 2895 qna-pn
1670 2812 1676 2851 ¹

295 2893 414 2958 peculiari
425 2893 515 2955 scripto
534 2898 685 2941 astronomos
704 2892 734 2941 de
747 2891 841 2941 edendo
853 2891 993 2956 Hipparcho
1006 2893 1121 2943 certiores
1132 2892 1199 2942 fecit
1224 2890 1310 2953 (hllcb.
1323 2892 1399 2943 Gotti-
1412 2893 1528 2955 nauch.
1540 2896 1630 2967 conspr
1670 2886 1676 2921 ¹

293 2967 324 3016 B.
342 2964 440 3014 Mariae
457 2963 566 3028 Virginis
583 2963 610 3011 iu
628 2963 764 3013 academia
786 2963 908 3026 Lipsiensi
934 2962 1080 3028 Collegiati‚
1106 2963 1136 3013 de
1152 2977 1226 3028 opere
1244 2956 1574 3036 Κ6616ι166666666666,
1597 2972 1629 3022 66·
1669 2960 1676 2993 ¹

293 3033 497 3100 Hipparchi
515 3048 604 3083 nomen
622 3040 673 3091 est.
700 3034 732 3084 ad
751 3049 835 3083 omnes
854 3036 1017 3085 astronomiae
1035 3034 1157 3084 consultos
1176 3042 1329 3100 ceterosque,
1348 3038 1390 3102 qni
1408 3038 1519 3092 6166166
1536 3044 1630 3094 adnm
1668 3024 1676 3067 Ι

294 3106 456 3164 delectantur.
476 3104 593 3170 Epistola
618 3105 684 3170 Lips.
706 3101 795 3166 1709.)
1668 3104 1676 3133 ²

381 3196 419 3245 Er
444 3195 493 3246 hac
512 3194 659 3258 „Epistola'‘
685 3195 748 3245 haec
767 3194 914 3259 apponenda
932 3206 1073 3245 censemus:
1101 3193 1312 3255 Quemadmodum
1337 3195 1422 3247 dirius
1448 3205 1476 3248 61
1498 3198 1629 3267 pfflqas

296 3268 440 3334 dignissima
457 3268 585 3330 occupatio
613 3273 651 3317 est
669 3263 861 3326 (astronomia),
880 3267 918 3315 its
936 3269 1011 3316 etiam
1029 3266 1241 3330 praestandssima
1258 3268 1358 3330 quaeris
1375 3270 1487 3321 omnium
1667 3320 1676 3347 Ι

295 3340 398 3405 ingenia
416 3340 533 3388 exercuit
570 3338 641 3399 Quae
666 3340 730 3388 inter
748 3339 830 3402 elapso
849 3337 945 3388 demum
964 3338 1046 3389 seculo
1065 3338 1170 3387 ditium
1192 3338 1268 3388 etism
1286 3337 1389 3402 KepIeri
1406 3340 1488 3391 illusit
1504 3344 1626 3410 mgni.
1666 3390 1676 3403 ,

294 3411 359 3475 quod
376 3415 447 3474 prout
463 3408 595 3475 praeclaris
614 3410 718 3476 ingeniis
735 3411 855 3460 familiare
873 3424 927 3460 ease
944 3418 1011 3461 recte
1030 3412 1106 3461 sentit
1122 3408 1200 3467 Philo,
1218 3404 1309 3457 66116
1326 3423 1513 3478 mssoropssssr
1529 3427 1584 3467 m
1598 3415 1628 3471 tlt
1664 3408 1676 3495 J

294 3476 456 3547 ἐπιστημην,
480 3480 570 3531 relictis
588 3481 791 3532 Ptolemaicorum
809 3481 875 3531 tricis
893 3481 1007 3531 methodo
1025 3480 1099 3531 multo
1117 3481 1255 3545 simpliciori
1277 3492 1352 3547 atque
1375 3483 1521 3535 evidentiori
1538 3486 1628 3553 sehse
1664 3534 1676 3547 ,

294 3554 394 3612 Terrae.
414 3566 474 3617 quar
493 3551 591 3603 Solares
609 3553 720 3610 dicimus.
739 3553 903 3604 determinare
920 3552 1011 3611 docuit,
1030 3552 1182 3603 fundamenti
1199 3552 1253 3602 loco
1272 3560 1382 3604 6666616
1399 3562 1537 3617 mmmm
1553 3559 1625 3624 plns
1671 3606 1676 3615 ,

295 3632 377 3676 tarum
395 3623 553 3688 Goperuiceo.
578 3624 721 3674 Methodum
739 3626 817 3689 ipsam
836 3626 947 3688 esposuit
964 3625 989 3674 in
1008 3624 1119 3688 Epitome
1137 3625 1203 3674 6616
1223 3622 1282 3688 Cop.
1303 3639 1332 3675 eo
1350 3624 1506 3685 redeuntem.
1523 3636 1553 3681 61
1568 3630 1626 3681 aeds
1669 3676 1676 3689 ,

294 3697 439 3760 spectatoris
456 3697 483 3746 in
501 3696 574 3746 Luna
598 3696 735 3760 supposito,
755 3695 863 3747 calculus
882 3696 999 3760 eclipseos
1017 3696 1147 3746 Terrestris
1171 3712 1220 3746 666
1238 3710 1310 3746 mous
1327 3697 1481 3759 1661116616,
1501 3712 1533 3751 66
1550 3714 1626 3753 eus
1672 3698 1676 3707 '

295 3767 371 3818 Terra
383 3767 508 3818 Lunarem
520 3767 675 3831 adspicimus.
700 3766 761 3818 (166
779 3768 844 3818 6616
863 3775 921 3817 ante
933 3766 1067 3832 Keplerum
1084 3767 1202 3818 tenebrae
1214 3766 1339 3831 eclipsium
1351 3766 1476 3820 Solarium
1492 3786 1543 3823 non
1560 3772 1627 3824 etse.

296 3852 326 3889 ac
344 3840 367 3888 si
383 3839 433 3888 reri
445 3845 529 3890 essent
546 3838 606 3888 lucis
625 3839 734 3889 defectus
751 3841 778 3889 in
796 3838 861 3896 Sole,
881 3845 1055 3894 tractarentur.
1073 3839 1229 3904 calculusque
1246 3838 1352 3889 marimo
1370 3853 1427 3890 cuns
1444 3842 1531 3893 166616
1547 3844 1625 3911 leeg}

296 3911 405 3975 simoque
423 3924 577 3960 numerorum
595 3917 716 3974 apparatu
729 3925 772 3974 pro
789 3910 960 3961 larraLunari
978 3912 1108 3975 unicuique
1120 3910 1223 3960 Telluris
1240 3910 1294 3960 loco
1312 3918 1471 3976 competente
1483 3915 1627 3978 6666116166

297 3981 464 4047 suscipiendus
482 3987 560 4041 esset,
580 3980 648 4031 nulls
665 3981 762 4032 interim
780 3983 874 4032 ratione
887 3983 957 4040 inita,
976 3996 1049 4047 qnam
1061 3982 1177 4033 tenebrae
1189 3983 1252 4032 istae
1264 3981 1355 4033 faciem
1366 3984 1498 4036 66166666
1509 3984 1627 4038 Temar-

297 4052 433 4117 superhciei
459 4053 603 4104 inducturus
623 4060 714 4115 essent,
732 4061 759 4103 et
775 4068 821 4118 quo
840 4059 948 4118 tempore
966 4062 1104 4120 quantaque
1122 4054 1291 4120 magnitudine
1308 4054 1472 4118 spectandam
1491 4071 1520 4109 se
1541 4058 1626 4125 parib

297 4131 353 4175 tura
371 4131 436 4175 66661
454 4125 550 4189 eclipsis
569 4123 659 4175 Solaria
681 4125 781 4175 cuilibet
799 4124 900 4176 Telluris
918 4127 1019 4176 tractui:
1043 4124 1165 4190 Keplerns
1183 4132 1270 4176 contra
1286 4125 1380 4177 nullasu
1396 4126 1444 4177 sibi
1462 4141 1567 4181 cana·
1582 4142 1627 4181 ns
1663 4138 1676 4177 a

297 4195 445 4252 arbitratus,
472 4211 529 4254 eur.
557 4195 629 4245 Luna
647 4196 770 4261 Terraque
795 4202 893 4247 mutuas
919 4199 944 4247 in
962 4197 1131 4248 subtrahendis
1149 4196 1213 4248 Solis
1230 4196 1305 4248 radiis
1322 4196 1369 4247 sibi
1386 4198 1453 4251 61666
1470 4198 1626 4253 redd&
1663 4214 1676 4245 ι

297 4267 398 4318 umbrae
425 4267 621 4333 perumbraeque
648 4265 733 4332 (quam
759 4270 849 4333 primus
877 4270 929 4332 ipse
955 4269 981 4318 in
1002 4269 1173 4319 astronomiam
1191 4266 1335 4329 introdusit)
1353 4268 1448 4320 Ianuari
1465 4284 1518 4323 narr
1534 4272 1628 4325 aab
1663 4282 1676 4321 a

298 4338 413 4390 ellectum
436 4339 461 4389 16
487 4337 615 4389 noviluniis
642 4339 770 4397 tribueret,
793 4354 866 4404 quarn
892 4339 994 4390 umbrae
1012 4341 1134 4391 Temenus
1157 4341 1183 4393 in
1200 4340 1339 4406 pleniluniis
1363 4344 1502 4395 cuum
1518 4342 1628 4397 bau
1664 4374 1676 4389 .

299 4418 488 4461 6616666666
514 4424 646 4460 consensus
673 4413 841 4478 assignasset,
866 4411 922 4462 hinc
945 4412 1071 4478 utrobique
1097 4411 1213 4462 similibus
1236 4414 1273 4462 uti
1298 4413 1424 4477 principiis
1440 4426 1493 4467 nen
1510 4415 1629 4469 Q

298 4496 353 4533 sum
378 4481 464 4548 oppido
490 4482 646 4532 manifestum
664 4483 713 4543 sit,
740 4483 943 4548 quemadmodum
965 4484 991 4532 in
1008 4484 1146 4547 pleniluniis
1164 4499 1213 4533 non
1231 4482 1286 4540 861,
1302 4483 1348 4535 sed
1365 4482 1440 4535 arsa
1457 4500 1487 4538 rs
1503 4489 1559 4554 ipsa
1573 4488 1629 4541 Se!
1666 4498 1676 4539 r

299 4554 391 4604 lumine
410 4554 518 4618 privatur
529 4553 621 4603 Terrae
639 4555 791 4618 interpositu.
808 4557 845 4605 lta
863 4561 889 4604 61
905 4555 1010 4606 61616616
1022 4554 1123 4605 Terram
1140 4556 1166 4608 in
1184 4556 1313 4605 noviluniis
1331 4554 1630 4625 munuum-sm
1667 4570 1676 4609 ι

299 4623 391 4674 Lunari
410 4625 505 4680 obduci.
523 4626 665 4690 neutiquam
682 4641 738 4675 vero
752 4625 832 4676 Solem
850 4627 933 4677 lumen
951 4640 1020 4676 suurn
1038 4629 1160 4682 66111616,
1177 4626 1295 4693 adeoque.
1313 4626 1379 4694 quod
1396 4626 1456 4679 inda
1473 4634 1629 4699 ensqm‘tn.
1667 4646 1676 4681 ι

300 4709 346 4746 uso
364 4696 429 4760 ipsos
446 4695 557 4747 defectus
574 4696 671 4747 luminis
690 4695 781 4748 Solaria
799 4699 824 4747 ln
843 4698 920 4748 Terra
937 4713 967 4748 es
984 4696 1072 4749 Lunae
1095 4699 1233 4750 interventu
1250 4704 1315 4749 ortos
1333 4712 1351 4749 a
1371 4698 1512 4754 amensa
1528 4702 1629 4768 ahda·

301 4765 417 4817 161666
443 4767 568 4819 sTerrse
593 4769 737 4833 1616166616
760 4769 884 4835 productis
907 4768 1011 4820 didone.
1049 4769 1121 4832 Quae
1148 4771 1339 4829 6661166161.
1364 4774 1482 4825 anuas
1503 4772 1676 4829 ιη’-ι

302 4836 428 4901 eclipslurn
452 4839 869 4907 principilsn'miliprorsnsmodo
887 4840 1676 4903 Termuastraeadtassnteoustseanaerrhsat

302 4906 518 4975 braum
540 4910 1628 4987 tristatoqsaattatnsssridanastrsrarrtaciturni.rssoasaanhasstp·=
1668 4930 1676 4969 ι
