3368 5534
52 315 60 331 x
169 294 235 367 aaa
759 295 922 384 unum

84 475 89 484 '
169 484 296 541 metrum
320 473 402 540 Solis
427 483 631 557 apparentem,
657 474 834 557 relinquitur
857 475 1081 540 semidiameter
1103 478 1227 541 umbrae
1249 479 1380 556 Terrae,
1402 487 1516 563 quanta

168 588 206 648 ea
229 567 452 629 semidiameter
475 575 523 628 est
547 566 575 626 iu
600 565 651 627 illo
675 566 752 654 loco,
776 585 865 646 quam
890 567 975 630 Luna
997 575 1158 630 monstrat.
1251 616 1255 621 .

531 678 568 723 -'
687 680 909 743 Theorema
936 681 992 744 IV.
1112 708 1116 713 ·

169 785 209 851 Si
246 788 294 850 ab
321 795 528 868 aggregato
567 786 933 851 semidiametrorum
962 786 1071 851 Solis
1108 797 1145 851 et
1178 789 1325 852 umbrae
1359 791 1515 854 Terrae

171 879 366 940 auferatur
394 876 608 957 parallaxis
631 876 754 938 Lunae
784 875 916 939 aSole
944 886 1083 960 quanta
1105 886 1254 959 potest
1276 897 1370 942 esse
1392 879 1430 942 in
1453 880 1514 942 ho·

335 965 508 1040 rizonte,
541 965 764 1047 relinquitur
787 966 933 1047 duplum
961 967 1201 1047 parallaxeos
1224 966 1351 1039 Solis.

190 1094 193 1106 ‚
258 1054 337 1118 Nam
359 1073 413 1136 per
436 1055 478 1116 th.
503 1054 559 1119 111.
584 1055 749 1135 parallaxis
773 1055 877 1117 Lunae
896 1064 962 1117 tota
983 1064 1016 1117 et
1034 1056 1200 1136 parallaxis
1217 1055 1298 1119 Solis
1311 1056 1515 1121 horizontalea

166 1144 289 1224 junctae
319 1154 451 1224 aequant
474 1144 598 1222 junctas
631 1143 871 1206 semidiametros
896 1143 977 1206 Solis
1006 1155 1039 1206 et
1062 1146 1181 1207 umbrae
1205 1145 1316 1208 Terrae
1340 1145 1371 1208 iu
1393 1157 1514 1228 puncto,

171 1229 248 1313 qoo'd
273 1234 360 1294 Luna
389 1243 539 1294 monstrat
564 1252 618 1294 suo
641 1233 784 1307 transitu,
810 1243 1000 1314 apparentes.
1047 1233 1108 1297 Sed
1131 1242 1199 1297 tota
1219 1235 1325 1297 Lunae
1348 1236 1515 1316 parallaxie

171 1323 316 1384 diminuta
339 1322 488 1402 parallaxi
503 1320 584 1384 Solis
608 1321 778 1403 appellatur
800 1321 966 1401 parallaxis
980 1322 1085 1385 Lunae
1100 1344 1119 1385 a
1134 1322 1215 1386 Sole.
1253 1325 1336 1403 Ergo
1350 1325 1515 1406 parallaxis

170 1411 252 1474 Solis
275 1411 331 1485 bis,
356 1421 389 1473 et
411 1411 576 1492 parallaxis
591 1412 693 1472 Lunae
718 1409 823 1472 aSole
847 1421 977 1492 aequant
996 1412 1236 1475 semidiametros
1250 1414 1360 1476 diotaa
1401 1416 1516 1477 Ablata

169 1501 261 1580 igitur
274 1502 422 1580 parallaxi
438 1501 543 1562 Lunae
564 1498 668 1561 aSole
691 1499 729 1561 ab
749 1510 915 1581 aggregato
931 1500 1219 1564 semidiametrorum
1239 1502 1322 1565 Solia
1347 1511 1380 1565 et
1394 1504 1516 1567 umbrae

169 1589 344 1671 relinquitur
367 1591 486 1670 duplum
509 1589 700 1670 parallaxeos
724 1587 820 1666 Solis3
845 1609 873 1671 q.
898 1611 925 1652 e.
950 1590 979 1654 d.

709 1704 915 1768 Theorema
938 1705 979 1769 V.
1041 1716 1047 1728 ’

170 1804 330 1884 Quanta
362 1820 422 1873 est
452 1811 675 1873 differentia
697 1812 1004 1875 semimucronum
1031 1810 1182 1875 umbrae
1205 1812 1382 1876 dirersis
1405 1813 1513 1878 Solia

170 1891 477 1981 elongationibus
500 1921 518 1961 a
541 1900 679 1962 Terrae
700 1900 974 1983 formatorum,
1003 1905 1115 1963 tauta'
1137 1910 1195 1964 est
1223 1903 1342 1966 etiam
1363 1904 1400 1966 iu
1429 1924 1513 1967 uno·

170 1978 344 2074 quolibet
389 1977 467 2052 loeo
499 1990 687 2053 transitus
726 1989 848 2053 Lunae
883 1990 1116 2054 differentia
1149 1985 1513 2057 semidiametrorum

169 2079 335 2143 umbrae
359 2079 495 2143 Terrae
533 2079 568 2141 iu
596 2078 823 2141 horizontem
856 2088 1116 2160 exporreotae,
1145 2081 1373 2145 affectionis
1401 2092 1512 2146 tamen

317 2192 322 2203 ·
725 2169 949 2232 contrariae.
1015 2207 1018 2213 -

258 2259 292 2322 In
323 2257 477 2320 schemate
508 2256 673 2337 praemisso
704 2257 921 2339 appropinquet
948 2256 1003 2322 Sol
1026 2257 1137 2320 Terrae
1169 2277 1262 2340 nsque
1293 2258 1324 2322 in
1348 2259 1389 2336 K,
1417 2261 1512 2342 aitque

171 2350 228 2411 KL
252 2349 476 2433 semidiameter
500 2345 634 2425 aequalis
659 2347 723 2426 ipsi·
739 2347 797 2408 AD
821 2347 906 2428 eique
930 2346 1096 2425 parallelo,
1125 2350 1309 2429 duceturque
1333 2369 1415 2413 nora
1438 2351 1512 2413 linea

171 2439 350 2518 contingens
371 2447 527 2516 utrumque
541 2453 655 2515 ¹corpus
676 2436 704 2501 iu
719 2434 746 2496 E
765 2443 797 2496 et
810 2435 848 2510 L,-
872 2436 1118 2518 eontinueturque
1133 2456 1225 2519 usque
1240 2439 1311 2501 dum
1327 2448 1414 2502 senet
1429 2458 1512 2503 axem

171 2528 293 2591 umbrae
317 2525 445 2589 Telluris
469 2525 496 2586 in
521 2525 559 2599 H,
583 2533 617 2585 ut
638 2525 722 2587 ΕΗΒ
746 2524 787 2587 sit
809 2525 984 2588 semimncro
1008 2544 1111 2588 nonus.
1161 2526 1321 2591 Seoabitur
1344 2527 1440 2610 igitur
1462 2526 1512 2592 EG

172 2617 252 2680 linea
273 2635 327 2698 per
349 2613 406 2676 ΕΗ
418 2615 556 2687 ‘linea1n;
581 2623 668 2675 secet
691 2613 720 2684 iu
744 2614 770 2676 I.
818 2612 897 2685 Quia
920 2613 1011 2697 igitur
1025 2611 1107 2678 ECB
1131 2617 1307 2679 semimuero
1325 2617 1474 2699 pristinus
1490 2629 1516 2680 et

170 2706 254 2770 ΕΗΒ
277 2717 382 2779 novus,
405 2703 575 2765 differentia
601 2702 755 2783 utriusque
780 2711 828 2764 est
852 2701 950 2778 uuo,
974 2704 1002 2766 h.
1028 2724 1054 2768 e.
1078 2704 1157 2769 lun.
1200 2707 1245 2769 At
1268 2704 1337 2770 lEF
1360 2718 1412 2771 est
1433 2708 1514 2772 dille·

134 2826 136 2831 ·
170 2796 268 2860 tentia
290 2795 464 2874 angulorum
488 2791 571 2854 GEF
594 2792 768 2871 apparentis
791 2792 1006 2855 semidiametri
1029 2793 1176 2874 pristinae
1199 2804 1231 2857 et
1251 2793 1325 2859 out
1347 2815 1464 2872 novae,
1486 2797 1512 2858 iu

170 2885 274 2948 eodem
297 2885 401 2949 Lunae
425 2881 555 2944 transitu
579 2879 644 2943 GF.
691 2881 847 2961 Aequales
872 2881 962 2960 igitur
986 2882 1184 2958 differentiae,
1219 2903 1247 2964 q.
1271 2878 1298 2944 e.
1325 2884 1354 2947 d.

87 2974 91 2980 '
257 2974 333 3036 Dico
361 2982 462 3034 autem
487 2971 536 3046 „in
560 2971 745 3032 horizontem
771 2972 1005 3050 exporrectae,“
1040 2971 1110 3051 quia
1133 2972 1158 3032 si
1182 2972 1274 3035 Luna·
1292 2973 1437 3037 definiens
1460 2993 1512 3056 ap-

173 3065 352 3147 propinquet
383 3061 459 3123 ooeli
486 3061 601 3134 medio,
638 3068 708 3121 tuno
745 3079 804 3121 una
839 3059 1062 3122 semidiametro
1090 3059 1201 3122 Terrae
1228 3060 1263 3122 tlt
1284 3063 1409 3143 propior
1432 3063 1513 3137 aaut,

102 3192 105 3197 >
171 3174 260 3238 qnam
297 3161 400 3216 centro
418 3151 422 3159 “
438 3150 561 3226 Terrae,
609 3157 681 3213 tune
709 3148 800 3229 igitur
834 3150 991 3212 theorema
1022 3166 1080 3211 nou
1116 3149 1278 3213 limitatum
1315 3171 1375 3214 non
1413 3164 1514 3216 mete

170 3263 272 3307 verum
295 3250 385 3305 esset.

696 3327 904 3390 Theorema
928 3326 982 3388 VL

170 3419 208 3484 Si
246 3419 402 3482 auferas
439 3435 458 3475 a
494 3413 715 3477 differentia
751 3414 1133 3477 semidiametrorum
1168 3415 1274 3479 Solis
1324 3436 1512 3501 apparen-

161 3502 332 3573 tiumex
363 3504 535 3569 diversis
573 3500 651 3583 ejus
679 3504 1002 3584 elongationibus
1032 3503 1359 3570 differentiolam
1388 3510 1511 3590 paral-

163 3596 309 3662 'laxium
347 3594 446 3660 Solis
478 3592 777 3655 horizontalium
810 3594 842 3654 in
870 3593 1005 3656 iisdem
1034 3593 1367 3672 elongationibus,
1400 3598 1512 3660 relin-

171 3691 305 3773 quitur
337 3682 566 3747 differentia
603 3682 1000 3744 semidiametrorum
1031 3681 1183 3744 umbrae
1216 3688 1511 3762 apparentium,

172 3780 212 3844 iu
235 3797 308 3842 uuo
332 3784 373 3839 et
395 3773 532 3835 eodem
555 3771 648 3832 loco
671 3772 890 3833 transitus
917 3771 1059 3846 Lunae,
1090 3771 1438 3851 respondentium
1460 3775 1511 3838 di-

446 3859 585 3922 versis
608 3859 701 3922 illis
723 3860 839 3922 Solis
869 3857 1238 3941 elongationibus.

259 3957 337 4019 Nam
373 3969 426 4031 per
453 3951 495 4012 th.
530 3950 569 4012 V.
607 3949 776 4011 differentia
811 3948 1057 4010 semimuoronum
1093 3958 1142 4009 est
1170 3949 1341 4013 differentia
1369 3953 1511 4016 semidia-

171 4056 331 4111 metrorum
360 4041 482 4103 umbrae
506 4040 616 4101 Terrae
646 4038 675 4098 in
699 4039 803 4099 eodem
826 4038 893 4098 loeo
917 4034 1063 4099 transitus
1085 4036 1200 4100 Lunae.
1246 4037 1309 4102 Sed
1331 4058 1386 4121 per
1409 4041 1509 4105 enroll.

173 4138 210 4199 ad
244 4135 288 4198 th.
317 4133 342 4195 Ι.
376 4128 545 4191 differentia
580 4125 825 4189 semimueronum
858 4134 907 4187 est
936 4126 1031 4189 minor
1063 4144 1151 4207 quam
1180 4126 1352 4191 differentia
1373 4131 1512 4195 numidia

173 4233 332 4288 metrorum
357 4217 438 4283 Solis
472 4217 671 4279 differentiola
697 4216 895 4294 parallaxium
919 4213 1001 4277 Solis
1028 4215 1269 4279 horizontalium
1314 4217 1397 4299 Ergo
1420 4221 1511 4284 derni-

174 4324 247 4376 nuta
277 4313 350 4374 haee
382 4306 582 4370 differentiola
614 4326 633 4367 a
661 4305 828 4366 differentia
851 4304 1138 4366 semidiametrorum
1161 4303 1242 4367 Solia
1264 4306 1409 4387 relinquit
1429 4309 1511 4373 dife-

175 4403 302 4467 rentiam
325 4398 609 4461 semidiametrorum
632 4393 754 4455 umbrae
777 4395 992 4474 apparentium,
1015 4393 1045 4454 h.
1069 4413 1094 4455 e.
1120 4394 1185 4472 ejus
1207 4394 1393 4474 angulorum.

240 4502 243 4507 ’
263 4487 521 4556 corollarium.
564 4483 640 4545 Cum
663 4481 861 4543 differentiola
878 4481 1078 4562 parallaxinm
1092 4481 1175 4544 Solis
1190 4482 1253 4556 illa,
1275 4503 1354 4566 quae
1369 4486 1509 4550 orituros

174 4581 255 4646 Solis
279 4576 511 4650 eccentricitate,
536 4573 576 4633 sit
597 4588 673 4651 pene
701 4570 898 4647 insensibilis,
930 4571 972 4634 uti
996 4590 1153 4650 possumus
1177 4571 1347 4635 differentia
1369 4577 1506 4638 semidia-

174 4672 336 4734 metrorum
357 4665 440 4730 Solis
461 4681 514 4743 pro
538 4659 706 4723 differentia
728 4660 938 4723 diametromm
971 4660 1092 4723 umbrae
1122 4662 1306 4740 singularum
1329 4664 1361 4727 iu
1388 4664 1507 4746 singulis

174 4760 250 4823 loeis
272 4756 420 4821 transitus
441 4752 564 4824 Lunae;
586 4757 620 4810 ut
642 4759 783 4830 quantum
805 4758 930 4830 augetur
952 4748 1033 4814 Solis
1056 4750 1211 4824 diameter,
1233 4752 1505 4817 tautumdiminua·

176 4857 225 4914 tur
247 4848 394 4913 diametn
415 4842 536 4906 umbrae
559 4839 632 4902 fere.
