3368 5534
610 394 613 401 ,
683 314 842 369 Mum·
1375 317 1438 386 152

161 494 292 568 Denique
312 496 400 570 igitur
419 495 542 552 aediiloio
563 494 706 566 fastigium
725 496 778 550 boo
798 495 852 550 luit
871 494 1027 566 impositum
1048 502 1077 551 et
1097 497 1310 553 demonstratum
1326 514 1438 570 geome-
1540 480 1544 485 ¹
1600 512 1617 549 ἰ

81 575 169 641 triae,
191 576 370 633 librationem
389 576 545 648 hujusmodi
572 575 643 630 ellici
668 578 758 631 solere
779 592 798 630 a
818 576 977 648 magnetioa
1003 593 1136 647 oorporea
1156 578 1299 634 iaoultote.
1339 580 1438 650 ltaque

80 662 204 711 motores
225 646 461 729 bi'planetarum
474 656 578 729 proprii
597 656 819 727 probabilissime
840 656 942 710 ostensi
963 663 1029 711 sunt
1048 657 1116 712 nihil
1145 658 1219 712 aliud
1250 676 1325 721 esse,
1357 675 1437 730 quam

79 737 245 792 affectiones
276 738 397 810 ipsorum
426 736 644 809 planetariorum
674 754 817 807 corporum
847 736 932 800 tales,
967 736 1058 808 qualis
1089 744 1137 791 est·
1162 738 1190 791 in
1220 746 1350 810 magnete
1379 738 1438 809 poli

79 822 221 887 appetens
242 817 399 891 ferrumque
419 818 549 889 rapiens:
570 825 603 872 ut
622 817 664 871 ita
684 826 746 872 tota
759 817 831 871 ratio
845 823 967 871 motuum
981 816 1139 881 coelestium
1160 818 1342 873 facultatibus
1362 835 1440 897 more

78 897 232 967 corporeis,
254 899 307 955 boo
327 905 373 954 est
391 897 616 972 magnetiois·,
638 897 859 961 administretur,
882 904 1003 968 excepta
1022 898 1085 952 sola
1105 898 1293 953 turbinatione
1315 898 1436 969 eorporis

77 977 187 1032 Solaria
207 976 237 1031 in
257 994 308 1034 suo
330 979 422 1049 spatio
442 977 643 1049 permanentis,
675 978 718 1032 oui
748 977 828 1032 vitali
858 973 993 1033 facultate
1028 995 1097 1049 opus
1127 995 1189 1032 esse
1209 979 1325 1033 ridetur.
1367 981 1445 1034 Nam'

78 1065 162 1127 parte
184 1056 284 1129 quinta
310 1060 538 1123 demonstratum,
569 1065 678 1112 nostras
704 1057 764 1127 jam
793 1058 963 1112 introductas
992 1058 1163 1130 hypotheses
1190 1058 1322 1131 physicas
1353 1058 1438 1115 etiam

77 1137 275 1193 latitudinibus
306 1139 478 1195 satisfaoore.
518 1139 622 1193 Datum
650 1147 742 1195 tamen
772 1138 825 1193 fuit
854 1138 956 1208 aliquid
986 1138 1113 1209 partibus
1143 1139 1190 1194 111.
1223 1146 1251 1193 et
1280 1140 1326 1195 IV.
1353 1140 1436 1195 etiam

77 1216 200 1282 menti,
231 1226 264 1273 nt
284 1227 373 1275 motor
392 1220 526 1290 planetae
547 1217 674 1289 proprius
695 1218 887 1273 eumanimali
909 1218 1045 1275 famrltate
1066 1218 1189 1273 morendi
1212 1218 1252 1273 sui
1274 1220 1353 1290 globi
1374 1237 1437 1275 ooo·

78 1297 186 1369 jungat
212 1298 363 1365 rationem,
398 1298 423 1354 si
453 1298 513 1370 quis
544 1298 746 1367 objectionibus
775 1298 913 1353 nonnullis
943 1298 1086 1354 extraneis
1121 1301 1155 1352 ad
1186 1300 1305 1369 speoiem
1339 1298 1437 1355 validis

77 1377 211 1442 territur,
234 1386 354 1435 naturae
375 1396 518 1451 oorporum
539 1379 661 1433 diffidere
682 1379 763 1434 volit:
785 1381 864 1433 modo
885 1378 951 1433 talis
972 1378 1071 1449 aliquis
1092 1379 1144 1433 boo
1164 1379 1296 1450 resipiat,
1318 1386 1435 1435 mentem

78 1458 158 1514 illam
178 1458 222 1512 uti
242 1460 391 1532 apparenti
411 1458 545 1531 &ametro
559 1459 631 1514 Solis
649 1477 698 1530 pro
720 1474 850 1514 mensura
863 1459 1027 1525 librationis,
1045 1475 1208 1530 sensumque
1229 1460 1334 1514 babere
1347 1475 1436 1533 ango·

78 1539 178 1602 lorum,
202 1555 270 1610 quos
291 1540 442 1613 exquirunt
461 1540 620 1595 astronomi.

156 1618 280 1675 Tantum
299 1621 386 1694 igitur
405 1620 434 1675 in
454 1620 575 1692 gratiam
596 1619 769 1692 physioorum
791 1620 891 1674 dietum
912 1626 988 1674 esto:
1010 1625 1105 1676 oetora
1125 1619 1266 1675 invenient
1285 1618 1437 1678 astronomi
1511 1650 1516 1659 ·

76 1707 107 1754 et
126 1707 292 1771 geometras
312 1718 363 1756 ruo
384 1701 526 1772 quaelibet
545 1699 639 1755 ordine
659 1718 697 1755 ex
717 1700 895 1771 sequentibus
916 1697 1087 1771 sinmrlorum
1109 1700 1229 1772 capitum
1253 1700 1434 1773 argumentis,

76 1795 150 1851 quaa
179 1780 267 1850 paulo
295 1781 451 1852 prolixiora
479 1797 542 1835 esse
571 1780 658 1845 volui,
689 1794 756 1835 oum·
782 1787 813 1834 ut
837 1787 933 1835 essent
953 1780 1012 1834 loeo
1043 1781 1185 1846 indicis,
1218 1789 1274 1836 tum
1294 1790 1327 1836 ut
1346 1781 1435 1836 leotor

76 1856 183 1931 passim
202 1860 323 1917 haerens
344 1861 371 1917 in
393 1860 562 1916 obsouritate
583 1860 640 1914 sive
661 1859 797 1915 materiae
824 1877 873 1914 sou
900 1859 982 1932 styli,
1010 1864 1157 1916 secundom
1177 1862 1312 1916 Tabulam
1333 1878 1435 1934 synop-

75 1941 160 1995 u'eam
195 1941 233 1995 ab
263 1941 307 1997 bis
337 1941 423 1997 etiam
460 1941 632 2013 argumentis
671 1941 793 2012 aliquam
822 1941 911 1994 lucem
940 1946 1022 2010 petat
1050 1941 1240 2013 rationemque
1274 1941 1375 1996 ordinis
1405 1947 1437 1997 et
1479 1996 1482 2001 .

78 2021 287 2078 wantiam
306 2038 397 2077 rerum
418 2021 445 2076 in
466 2021 537 2075 idem
557 2027 643 2092 eaput
663 2028 864 2093 congestarum,
887 2021 910 2074 si
931 2019 1018 2075 minus
1039 2022 1164 2077 fortassis
1185 2023 1212 2076 in
1227 2022 1287 2093 ipso
1301 2028 1435 2077 contextu
1509 2076 1514 2091 ,

79 2103 117 2157 sit
146 2102 315 2177 oonqpioua,
345 2101 482 2173 pereipiat
511 2101 665 2157 evidentius
694 2101 767 2156 inter
795 2106 963 2172 argumenta
991 2100 1019 2155 in
1046 2102 1241 2175 paragraphos
1262 2120 1325 2157 suos
1347 2108 1434 2159 secta.
1478 2136 1499 2177 ,-
1520 2138 1533 2177 .;

78 2184 174 2247 mare
195 2183 285 2239 leotor
305 2182 370 2237 boni
390 2182 525 2248 oonsulat,
546 2199 625 2254 rogo.
