3368 5534
173 288 218 362 20
617 291 648 345 ln
668 291 853 345 Commentario
871 294 903 345 da
920 302 989 344 motu
1007 291 1096 344 blattis

174 473 250 536 vitio
275 479 308 533 et
328 470 565 554 praecipitantia
588 471 706 546 calculi,
731 489 784 533 seu
807 489 984 553 quacunque
1000 469 1062 533 alia
1076 470 1204 532 ratione.
1243 469 1319 537 Cum
1340 471 1435 552 igitur
1449 473 1543 538 etiam

172 582 228 646 per
251 581 284 623 se
308 562 406 643 ipsum
429 568 606 643 suspectum
629 561 679 635 sit,
703 578 858 622 assumere
882 559 1083 642 quantitatem
1105 560 1263 641 aequantia
1285 564 1427 641 praecise
1451 564 1543 626 dimi-

174 652 256 715 diam
280 650 518 714 eccentrieitatis
542 650 647 723 totius,
672 649 731 711 erit
753 649 846 729 igitur
868 657 939 712 ante
963 649 1063 712 omnia
1084 650 1142 712 hoc
1166 651 1263 735 ipsum
1286 653 1395 732 majori
1420 653 1543 734 praeci-

173 740 259 806 sione
282 738 471 814 tentandum,
496 758 584 820 quam
607 739 755 800 hactenus
780 759 799 799 a
821 758 868 800 me
891 739 1004 801 lactum
1028 747 1085 801 est.

263 833 331 893 Hoc
355 830 582 892 fundamentum
609 828 668 890 erit
698 829 830 891 omnium
859 846 936 910 quae
965 847 1056 910 porro
1079 829 1110 889 in
1133 830 1233 890 Marte
1264 831 1376 892 tentari
1400 841 1542 911 possunt

173 921 234 986 Ubi
259 921 296 982 de
319 918 489 1001 quantitate
514 917 698 992 convenerit,
722 925 916 980 construatur
938 925 1049 998 postea
1070 917 1174 979 tabula
1197 917 1236 978 ad
1260 918 1398 998 singulos
1429 921 1543 1000 gradus

175 1011 214 1072 ab
238 1028 374 1090 apogaeo
398 1007 498 1082 Solis,
530 1006 676 1069 exhibens
709 1007 886 1069 distantiam
911 1006 995 1069 Solis
1017 1027 1038 1067 a
1059 1008 1163 1069 Terra
1210 1007 1306 1069 Simul
1340 1009 1436 1071 etiarn
1460 1011 1542 1071 revi-

175 1100 304 1162 deantur
326 1097 524 1179 aequationes
546 1098 680 1159 eccentri
704 1096 834 1170 Solaria,
858 1116 936 1177 quae
958 1096 1039 1157 circa
1053 1093 1116 1161 45⁰
1130 1094 1168 1155 ab
1184 1114 1320 1176 apogaeo
1344 1101 1544 1161 mutabuntur

90 1198 94 1205 '
175 1188 218 1264 (si
241 1187 367 1250 dimidia
390 1187 432 1248 sit
455 1185 667 1248 eccentrieitas
682 1206 762 1247 nova
781 1187 938 1268 antiquae)
958 1186 1046 1247 unius
1067 1184 1198 1265 scrupuli
1217 1187 1387 1266 quantitate
1408 1189 1541 1252 circiter.

262 1278 334 1339 Jam
357 1277 436 1359 quod
460 1275 558 1358 ipsum
577 1275 689 1338 Martis
713 1276 912 1337 eccentricum
935 1274 1055 1350 attinet,
1079 1275 1109 1336 in
1134 1293 1169 1334 eo
1192 1274 1321 1354 primum
1341 1278 1542 1358 aequationes

173 1386 233 1430 non
256 1365 334 1428 bene
356 1366 481 1440 habeut,
505 1366 547 1439 (in
571 1388 651 1440 marg.
683 1366 768 1427 Haec
790 1364 910 1427 demum
931 1364 982 1425 die
1006 1362 1178 1444 paschatis)
1205 1363 1332 1446 ideoque
1356 1366 1472 1428 vitiosa
1496 1376 1543 1429 est

170 1454 326 1538 proportio
350 1454 550 1517 circellorum.
596 1455 676 1518 Nam
699 1453 868 1534 ἀκρωνχιαι
890 1453 1119 1516 observationes
1142 1452 1256 1515 habent
1279 1454 1335 1515 hoc
1357 1455 1437 1529 vitii,
1462 1457 1541 1537 quod

170 1545 308 1608 reductio
331 1545 467 1607 locorum
491 1543 699 1623 eclipticorum
722 1543 761 1604 ad
785 1542 913 1605 orbitam
929 1549 954 1612 (ς
971 1543 1053 1603 iacta
1075 1549 1123 1604 est
1145 1561 1200 1621 per
1222 1541 1414 1606 latitudinem
1440 1546 1541 1606 maxi-

169 1654 250 1698 mam
272 1634 396 1696 boream
420 1641 453 1693 et
476 1632 661 1706 austrinam,
694 1650 770 1712 quae
794 1631 951 1694 debuisset
974 1632 1038 1693 fieri
1060 1638 1179 1692 tantum
1201 1650 1256 1711 per
1280 1633 1425 1712 angulum
1452 1634 1540 1695 incli-

172 1723 306 1787 nationis
330 1721 502 1785 eccentrici.
542 1722 609 1782 lloc
629 1728 718 1801 pacto
747 1719 797 1783 10‘
820 1720 930 1783 alicubi
955 1727 1026 1781 sunt
1049 1719 1164 1792 addita,
1188 1720 1238 1783 ubi
1261 1741 1320 1782 uon
1345 1723 1427 1783 ultra
1452 1743 1540 1785 unum

174 1812 285 1875 luisset
307 1811 487 1875 addendum.
537 1810 644 1891 ltaque
676 1809 813 1888 exsurgit
827 1829 865 1870 ex
889 1810 1112 1889 comparatione
1132 1809 1230 1870 dextri
1259 1818 1291 1870 et
1307 1811 1425 1873 sinistri
1447 1812 1540 1874 semi-

171 1902 277 1965 circuli
301 1899 471 1963 differentia
494 1899 615 1960 circiter
637 1895 701 1961 20¹.
745 1898 864 1969 Quodsi
888 1899 924 1959 de
948 1917 1026 1960 noro
1051 1905 1206 1959 stmantur
1235 1900 1541 1980 prosthaphaereses,

174 2011 344 2073 apogaeum
368 1988 489 2071 quidem
513 1996 566 2049 aut
589 1987 694 2049 eodem
719 1989 786 2049 loco
809 1988 952 2062 mauebit,
975 1995 1029 2048 aut
1050 2006 1155 2067 parum
1178 1987 1339 2049 admodum
1362 1991 1541 2063 mutabitur,
1582 2002 1585 2074 Ι

174 2091 208 2145 at
240 2080 407 2143 variabitur
432 2076 589 2159 proportio
613 2077 817 2151 circellomm‚
841 2077 944 2139 forsan
974 2084 1006 2136 et
1035 2077 1102 2156 ipsa
1134 2077 1293 2156 aequantia
1325 2079 1541 2141 eccentrieitas

175 2168 312 2234 nonnihil
336 2165 561 2238 emendabitur,
592 2166 635 2228 sic
667 2173 701 2228 ut
718 2167 871 2233 maximae
894 2164 1090 2247 aequationes
1112 2167 1187 2228 dant
1215 2165 1305 2246 paulo
1330 2167 1466 2248 majores
1490 2176 1541 2232 aut

173 2258 316 2321 minores.
369 2255 509 2318 Manebit
539 2274 705 2336 apogaeum
731 2252 818 2329 ideo,
849 2255 918 2337 quia
945 2254 1015 2315 nodi
1043 2261 1113 2316 suut
1145 2255 1208 2315 fere
1237 2253 1267 2315 in
1296 2255 1541 2335 longitudinibus

172 2346 299 2419 mediis,
332 2352 364 2405 et
396 2363 466 2406 vere
495 2344 663 2426 aequaliter
694 2366 713 2404 a
740 2344 828 2406 nodis
858 2343 999 2424 aequalia
1027 2362 1081 2422 per
1111 2343 1313 2406 reductionem
1344 2346 1385 2406 ad
1409 2342 1540 2409 orbitam

172 2445 244 2499 sunt
267 2434 380 2495 addita.
428 2432 597 2495 Mutabitur
620 2434 760 2514 aequatio
785 2433 916 2494 maxima
945 2441 1120 2511 propterea,
1151 2431 1222 2512 quia
1252 2451 1307 2512 per
1331 2434 1540 2497 reductionem

173 2523 376 2606 jamdictam
399 2523 485 2583 Mars
509 2524 646 2603 utrinque
677 2531 708 2584 et
737 2524 777 2583 ad
806 2540 972 2602 apogaeum
1002 2529 1033 2582 et
1063 2520 1102 2581 ad
1130 2521 1305 2600 perigacum
1332 2524 1461 2603 propius
1486 2526 1542 2586 fuit
1583 2514 1585 2521 ’

172 2615 324 2687 admotus,
348 2630 437 2693 quam
462 2630 493 2671 re
519 2630 591 2672 vera
615 2620 690 2674 erat.
729 2611 872 2674 Conditio
897 2629 969 2671 vero
993 2609 1106 2670 circelli
1129 2608 1185 2669 hoc
1209 2611 1307 2684 affert,
1331 2619 1365 2672 ut
1389 2612 1415 2673 si
1438 2634 1540 2675 remo-

171 2710 244 2765 veat
266 2704 397 2764 Martem
422 2700 460 2760 ab
484 2718 620 2779 apogaeo
643 2700 673 2761 in
697 2709 854 2782 utramque
876 2706 1013 2779 partem,
1043 2697 1166 2778 propius
1195 2717 1261 2759 oum
1290 2699 1328 2760 ad
1358 2701 1538 2781 perigaeum

172 2792 336 2855 admoveat
360 2797 412 2850 aut
436 2797 555 2850 contra:
582 2790 684 2870 sicque
708 2790 855 2851 altemtro
874 2789 941 2850 loco
958 2786 1139 2865 contrarium
1159 2787 1196 2860 ei,
1220 2788 1299 2867 quod
1320 2789 1422 2863 debet,
1447 2811 1540 2872 prae-

171 2880 319 2953 stabitur,
351 2878 377 2939 si
410 2879 506 2939 solam
538 2879 765 2960 proportionem
797 2878 985 2941 cimeliorum
1013 2885 1171 2936 mutemus.
1219 2877 1327 2956 Itaque
1359 2880 1485 2942 omnino
1510 2891 1542 2944 et

170 2970 268 3052 ipsam
292 2967 529 3029 eccentrieitatis
553 2969 752 3048 quantitatem
777 2967 808 3030 in
824 2966 991 3030 subsidium
1005 2964 1355 3047 advocare-debebimus.
1396 2969 1542 3034 Proderit

171 3066 282 3131 autem,
299 3057 377 3117 lianc
394 3057 606 3137 aequationem
628 3056 762 3119 tabulam
788 3056 949 3138 dupliciter
974 3054 1135 3118 restituere
1155 3053 1282 3133 primum
1304 3056 1404 3117 relata
1424 3060 1541 3123 Martis

171 3144 399 3211 eccentrieitate
418 3145 607 3208 eumedium
625 3147 723 3209 locum
739 3146 832 3209 Solis.
862 3148 929 3208 lloc
944 3144 1033 3207 modo
1049 3141 1233 3203 constitutae
1253 3145 1455 3224 aequationes
1472 3150 1540 3211 cal-

171 3237 238 3299 culo
262 3235 376 3296 usitato
401 3234 536 3296 servient
557 3237 702 3317 nobisque
726 3235 872 3317 prodesse
887 3242 1031 3315 poterunt
1046 3231 1190 3292 ulteriora
1213 3233 1421 3309 tentantibus;
1448 3239 1539 3300 dille-

170 3332 239 3391 reut
262 3332 362 3386 tamen
394 3323 586 3386 nihilominus
610 3346 629 3386 a
650 3326 749 3399 veris,
782 3325 811 3386 in
838 3325 915 3386 locis
938 3321 1089 3403 aliquibus
1105 3319 1225 3381 circiter
1248 3317 1289 3394 5‘,
1317 3332 1447 3403 propter
1464 3348 1540 3390 cau·
1583 3314 1586 3329 ¹

141 3416 145 3425 '
165 3432 238 3480 um
260 3420 332 3493 post
354 3411 521 3474 dicendam.
569 3415 686 3476 Deinde
702 3416 794 3476 etiam
808 3415 866 3476 hoc
883 3413 972 3475 modo
989 3409 1048 3471 erit
1067 3409 1267 3470 construenda
1290 3411 1397 3473 tabula
1421 3435 1540 3498 aequa·

170 3500 297 3575 tionum,
322 3509 356 3562 ot
378 3520 482 3563 omnes
505 3501 633 3582 primum
656 3503 862 3585 oppositiones
878 3501 990 3563 Martis
1013 3505 1045 3559 et
1060 3496 1142 3559 Solis
1166 3498 1344 3561 reducamus
1368 3503 1408 3564 ad
1432 3524 1542 3571 verum

171 3591 271 3665 locum
295 3589 465 3669 oppositum
490 3590 587 3667 Solis,
612 3593 719 3655 deinde
742 3612 796 3673 per
819 3591 960 3670 angulum
984 3586 1190 3650 inclinationis
1214 3587 1365 3650 maximae
1395 3593 1438 3664 (si
1465 3595 1542 3656 haec

171 3677 391 3759 scmpulositas
414 3681 588 3742 necessaria
619 3682 784 3754 videbitur)
816 3700 906 3742 verus
941 3680 1025 3741 locus
1058 3676 1215 3756 oppositus
1239 3675 1323 3739 Solis
1355 3681 1414 3742 crit
1445 3685 1541 3746 redu-

170 3767 283 3831 cendus
307 3767 345 3827 ad
369 3768 498 3830 orbitam
521 3770 647 3845 Martis,
678 3791 737 3853 qua
760 3769 935 3832 reductione
959 3766 1098 3846 nuspiam
1122 3764 1201 3825 ultra
1230 3765 1257 3823 l‘
1281 3763 1346 3828 20“
1369 3773 1542 3837 mutabitur

171 3858 256 3920 locus
279 3854 400 3919 Martis.
455 3859 521 3920 lloc
549 3869 639 3941 pacto
669 3860 695 3921 si
724 3867 880 3921 struantur
907 3876 945 3918 ex
978 3853 1018 3918 10
1048 3853 1313 3916 observationibus
1345 3863 1542 3942 acronychiis

171 3964 269 4009 novae
292 3945 505 4026 aequationes,
538 3949 627 4010 cadet
651 3949 782 4029 ipsarum
806 3946 957 4027 aphelium
987 3943 1070 4017 (loco
1095 3942 1221 4023 apogaei
1245 3943 1323 4004 hanc
1347 3967 1454 4010 rocem
1475 3951 1541 4032 jarn

173 4033 341 4108 substituo)
364 4036 394 4096 in
418 4032 513 4123 6⁰q
546 4038 682 4111 circiter,
713 4038 828 4117 eritque
859 4034 1072 4096 eccentrieitas
1105 4030 1263 4113 aequantis
1296 4053 1316 4093 a
1339 4034 1412 4097 Sole
1446 4041 1543 4120 paulo

214 4158 269 4225 rig.
290 4156 313 4208 1,
359 4125 475 4198 minor,
506 4146 594 4207 quam
618 4126 757 4188 emedio
792 4125 858 4186 loco
882 4123 975 4186 Solis.
1022 4123 1111 4184 Licet
1134 4119 1163 4182 id
1195 4119 1287 4181 etiam
1319 4126 1453 4204 experiri
1485 4150 1541 4211 per

194 4256 213 4316 p,
368 4212 551 4293 triangulum
575 4213 670 4289 ABC,
695 4213 746 4275 ubi
769 4214 799 4275 A
823 4220 871 4274 est
895 4213 1010 4275 medius
1035 4212 1119 4273 locus
1142 4208 1240 4283 Solis,
1264 4211 1290 4271 B
1315 4211 1388 4287 Sol,
1414 4213 1440 4280 C
1465 4237 1542 4283 cen.

368 4309 448 4362 trum
470 4303 664 4385 aequalitatis
687 4301 799 4365 Martis
829 4304 925 4374 (more
948 4301 1109 4373 Ptolem),
1132 4299 1188 4361 AB
1217 4301 1430 4365 eccentricius
1455 4307 1543 4372 Solio

368 4398 449 4464 tota,
478 4401 510 4453 ut
532 4393 679 4453 hactenus
712 4390 766 4452 illa
790 4391 847 4452 tuit
862 4381 1022 4472 'usurpata
1070 4385 1127 4449 Ac
1160 4388 1373 4450 eccentrieitas
1405 4398 1545 4461 maxims

247 4470 281 4611 l<
368 4467 478 4540 llartis
517 4481 662 4542 hacteuus
700 4479 823 4540 credita.
871 4480 939 4542 Erit
969 4497 1041 4558 ergo
1075 4475 1127 4540 CB
1162 4477 1375 4540 eccentrieitas
1406 4503 1426 4543 a
1455 4485 1541 4550 Solo.

367 4566 452 4631 BAC
476 4569 605 4648 angulus
629 4568 748 4630 circiter
772 4565 813 4631 47
823 4563 871 4648 ¹l„
896 4578 1039 4651 quantum
1063 4575 1110 4626 est
1139 4565 1216 4626 iuter
1238 4560 1279 4628 θ’
1302 4583 1333 4632 es
1359 4577 1392 4630 et
1415 4568 1481 4636 24⁰
1507 4585 1541 4653 n.

245 4644 318 4833 gl
368 4658 480 4808 lter
493 4658 796 4828 ltltltttlttt
816 4656 1341 4824 {liltttttllttttl
1354 4657 1545 4816 tutte:

188 4826 219 4904 Μ’
317 4804 346 4933 l„
369 4842 459 4911 tates,
486 4837 515 4899 id
539 4837 629 4899 aliter
652 4835 715 4900 lieri
734 4856 793 4898 nou
816 4836 924 4918 possit,
949 4852 1037 4917 quam
1053 4831 1142 4895 modo
1161 4832 1226 4911 iam
1248 4832 1381 4913 depicto,
1406 4841 1545 4923 trajecta
