3368 5534
160 307 227 382 656
319 320 324 327 ’
457 332 461 343 ·
768 311 909 368 neusa.

251 493 401 557 Discussa
419 493 477 557 hac
500 493 667 573 objectione
687 493 752 573 jam
776 499 862 555 tanto
886 492 1004 555 facilius
1027 492 1119 555 etiam
1138 493 1230 557 aliam
1243 495 1424 577 expedimus
1442 513 1517 557 esu·

161 583 283 657 tionem,
309 592 341 645 et
363 583 539 664 corrigimus
556 589 610 645 aut
627 583 834 646 confirmamus
853 580 1012 663 inceptum.
1052 581 1166 646 Verum
1180 592 1238 659 est,
1261 583 1341 666 quod
1358 582 1517 667 proportio

162 673 293 754 partium
315 673 398 754 plani
423 673 592 753 composita
615 673 656 735 sit
678 691 716 733 ex
738 670 980 752 proportionibus
996 671 1121 745 duabus,
1144 692 1204 734 una
1226 692 1350 736 arcuum
1373 672 1517 745 wsentri,

163 762 264 823 altera
296 762 517 825 distantiarum.
570 764 615 823 At
646 760 729 842 prius
761 761 939 823 elementum
971 780 1029 822 non
1061 761 1168 824 minuit
1194 781 1347 825 numerum
1374 760 1517 824 lrnrsrum

163 850 361 931 promotionis
380 849 507 922 Solaris,
533 851 587 912 sed
603 858 702 929 auget,
721 850 873 931 posterius
891 867 963 913 vero
979 848 1094 925 minuit,
1117 851 1188 932 qnia
1205 851 1410 914 revolutiones
1433 850 1517 932 ipsas

162 947 245 1002 totas
271 936 314 1002 21
330 940 471 1001 horarum
489 939 695 1019 prolongatio
713 948 857 1019 tempore.
895 939 942 1000 Ac
966 957 1031 1000 cnm
1056 939 1117 1002 sint
1139 940 1289 1003 elementa
1311 940 1518 1021 proportionis

163 1029 350 1109 compositae
376 1028 515 1108 aequalia
539 1029 692 1109 proxime,
724 1029 777 1090 sed
805 1027 903 1088 altera
930 1027 1064 1102 directa,
1096 1029 1194 1091 altera
1221 1036 1415 1110 pennutata,
1446 1046 1517 1108 erga

161 1118 245 1179 valet
267 1118 488 1197 compensatio,
517 1118 643 1197 gignens
674 1116 896 1197 proportionem
920 1116 1123 1197 aequalitatis.
1169 1117 1277 1200 ltaque
1300 1116 1432 1181 amnbns
1453 1126 1517 1180 tam

163 1206 365 1288 superioribus
399 1226 488 1287 qnam
516 1206 705 1269 inferioribus
736 1212 910 1286 competunt
940 1205 1065 1268 dimidia
1086 1206 1283 1287 promotionis
1306 1205 1445 1283 Solaris;
1472 1225 1514 1269 aa

165 1294 186 1356 l*
205 1292 244 1360 3⁰
256 1292 289 1359 1’
304 1292 380 1358 30”.
415 1295 497 1375 Ergo
511 1315 565 1377 per
579 1314 680 1357 arcum
695 1295 877 1377 superiorem
898 1294 1076 1376 contingunt
1096 1295 1301 1360 revolutiones
1331 1284 1399 1363 181.
1419 1304 1448 1362 7.
1469 1302 1513 1371 il,

163 1386 189 1440 r.
203 1403 226 1442 s.
247 1387 278 1441 n.
301 1381 327 1443 a.
348 1382 378 1440 0¹
396 1383 468 1449 seu,
491 1395 521 1441 ee
544 1387 573 1442 n.
598 1375 618 1440 1
645 1378 677 1440 ³⁰
698 1382 726 1440 s‘
750 1381 807 1440 ao‘
828 1383 846 1440 r.
867 1403 891 1440 ο.
911 1385 998 1440 mor.
1020 1380 1047 1441 2.
1066 1387 1095 1442 a.
1118 1381 1162 1442 ss.
1185 1385 1213 1442 s‘
1236 1382 1294 1444 no'
1318 1386 1440 1457 ruma
1458 1404 1515 1444 m.

166 1461 230 1521 186.
252 1467 280 1521 h.
303 1461 348 1522 18.
370 1460 398 1521 5⁴
422 1461 487 1523 18”.
528 1465 633 1522 Atria
652 1465 760 1520 usitata
780 1472 809 1519 et
829 1465 962 1536 simplici:

374 1540 447 1601 3600
467 1564 512 1602 an.
533 1549 617 1603 med:
645 1542 712 1601 365.
736 1547 762 1602 6.
784 1543 937 1602 9dies=
959 1540 1080 1604 18407.
1102 1541 1208 1603 3211.
1230 1546 1344 1603 medei

394 1641 412 1700 6
434 1667 441 1700 :
607 1643 634 1701 6.
657 1641 684 1700 5.
707 1640 751 1700 15.
774 1638 820 1698 22.
844 1641 882 1698 30
901 1656 938 1682 ·-·-
959 1633 980 1700 3
1006 1637 1039 1702 1ο
1060 1643 1089 1699 7⁴
1111 1638 1217 1701 32“.:r
1293 1684 1296 1689 -

162 1725 265 1795 Kasp:
289 1719 315 1778 3.
331 1719 358 1777 6.
374 1722 420 1781 18.
436 1720 483 1780 50.
500 1719 526 1780 5.
546 1718 593 1780 58.
619 1720 654 1781 15
676 1740 711 1766 =
734 1717 799 1780 186.
820 1725 848 1780 h.
873 1720 917 1780 19.
940 1718 988 1781 32.
1009 1719 1036 1780 2.
1059 1719 1106 1781 23.
1131 1719 1222 1779 18-
1238 1717 1305 1781 186.
1327 1724 1355 1781 h
1374 1718 1423 1783 18.
1438 1721 1465 1782 5.
1481 1716 1514 1780 18

165 1798 523 1941 {diiii

253 1961 446 2026 Resedimur
469 1962 560 2026 etiam
579 1963 623 2025 sio
639 1963 678 2024 ad
694 1980 832 2024 numeros
855 1961 982 2043 priores,
1007 1979 1050 2024 sc.
1075 1960 1145 2042 quia
1166 1968 1274 2038 totum,
1299 1980 1358 2045 quo
1382 1964 1512 2045 superios

163 2052 246 2135 plani
268 2071 340 2131 pars
360 2054 516 2127 abundat,
544 2052 729 2115 detrahimus
757 2050 955 2132 promotioni,
984 2068 1060 2133 quae
1084 2050 1229 2131 competit
1250 2052 1402 2133 superiori
1425 2053 1510 2115 aemi·

163 2141 274 2203 circulo
298 2143 467 2204 anomaliae
491 2149 672 2224 coaequatae
696 2139 857 2203 secundum
881 2139 960 2200 viam
984 2139 1137 2201 usitatam.
1182 2139 1264 2220 Ergo
1286 2140 1422 2223 amplius
1444 2160 1511 2205 ona·

164 2231 283 2306 sidera,
317 2251 356 2293 an
387 2232 445 2294 hoc
474 2232 528 2293 liat
554 2240 646 2293 recte.
695 2228 771 2294 Cum
799 2248 938 2291 numerus
960 2228 1178 2290 revolutionum
1202 2225 1266 2292 365
1289 2238 1349 2292 etc.
1375 2228 1512 2294 dividitm

164 2320 245 2382 inter
259 2319 464 2384 semicirculos
478 2319 646 2383 anomaliae
660 2338 775 2400 coaeq,
798 2326 869 2379 tnnc
893 2316 921 2378 vi
941 2317 1029 2398 hujus
1046 2316 1205 2380 divisionis
1228 2317 1406 2383 dividuntur
1417 2320 1511 2383 euna

164 2411 442 2490 supernumerarius
467 2410 572 2472 eadem
604 2408 813 2490 proportione,
844 2416 878 2469 ut
906 2406 992 2468 detur
1022 2405 1168 2488 superiori
1190 2406 1221 2469 h.
1249 2401 1271 2471 1·
1298 2404 1339 2472 t·
1361 2404 1419 2473 31‘
1444 2404 1510 2481 w.

164 2500 328 2562 secundum
342 2501 563 2581 proportionem
580 2499 709 2580 partium
724 2496 827 2578 plani:
850 2495 1039 2576 poniturque,
1063 2494 1140 2575 quod
1155 2504 1268 2578 quanto
1282 2496 1407 2578 longius
1425 2498 1512 2561 distet

163 2607 236 2671 para
261 2587 376 2664 aSole,
401 2598 487 2653 tanto
511 2589 602 2652 etiam
621 2588 723 2669 plnres
739 2585 830 2648 horas
846 2585 988 2665 aequales
1004 2584 1041 2645 de
1057 2583 1157 2648 Solari
1180 2585 1300 2667 quidem
1322 2586 1510 2668 proportione

164 2678 259 2740 Terra
281 2678 312 2741 iu
336 2698 372 2741 eo
396 2688 534 2742 moretur.
581 2679 626 2740 At
648 2676 717 2758 quia
741 2675 807 2755 jam
836 2674 1049 2753 supponimus,
1078 2681 1189 2755 quanto
1217 2674 1287 2756 plus
1313 2691 1390 2755 pars
1413 2676 1510 2751 311111

165 2774 252 2831 tanto
275 2767 367 2831 etiam
389 2768 533 2833 lentiores
556 2787 623 2829 esse
646 2767 752 2838 horas,
777 2769 889 2845 quanto
912 2761 1005 2844 igitur
1031 2762 1133 2843 plures
1155 2782 1224 2826 ease
1248 2762 1405 2828 deheim
1425 2766 1511 2830 horu

167 2856 321 2938 aequales,
346 2865 432 2920 tanto
455 2858 599 2921 lentiores
622 2861 694 2917 sunt
714 2853 806 2915 horae
825 2852 1000 2933 inaequales
1016 2851 1053 2912 de
1068 2852 1254 2933 promotione
1270 2852 1393 2934 quidem
1407 2852 1510 2918 Solari

165 2944 288 3018 Quanto
311 2946 454 3010 lentiores
476 2965 565 3020 vero,
589 2952 675 3007 tanto
699 2948 730 3003 et
751 2940 919 3022 pauciores.
964 2939 1046 3020 Ergo
1070 2948 1180 3021 quanto
1202 2940 1306 3022 plnres
1329 2960 1402 3007 esse
1425 2942 1511 3007 dela·

165 3036 240 3098 bant
262 3036 422 3115 aequales,
452 3043 537 3098 tanto
560 3033 717 3116 pauciores
740 3038 811 3093 sunt
834 3030 1024 3112 inaequales,
1054 3048 1143 3110 quam
1166 3031 1318 3112 aequales.
1365 3030 1510 3097 Admetirl

165 3125 258 3205 igitur
287 3125 430 3188 debemus
462 3124 543 3187 arcui
574 3120 733 3184 eccentrici
763 3120 854 3182 horas
886 3119 922 3180 de
954 3118 1139 3200 promotione
1164 3118 1266 3183 Sclari
1296 3120 1510 3203 proportionali

165 3232 307 3289 numero,
340 3215 394 3276 sed
427 3213 609 3294 inaequales.
655 3208 739 3274 Nihil
769 3208 879 3270 attinet
910 3207 985 3269 haec
1016 3208 1215 3291 inaequalitas
1247 3208 1392 3275 horarum
1423 3212 1510 3293 ipsias

163 3303 322 3365 eccentrici
347 3322 468 3366 arcuum
492 3301 748 3384 inaequalitatem,
772 3304 803 3358 et
824 3296 858 3358 fit
877 3314 931 3376 per
949 3296 1100 3371 accidens,
1122 3305 1156 3360 ut
1179 3308 1210 3360 et
1234 3316 1358 3361 numero
1382 3309 1419 3363 et
1438 3310 1510 3363 tem-

163 3392 246 3474 poris
263 3392 399 3473 aequalis
415 3412 529 3455 summa
546 3392 605 3454 illis
620 3387 832 3469 respondeant.
871 3382 946 3448 Cum
971 3404 1043 3466 ergo
1066 3404 1155 3448 unam
1178 3406 1300 3449 causam
1323 3389 1511 3463 remittimus,

163 3480 340 3547 distantiam
364 3502 405 3544 sc.
431 3483 557 3545 alteram
589 3479 768 3550 retinemus,
802 3474 1002 3557 quantitatem
1034 3494 1139 3550 arcus,
1174 3475 1366 3540 dimidiamus
1398 3480 1511 3543 omuino

167 3571 391 3652 suprapositam
415 3571 591 3634 summulam
615 3565 811 3630 differentiae.

249 3663 326 3734 Ergo
341 3679 420 3717 arcus
435 3661 587 3724 eccentrici,
604 3660 772 3731 respondens
786 3653 932 3727 quadranti
945 3661 1117 3726 coaequatae
1131 3654 1265 3726 superiori
1280 3662 1327 3711 est
1339 3647 1398 3712 ei·
1412 3652 1513 3716 1’51”.

162 3741 192 3796 Si
223 3749 299 3796 totus
327 3743 496 3799 eccentrious
527 3737 585 3798 360
613 3741 690 3794 valet
719 3753 860 3792 nnmerum
888 3735 1018 3789 homan
1046 3735 1232 3807 inaequalium
1261 3725 1284 3791 2⁴
1317 3729 1352 3792 d·
1376 3732 1426 3804 θ’,
1455 3738 1513 3812 qu'd

167 3816 193 3878 l.
217 3816 243 3879 1.
264 3817 324 3877 531
364 3824 413 3880 Β.;
437 3812 748 3877 21’11”5’”50””.
790 3818 866 3887 Ergo
894 3816 928 3868 de
948 3815 1119 3884 promotione
1139 3815 1228 3871 Sclari
1247 3818 1514 3888 respondentem·

163 3902 309 3960 marsei
332 3895 357 3959 1.
380 3901 405 3961 3.
426 3902 473 3960 s7.
496 3897 534 3960 52
555 3906 611 3972 (er
630 3903 683 3955 svo
701 3904 747 3955 em
767 3899 882 3966 sum-t
901 3895 950 3951 st⁰
967 3897 1011 3950 aaa
1030 3900 1081 3953 1⁶¹⁴
1106 3899 1209 3967 (esua
1229 3904 1393 3966 mm
1414 3902 1515 3963 ω..)

163 3983 411 4051 ε31113’11”,
437 3990 520 4055 dupt:
547 3988 570 4038 1.
589 3985 615 4038 1.
636 3984 679 4036 tr.
699 3983 755 4046 12).
790 3980 830 4032 At
856 3974 1011 4031 anomaliae
1039 3975 1146 4031 mediae
1165 3975 1195 4030 ls-
1219 3970 1365 4036 1.1.31.
1390 3974 1429 4035 11
1456 3979 1514 4037 ἃ

164 4078 243 4117 arom
269 4063 416 4133 superioris
444 4062 489 4120 13.
512 4057 567 4124 22;
596 4078 645 4132 pro
671 4061 824 4130 quadrante
849 4056 910 4112 dim.
932 4049 978 4112 21.
1000 4050 1048 4111 11.
1087 4056 1175 4111 Porro
1200 4073 1329 4112 numerus
1349 4059 1515 4117 mas«-

163 4141 333 4199 aeneorum
354 4151 485 4214 estpars
507 4143 591 4199 tart-ia
616 4148 646 4195 et
673 4137 851 4211 sexagesima
874 4136 980 4192 numeri
1007 4136 1171 4192 minutorum
1191 4138 1367 4208 aequationia
1388 4138 1515 4197 emani.

163 4223 252 4278 Esse:
277 4218 302 4277 l.
327 4219 351 4280 1.
374 4219 410 4279 53
432 4240 494 4295 aeq.
516 4243 572 4278 eoo.
656 4222 752 4291 Itaque
773 4236 810 4272 ex
830 4216 940 4272 minutis
962 4216 1136 4289 aequationia
1156 4216 1276 4273 scanni
1302 4218 1388 4274 boile
1410 4230 1514 4294 temp·

278 4298 548 4377 ‘poJ—qff'qeffl.
657 4300 740 4370 hujus
760 4297 862 4354 tertiae
883 4296 970 4367 partia
991 4296 1164 4369 aequationia
1184 4297 1315 4353 habetur.

270 4394 561 4489 ..g-egenas.

305 4492 350 4555 21.
371 4496 418 4556 10.

257 4655 500 4738 Comparatio
527 4653 760 4717 Variationis
784 4660 820 4712 et
842 4650 948 4731 hujus
972 4650 1209 4737 aequationia
1232 4652 1427 4731 temporis.

255 4779 349 4841 Terra
371 4799 455 4844 suum
486 4778 580 4861 ipsius
610 4796 716 4859 corpus
747 4773 843 4839 volvit
873 4775 1023 4849 cominus,
1055 4775 1171 4839 Lunam
1199 4774 1379 4857 circumagit
1401 4777 1511 4840 eminas

168 4868 370 4949 perspectam
391 4868 439 4931 aui
456 4867 591 4949 corporis
605 4874 746 4929 rotstsm.
783 4866 819 4929 In
841 4871 966 4946 utroque
982 4884 1073 4948 opere
1089 4864 1143 4931 Sol
1165 4864 1258 4929 mittit
1281 4865 1327 4929 illi
1348 4865 1509 4951 sappeu‘ss.

169 4956 223 5021 ssd
244 4956 350 5042 quibus
372 4956 427 5021 illa
448 4954 541 5023 utitur
562 4954 710 5023 arbitratu
733 4973 797 5020 suo.
