3368 5534
614 328 796 393 morante
833 326 1019 395 cspnthL
1421 330 1487 397 417

145 526 209 590 cap.
233 506 335 571 LXII.
375 508 480 587 Itaque
503 526 568 569 oum
590 507 713 589 planum
731 509 780 580 sit,
807 509 885 588 quod
908 507 1079 570 circumitur
1101 507 1140 569 ab
1163 507 1261 569 orbita
1278 507 1397 581 Martis,
1422 510 1488 589 ejus

145 598 301 661 inclinatio
323 596 499 675 adplenum
522 597 679 675 eclipticas
702 598 848 676 regularis
872 597 938 659 erit.
976 596 1105 676 Scriptis
1129 596 1207 658 enim
1231 596 1346 658 duobus
1369 598 1488 661 circulis

145 687 333 769 aequalibus,
356 687 451 748 altero
466 685 522 750 DC
545 685 575 747 in
590 686 681 767 plano
700 686 867 767 eclipticas,
891 687 988 749 altero
1001 687 1054 749 ΒΕ
1072 686 1101 747 in
1120 686 1210 765 plano
1234 685 1350 747 orbitae
1365 687 1486 761 Martis,

145 796 181 839 ex
195 775 353 880 pemmoni
384 781 487 836 centro
508 776 539 837 A
562 774 661 849 Solis,
694 776 750 837 hoc
781 784 828 837 est
855 776 885 835 in
915 795 975 836 nna
1004 784 1035 837 et
1064 777 1168 836 eadem
1200 774 1332 855 sphaera
1363 775 1488 838 fixarum

145 864 208 941 Soli
239 864 450 938 concentrica,
483 864 541 925 erit
567 872 603 926 ut
632 864 714 926 sinus
742 866 799 928 BD
829 884 916 927 arcus
949 864 1028 926 inter
1057 863 1219 926 sectionem
1251 864 1426 926 clrculorum
1457 872 1490 927 et

194 952 204 963 “
235 952 301 1015 'bet
322 963 462 1032 punctum
485 953 588 1015 circuli
610 954 725 1029 Martii,
747 961 822 1034 puta
843 955 888 1029 D,
911 953 949 1015 ad
973 954 1070 1015 sinum
1093 960 1200 1026 totum,
1224 952 1268 1013 sic
1292 952 1374 1015 sinus
1397 953 1489 1015 incli-
1580 1006 1583 1011 .

173 1044 178 1051 '
249 1041 277 1104 's
300 1041 355 1104 DF
374 1041 477 1125 puncti
500 1043 525 1104 F
548 1041 586 1103 ad
610 1043 705 1104 sinum
729 1041 792 1116 OE,
817 1042 1019 1105 inclinationis
1041 1042 1189 1104 maximae
1211 1041 1239 1104 Ε
1262 1041 1378 1106 limitis.
1424 1040 1487 1105 Or·
1556 1052 1595 1113 ιζ·

145 1131 241 1195 dioari
274 1148 347 1193 vero
366 1130 484 1193 eadem
515 1149 655 1193 mensura
687 1132 903 1194 declinationes
936 1131 1065 1193 omnium
1095 1131 1236 1194 circuitus
1264 1139 1441 1210 punctorum
1469 1152 1489 1194 a

145 1221 235 1301 plano
268 1220 443 1301 eclipticas,
473 1238 564 1299 snpra
593 1240 659 1302 cap.
682 1223 769 1284 Xlil.
801 1221 961 1302 probatum
984 1228 1033 1283 est
1061 1219 1303 1283 observationum
1333 1219 1489 1301 ingeniosa

145 1309 335 1373 innotatione.
381 1311 487 1390 Itaque
510 1311 591 1371 nulla
614 1319 716 1389 potest
738 1311 837 1372 afferri
859 1311 1007 1373 instantia
1029 1318 1150 1372 nostrae
1174 1309 1342 1392 hypothesi.

229 1398 328 1461 Porro
359 1399 434 1460 duae
467 1399 658 1479 quaestiones
692 1400 828 1461 difficiles
858 1399 1062 1479 expediendae
1092 1406 1173 1459 snut.
1219 1398 1329 1460 Altera
1352 1398 1388 1459 de
1412 1418 1486 1460 cou-

145 1488 260 1551 ditiooe
277 1487 370 1573 ‘liujus
393 1487 600 1549 declinationis
623 1490 700 1565 axis,
724 1489 823 1551 altera
846 1489 882 1550 de
906 1508 963 1550 axe
985 1488 1062 1568 ipso.
1108 1486 1270 1558 Quaeritur
1285 1486 1372 1560 enim,
1395 1496 1487 1550 natu·

145 1578 230 1740 mae
241 1572 285 1640 sit
307 1576 381 1638 haec
404 1577 470 1639 axis
484 1577 637 1639 inclinatio
653 1598 690 1639 an
710 1577 877 1652 rationalis,
902 1585 1028 1639 naturae
1043 1595 1204 1656 corporeae
1218 1582 1294 1655 opus
1308 1597 1347 1639 an
1362 1577 1485 1655 angeli?

230 1666 311 1729 ritnr
333 1667 473 1740 secundo,
499 1686 536 1727 an
551 1667 631 1728 idem
647 1684 770 1731 numero
784 1667 825 1728 sit
839 1666 905 1729 axis
919 1666 1120 1728 inclinationis
1144 1685 1210 1728 cum
1230 1682 1288 1729 axe
1303 1666 1484 1749 mastico,

145 1755 226 1820 Solis
250 1755 444 1835 appetente?
471 1762 503 1816 et
526 1755 553 1817 si
572 1756 691 1830 diversi,
717 1757 863 1836 quomodo
881 1756 911 1817 in
928 1756 1033 1817 eodem
1047 1774 1169 1835 corpore
1183 1748 1326 1835 planetad
1335 1754 1487 1837 flloboso?
1553 1772 1555 1779 ⁴

145 1846 262 1926 Estque
286 1845 385 1921 altera
408 1844 494 1906 alteri
517 1844 648 1924 implexa
670 1845 817 1925 quaestio.

231 1932 413 1997 Natulalem
435 1952 511 2012 pene
539 1934 744 2006 credidissem,
767 1934 804 1995 ob
835 1932 1058 1996 similitudinem
1086 1932 1153 2012 ejus
1182 1932 1318 2007 virtutis,
1357 1935 1485 2013 quaein

145 2031 288 2103 magnete
307 2022 454 2085 naturalis
469 2030 502 2085 et
519 2022 585 2102 ipsa
600 2031 670 2085 est:
695 2023 752 2085 nisi
771 2023 954 2086 accessisset
968 2031 1000 2084 et
1015 2022 1209 2102 transpositio
1224 2022 1367 2084 nodorum
1378 2041 1484 2084 succe-

145 2115 252 2188 danea,
278 2130 355 2192 quae
378 2111 498 2175 omuino
521 2112 639 2174 videtur
661 2132 735 2193 opus
758 2132 825 2174 esse
848 2111 983 2186 rationis,
1009 2111 1035 2174 si
1058 2130 1117 2173 nou
1140 2110 1334 2175 discurrentis
1354 2118 1485 2175 atcerte

145 2202 322 2266 instinctac.
366 2199 446 2264 Nam
468 2200 719 2281 aequidistautem
743 2202 831 2264 situm
855 2219 974 2263 manere
998 2201 1096 2262 minus
1119 2209 1168 2262 est
1189 2200 1295 2262 mirum
1317 2200 1487 2281 etpropins

145 2299 290 2363 ramae,
318 2308 406 2369 qnam
429 2289 511 2369 prins
534 2290 565 2351 in
588 2291 709 2369 negotio
732 2291 976 2352 eccentricitatis.
1022 2290 1087 2351 Illic
1110 2289 1189 2351 enim
1212 2290 1250 2350 ab
1274 2306 1331 2351 axa
1352 2288 1486 2351 virtuoso

145 2378 251 2465 Solem
280 2379 344 2459 peti
374 2378 522 2454 diximus,
554 2378 602 2441 hic
634 2379 731 2441 locum
764 2380 818 2441 sub
841 2379 907 2441 lixis
931 2377 1104 2457 longissime
1127 2378 1319 2443 distantibus.
1365 2378 1433 2441 Illic
1455 2380 1486 2441 vi

144 2469 236 2548 hujus
258 2468 448 2545 magneticae
471 2467 592 2529 virtutis
615 2468 695 2542 axis,
720 2470 895 2531 circumlato
918 2486 1049 2548 corpore,
1075 2468 1291 2531 convertendus
1309 2467 1418 2529 fuisset
1431 2488 1486 2530 nec

147 2558 207 2621 sibi
230 2558 290 2638 ipsi
314 2576 471 2618 mansurus
495 2557 711 2636 aequidistans,
735 2558 793 2619 nisi
816 2548 995 2619 retineretlr
1017 2577 1038 2618 a
1058 2557 1089 2618 vi
1103 2554 1278 2621 directionis
1293 2556 1410 2621 fortiori
1433 2565 1486 2620 aut

148 2646 382 2747 avianimali,
405 2665 459 2708 seu
480 2630 636 2709 nuda⁵seu
658 2647 785 2709 rationis
808 2648 1068 2728 quomodocunque
1092 2645 1195 2725 capaci
1202 2664 1213 2721 3
1238 2640 1290 2709 ltin
1311 2645 1342 2706 vi
1364 2655 1484 2709 nostrae

149 2736 271 2800 virtutis
293 2735 471 2797 directoriae
491 2734 597 2817 ipsius,
618 2735 702 2797 nulla
723 2737 906 2799 necessitate
927 2736 1048 2797 virtutis
1071 2735 1208 2797 animalis
1228 2740 1281 2797 ant
1299 2734 1485 2799 ratiocinan-

152 2827 199 2900 tis,
227 2824 365 2905 seqnitur
387 2825 448 2886 ista
470 2822 706 2911 aoqaiffistantia
729 2827 804 2887 axis.
837 2824 904 2888 Nisi
927 2827 1003 2887 forte
1028 2825 1093 2905 quis
1117 2833 1148 2886 et
1170 2825 1227 2886 hoc
1248 2823 1341 2905 menti
1363 2824 1483 2899 tribuet,

151 2916 221 2995 qood
267 2914 417 2976 diameter
463 2906 736 2995 istae-lititudines
779 2915 927 2989 efficiens,
977 2915 1101 2994 planeta
1142 2913 1171 2974 in
1207 2910 1352 2977 limitibus
1389 2914 1483 2976 collo·

152 3012 229 3077 tato,
263 3004 379 3066 directe
410 3002 439 3064 iu
462 3004 597 3065 cenlm
618 3000 700 3067 Solis
723 3005 839 3078 tendit,
863 3011 952 3083 atque
975 3003 1032 3064 hoc
1053 3009 1143 3083 paeto
1167 3022 1205 3064 ex
1227 3002 1324 3065 orbita
1344 3002 1484 3084 planetae

152 3094 272 3157 dnum
294 3110 422 3171 magnus
445 3090 582 3166 efficitur,
607 3098 638 3154 et
660 3093 730 3154 nodi
753 3094 782 3154 in
807 3094 875 3155 loca
897 3092 1021 3156 exsule
1045 3093 1186 3173 opposita
1203 3092 1387 3170 rediguntur.
1418 3089 1485 3163 Quo

152 3190 322 3264 argumento
354 3174 446 3260 supra
469 3199 583 3260 qnoque
607 3200 673 3262 cap.
696 3180 848 3246 XXXIX.
886 3183 1024 3262 planetae
1053 3182 1167 3244 assemi
1195 3190 1365 3260 respectum
1393 3180 1484 3244 Solis.

152 3272 239 3359 Atqui
278 3289 339 3333 nou
367 3270 464 3331 omnis
489 3279 646 3350 respectus
667 3270 750 3333 Solis
773 3270 872 3350 arguit
893 3271 1041 3334 rationem
1063 3270 1264 3333 comitantem.
1311 3270 1390 3333 Illud
1413 3290 1484 3332 sane

151 3379 256 3436 rernm,
282 3378 359 3433 enm,
383 3358 432 3440 qui
455 3359 583 3439 primum
605 3360 756 3423 ordinavit
776 3370 876 3422 motus
893 3361 1050 3432 coelestes,
1074 3361 1151 3422 hunc
1170 3379 1256 3421 axem
1272 3359 1315 3420 sic
1329 3360 1486 3434 direxisse,

152 3460 179 3513 ut
197 3450 305 3514 Solem
337 3448 384 3522 (in
407 3447 488 3510 dicto
512 3448 587 3523 situ)
611 3449 774 3530 respiceret
782 3469 792 3525 3
824 3457 856 3511 et
877 3448 1001 3530 proinde
1025 3449 1150 3511 consilio
1174 3468 1347 3530 summaque
1368 3450 1485 3511 ratione

151 3558 226 3603 usum
249 3558 329 3601 esse.
368 3539 415 3601 At
434 3537 494 3600 iste
516 3546 672 3618 respectus
687 3539 768 3602 Solis
791 3539 912 3601 retineri
932 3539 997 3618 jam
1019 3557 1108 3617 porro
1130 3546 1233 3617 potest
1249 3538 1326 3599 citra
1344 3545 1484 3613 mentem,

151 3630 210 3693 tola
231 3627 410 3691 mactantis
418 3628 618 3707 ''magneticae
641 3629 805 3690 facultatis.
844 3627 944 3699 Quieti
969 3627 1047 3689 enim
1069 3627 1196 3689 similior
1210 3634 1259 3689 est
1272 3646 1359 3705 quam
1372 3629 1484 3701 motui;

150 3717 311 3781 mterialis
339 3716 448 3797 igitur,
472 3734 531 3779 non
562 3719 713 3780 mentalis.
768 3715 845 3780 Sola
878 3718 970 3797 igitur
1000 3716 1126 3778 variatio
1161 3716 1249 3796 hujus
1271 3715 1485 3793 inclinationis,

150 3826 231 3889 quam
266 3806 395 3869 dicimus
426 3806 655 3869 translationem
677 3807 820 3870 nodomm
844 3824 985 3870 successu
1008 3807 1193 3879 seculorum,
1221 3806 1318 3867 adhuc
1341 3806 1371 3867 in
1395 3827 1486 3869 cansa

148 3904 257 3972 narret,
295 3895 438 3956 evincens
468 3895 527 3956 vim
555 3896 710 3958 metricem
745 3898 813 3978 plus
842 3916 929 3977 quam
957 3896 1123 3958 naturalem
1151 3914 1204 3957 seu
1235 3913 1409 3975 corpoream
1432 3917 1485 3959 seu

149 3987 247 4067 quales
285 3990 356 4047 sunt
391 3984 521 4047 virtutes
549 3986 747 4064 magneticae.
801 3987 844 4048 Et
873 3994 973 4048 mmen
1005 3995 1160 4064 utramque
1195 3984 1296 4066 potius
1319 3988 1483 4049 censuerim

149 4074 383 4157 majungendam
409 4090 526 4155 'quam
554 4074 650 4139 solam
670 4075 847 4139 rationalem
870 4076 1045 4155 ponendam.
1091 4075 1203 4136 Pareat
1225 4075 1272 4136 vis
1295 4076 1483 4156 magnetica3

149 4118 474 4315 praesitntgrnfflam
496 4162 681 4243 gubernem,
714 4173 748 4227 ut
774 4165 857 4246 prius
880 4165 971 4227 etiam
994 4182 1057 4243 cap.
1083 4164 1181 4228 LVlI.
1207 4165 1244 4226 de
1268 4164 1379 4226 virtute
1402 4165 1484 4228 Solis

149 4262 304 4337 uppetona
385 4250 469 4314 'mus
978 4296 981 4301 -
1006 4322 1009 4327 ¹

227 4344 299 4408 Hac
329 4340 505 4421 quaestione
536 4341 581 4402 sic
612 4343 752 4424 expedita
776 4342 908 4425 sequitur
930 4343 1036 4405 altera.
1082 4342 1161 4405 Nam
1184 4342 1210 4403 si
1232 4343 1328 4404 virtus
1351 4343 1412 4405 ista
1434 4346 1483 4407 di-

151 4378 347 4495 mistis-est
362 4434 408 4491 Ox
429 4428 616 4509 magneticis,
641 4431 801 4512 corporeis,
826 4408 1027 4509 naturalibus:
1058 4433 1223 4512 subjectum
1247 4431 1311 4511 ejus
1335 4432 1393 4495 erit
1415 4453 1482 4496 cor-

152 4538 209 4599 pus.
254 4517 425 4613 Adigitur
447 4518 511 4599 fieri
533 4519 639 4599 possit,
663 4532 697 4583 nt
720 4521 825 4583 eadem
847 4520 901 4581 illa
924 4520 1077 4596 diameter,
1101 4522 1182 4584 Solis
1206 4528 1350 4601 appetens
1372 4523 1421 4584 vel
1445 4525 1482 4585 ab

150 4626 181 4673 co
201 4607 366 4691 agrena-7
420 4606 550 4671 'atione
575 4609 621 4673 sui
644 4611 683 4672 ad
706 4608 873 4689 eclipticam
898 4609 988 4672 etism
1007 4610 1197 4672 administret
1211 4609 1289 4679 hano
1302 4610 1482 4674 declinatio-

417 4697 437 4758 b
460 4698 621 4777 ecliptica?
666 4699 701 4762 Si
724 4699 793 4760 nodi
812 4699 1008 4778 jungerentur
1031 4699 1193 4791 apsidibus,
1217 4664 1329 4762 limiies
1350 4701 1482 4780 longitu-

283 4782 406 4860 mediis‚
510 4787 559 4863 lup
586 4789 690 4851 eadem
719 4797 801 4850 esset
825 4788 969 4852 diameter
998 4786 1290 4897 et''ecoentriq‘tatis
1313 4797 1346 4852 et
1374 4788 1480 4854 latitu-

424 4792 590 4975 ,Ἕω
614 4866 690 4942 enin
705 4898 771 4960 capr
791 4876 906 4953 LVIII,
928 4879 1117 4956 diametrum,
1141 4897 1216 4960 qnae
1230 4879 1487 4951 eccentricitatem

1237 4983 1272 5035 27
