<?xml version="1.0" encoding="UTF-8"?>
<!DOCTYPE html PUBLIC "-//W3C//DTD XHTML 1.0 Transitional//EN"
    "http://www.w3.org/TR/xhtml1/DTD/xhtml1-transitional.dtd">
<html xmlns="http://www.w3.org/1999/xhtml" xml:lang="en" lang="en">
 <head>
  <title>
</title>
<meta http-equiv="Content-Type" content="text/html;charset=utf-8" />
  <meta name='ocr-system' content='tesseract 3.04.00' />
  <meta name='ocr-capabilities' content='ocr_page ocr_carea ocr_par ocr_line ocrx_word'/>
</head>
<body>
  <div class='ocr_page' id='page_1' title='image "./joanniskepleria05frisgoog/joanniskepleria05frisgoog_0208.png"; bbox 0 0 3368 5534; ppageno 0'>
   <div class='ocr_carea' id='block_1_1' title="bbox 282 285 1145 361">
    <p class='ocr_par' dir='ltr' id='par_1_1' title="bbox 282 285 1145 361">
     <span class='ocr_line' id='line_1_1' title="bbox 282 285 1145 361; baseline -0.013 -10"><span class='ocrx_word' id='word_1_1' title='bbox 282 288 347 361; x_wconf 73' lang='grc'><strong>204</strong></span> <span class='ocrx_word' id='word_1_2' title='bbox 758 288 798 341; x_wconf 85' lang='lat' dir='ltr'><strong>De</strong></span> <span class='ocrx_word' id='word_1_3' title='bbox 815 288 923 341; x_wconf 83' lang='lat' dir='ltr'><strong>Motibus</strong></span> <span class='ocrx_word' id='word_1_4' title='bbox 942 285 1036 341; x_wconf 78' lang='lat' dir='ltr'><strong>Stellae</strong></span> <span class='ocrx_word' id='word_1_5' title='bbox 1054 286 1145 351; x_wconf 68' lang='lat' dir='ltr'><strong>Martis,</strong></span> 
     </span>
    </p>
   </div>
   <div class='ocr_carea' id='block_1_2' title="bbox 282 465 1631 953">
    <p class='ocr_par' dir='ltr' id='par_1_2' title="bbox 282 465 1631 907">
     <span class='ocr_line' id='line_1_2' title="bbox 283 465 1630 550; baseline -0.006 -17"><span class='ocrx_word' id='word_1_6' title='bbox 283 471 362 534; x_wconf 86' lang='lat' dir='ltr'><strong>circa</strong></span> <span class='ocrx_word' id='word_1_7' title='bbox 385 470 557 550; x_wconf 85' lang='lat' dir='ltr'><strong>perigaenm</strong></span> <span class='ocrx_word' id='word_1_8' title='bbox 582 470 611 530; x_wconf 95' lang='lat' dir='ltr'><strong>in</strong></span> <span class='ocrx_word' id='word_1_9' title='bbox 636 468 829 548; x_wconf 83' lang='lat' dir='ltr'>Capricorno,</span> <span class='ocrx_word' id='word_1_10' title='bbox 854 469 1031 532; x_wconf 89' lang='lat' dir='ltr'><strong>continuata</strong></span> <span class='ocrx_word' id='word_1_11' title='bbox 1054 468 1134 528; x_wconf 90' lang='lat' dir='ltr'><strong>linea</strong></span> <span class='ocrx_word' id='word_1_12' title='bbox 1156 470 1243 535; x_wconf 84' lang='grc' dir='ltr'><strong>ΜΛ,</strong></span> <span class='ocrx_word' id='word_1_13' title='bbox 1277 475 1311 529; x_wconf 90' lang='lat' dir='ltr'><strong>ut</strong></span> <span class='ocrx_word' id='word_1_14' title='bbox 1337 475 1422 531; x_wconf 88' lang='lat' dir='ltr'><strong>secet</strong></span> <span class='ocrx_word' id='word_1_15' title='bbox 1444 465 1630 527; x_wconf 85' lang='lat' dir='ltr'><strong>eccentricos</strong></span> 
     </span>
     <span class='ocr_line' id='line_1_3' title="bbox 282 555 1631 638; baseline -0.006 -16"><span class='ocrx_word' id='word_1_16' title='bbox 282 561 312 622; x_wconf 93' lang='lat' dir='ltr'><strong>in</strong></span> <span class='ocrx_word' id='word_1_17' title='bbox 334 562 364 634; x_wconf 90' lang='lat' dir='ltr'><em>P,</em></span> <span class='ocrx_word' id='word_1_18' title='bbox 379 562 414 622; x_wconf 83' lang='lat' dir='ltr'><strong>E.</strong></span> <span class='ocrx_word' id='word_1_19' title='bbox 470 560 548 621; x_wconf 91' lang='lat' dir='ltr'><strong>Nam</strong></span> <span class='ocrx_word' id='word_1_20' title='bbox 578 570 690 638; x_wconf 88' lang='lat' dir='ltr'><strong>quanta</strong></span> <span class='ocrx_word' id='word_1_21' title='bbox 718 568 765 620; x_wconf 91' lang='lat' dir='ltr'><strong>est</strong></span> <span class='ocrx_word' id='word_1_22' title='bbox 794 558 876 633; x_wconf 90' lang='lat' dir='ltr'><em>MA,</em></span> <span class='ocrx_word' id='word_1_23' title='bbox 914 566 1002 619; x_wconf 89' lang='lat' dir='ltr'><strong>tanta</strong></span> <span class='ocrx_word' id='word_1_24' title='bbox 1029 567 1080 619; x_wconf 78' lang='lat' dir='ltr'><strong>est</strong></span> <span class='ocrx_word' id='word_1_25' title='bbox 1107 566 1137 617; x_wconf 90' lang='lat' dir='ltr'><strong>et</strong></span> <span class='ocrx_word' id='word_1_26' title='bbox 1168 560 1233 621; x_wconf 86' lang='lat' dir='ltr'><strong>PE.</strong></span> <span class='ocrx_word' id='word_1_27' title='bbox 1290 556 1353 619; x_wconf 88' lang='lat' dir='ltr'><strong>Sed</strong></span> <span class='ocrx_word' id='word_1_28' title='bbox 1385 555 1456 636; x_wconf 92' lang='lat' dir='ltr'><strong>qnia</strong></span> <span class='ocrx_word' id='word_1_29' title='bbox 1488 575 1548 616; x_wconf 94' lang='lat' dir='ltr'><strong>non</strong></span> <span class='ocrx_word' id='word_1_30' title='bbox 1577 555 1631 614; x_wconf 88' lang='lat' dir='ltr'><strong>de-</strong></span> 
     </span>
     <span class='ocr_line' id='line_1_4' title="bbox 282 645 1630 728; baseline -0.006 -18"><span class='ocrx_word' id='word_1_31' title='bbox 282 651 419 728; x_wconf 85' lang='lat' dir='ltr'><strong>signatur</strong></span> <span class='ocrx_word' id='word_1_32' title='bbox 443 657 621 709; x_wconf 82' lang='lat' dir='ltr'><strong>momentum</strong></span> <span class='ocrx_word' id='word_1_33' title='bbox 645 648 723 709; x_wconf 87' lang='lat' dir='ltr'><strong>idem</strong></span> <span class='ocrx_word' id='word_1_34' title='bbox 746 666 798 725; x_wconf 88' lang='lat' dir='ltr'><strong>per</strong></span> <span class='ocrx_word' id='word_1_35' title='bbox 821 647 900 711; x_wconf 75' lang='lat' dir='ltr'><strong>hanc</strong></span> <span class='ocrx_word' id='word_1_36' title='bbox 921 666 1010 709; x_wconf 87' lang='lat' dir='ltr'><strong>nnam</strong></span> <span class='ocrx_word' id='word_1_37' title='bbox 1034 646 1144 707; x_wconf 89' lang='lat' dir='ltr'><strong>lineam</strong></span> <span class='ocrx_word' id='word_1_38' title='bbox 1170 647 1254 721; x_wconf 91' lang='lat' dir='ltr'><em>MA,</em></span> <span class='ocrx_word' id='word_1_39' title='bbox 1283 666 1348 708; x_wconf 89' lang='lat' dir='ltr'><strong>cum</strong></span> <span class='ocrx_word' id='word_1_40' title='bbox 1372 662 1430 707; x_wconf 92' lang='lat' dir='ltr'><strong>non</strong></span> <span class='ocrx_word' id='word_1_41' title='bbox 1456 646 1501 716; x_wconf 89' lang='lat' dir='ltr'><strong>M,</strong></span> <span class='ocrx_word' id='word_1_42' title='bbox 1511 648 1555 718; x_wconf 92' lang='lat' dir='ltr'><strong>A,</strong></span> <span class='ocrx_word' id='word_1_43' title='bbox 1580 645 1630 703; x_wconf 89' lang='lat' dir='ltr'><strong>sed</strong></span> 
     </span>
     <span class='ocr_line' id='line_1_5' title="bbox 284 736 1631 818; baseline -0.007 -18"><span class='ocrx_word' id='word_1_44' title='bbox 284 739 375 801; x_wconf 89' lang='lat' dir='ltr'><strong>Asit</strong></span> <span class='ocrx_word' id='word_1_45' title='bbox 397 747 539 818; x_wconf 83' lang='lat' dir='ltr'><strong>punctum</strong></span> <span class='ocrx_word' id='word_1_46' title='bbox 563 736 766 816; x_wconf 83' lang='lat' dir='ltr'>aequalitatis,</span> <span class='ocrx_word' id='word_1_47' title='bbox 792 752 863 815; x_wconf 85' lang='lat' dir='ltr'><strong>ergo</strong></span> <span class='ocrx_word' id='word_1_48' title='bbox 886 752 991 799; x_wconf 79' lang='lat' dir='ltr'><strong>versus</strong></span> <span class='ocrx_word' id='word_1_49' title='bbox 1018 737 1068 797; x_wconf 81' lang='lat' dir='ltr'><strong>Pn</strong></span> <span class='ocrx_word' id='word_1_50' title='bbox 1091 736 1214 798; x_wconf 87' lang='lat' dir='ltr'><strong>veniant</strong></span> <span class='ocrx_word' id='word_1_51' title='bbox 1233 736 1374 817; x_wconf 75' lang='lat' dir='ltr'><strong>paralleli</strong></span> <span class='ocrx_word' id='word_1_52' title='bbox 1398 753 1437 795; x_wconf 86' lang='lat' dir='ltr'><strong>ex</strong></span> <span class='ocrx_word' id='word_1_53' title='bbox 1460 737 1532 805; x_wconf 71' lang='grc' dir='ltr'><strong>ΑΔ,</strong></span> <span class='ocrx_word' id='word_1_54' title='bbox 1558 752 1631 812; x_wconf 85' lang='lat' dir='ltr'><strong>quae</strong></span> 
     </span>
     <span class='ocr_line' id='line_1_6' title="bbox 283 821 1630 953; baseline -0.005 -64"><span class='ocrx_word' id='word_1_55' title='bbox 283 828 447 906; x_wconf 84' lang='lat' dir='ltr'><strong>signabunt</strong></span> <span class='ocrx_word' id='word_1_56' title='bbox 468 836 649 887; x_wconf 82' lang='lat' dir='ltr'><strong>momentum</strong></span> <span class='ocrx_word' id='word_1_57' title='bbox 673 825 766 886; x_wconf 89' lang='lat' dir='ltr'><strong>idem:</strong></span> <span class='ocrx_word' id='word_1_58' title='bbox 800 823 921 907; x_wconf 83' lang='lat' dir='ltr'><strong>sintque</strong></span> <span class='ocrx_word' id='word_1_59' title='bbox 945 826 1016 899; x_wconf 90' lang='lat' dir='ltr'><em>AP,</em></span> <span class='ocrx_word' id='word_1_60' title='bbox 1050 827 1105 886; x_wconf 80' lang='grc' dir='ltr'><strong>ΛΕ</strong></span> <span class='ocrx_word' id='word_1_61' title='bbox 1128 834 1160 886; x_wconf 86' lang='lat' dir='ltr'><strong>et</strong></span> <span class='ocrx_word' id='word_1_62' title='bbox 1181 840 1222 893; x_wconf 76' lang='lat' dir='ltr'><strong>ex</strong></span> <span class='ocrx_word' id='word_1_63' title='bbox 1230 824 1320 953; x_wconf 74' lang='lat' dir='ltr'><em>P,E</em></span> <span class='ocrx_word' id='word_1_64' title='bbox 1340 821 1467 904; x_wconf 88' lang='lat' dir='ltr'><strong>epicycli</strong></span> <span class='ocrx_word' id='word_1_65' title='bbox 1493 822 1630 884; x_wconf 78' lang='lat' dir='ltr'><strong>scriban-</strong></span> 
     </span>
    </p>
   </div>
   <div class='ocr_carea' id='block_1_3' title="bbox 284 916 1631 1102">
    <p class='ocr_par' dir='ltr' id='par_1_3' title="bbox 284 916 1631 1102">
     <span class='ocr_line' id='line_1_7' title="bbox 284 916 1631 1102; baseline -0.004 -37"><span class='ocrx_word' id='word_1_66' title='bbox 284 927 333 978; x_wconf 59' lang='lat' dir='ltr'><strong>tur</strong></span> <span class='ocrx_word' id='word_1_67' title='bbox 355 916 544 1076; x_wconf 53' lang='grc' dir='ltr'><strong>Αἑὶιιιιῖιιίῐιιι,</strong></span> <span class='ocrx_word' id='word_1_68' title='bbox 560 1003 609 1063; x_wconf 92' lang='lat' dir='ltr'><strong>ubi</strong></span> <span class='ocrx_word' id='word_1_69' title='bbox 624 1002 756 1063; x_wconf 79' lang='lat' dir='ltr'><strong>maxima</strong></span> <span class='ocrx_word' id='word_1_70' title='bbox 772 1008 917 1102; x_wconf 78' lang='lat' dir='ltr'>appareat</span> <span class='ocrx_word' id='word_1_71' title='bbox 930 1001 1006 1062; x_wconf 91' lang='lat' dir='ltr'><strong>haec</strong></span> <span class='ocrx_word' id='word_1_72' title='bbox 1022 992 1228 1083; x_wconf 75' lang='lat' dir='ltr'><strong>discrepantis·</strong></span> <span class='ocrx_word' id='word_1_73' title='bbox 1222 984 1355 1067; x_wconf 58' lang='lat' dir='ltr'><strong>&#39;Mene</strong></span> <span class='ocrx_word' id='word_1_74' title='bbox 1371 996 1631 1062; x_wconf 68' lang='lat' dir='ltr'><strong>circumferentiae</strong></span> 
     </span>
    </p>
   </div>
   <div class='ocr_carea' id='block_1_4' title="bbox 242 1086 1633 1796">
    <p class='ocr_par' dir='ltr' id='par_1_4' title="bbox 242 1086 1633 1796">
     <span class='ocr_line' id='line_1_8' title="bbox 283 1086 1630 1197; baseline -0.006 -41"><span class='ocrx_word' id='word_1_75' title='bbox 283 1093 429 1197; x_wconf 82' lang='lat' dir='ltr'><strong>epicycli?</strong></span> <span class='ocrx_word' id='word_1_76' title='bbox 475 1092 517 1153; x_wconf 85' lang='lat' dir='ltr'><strong>Et</strong></span> <span class='ocrx_word' id='word_1_77' title='bbox 539 1102 661 1164; x_wconf 90' lang='lat' dir='ltr'><strong>certum,</strong></span> <span class='ocrx_word' id='word_1_78' title='bbox 687 1093 764 1170; x_wconf 85' lang='lat' dir='ltr'><strong>quod</strong></span> <span class='ocrx_word' id='word_1_79' title='bbox 788 1110 846 1151; x_wconf 93' lang='lat' dir='ltr'><strong>non</strong></span> <span class='ocrx_word' id='word_1_80' title='bbox 870 1090 898 1149; x_wconf 95' lang='lat' dir='ltr'><strong>in</strong></span> <span class='ocrx_word' id='word_1_81' title='bbox 923 1091 1059 1171; x_wconf 83' lang='lat' dir='ltr'><strong>partibus</strong></span> <span class='ocrx_word' id='word_1_82' title='bbox 1083 1088 1209 1172; x_wconf 85' lang='lat' dir='ltr'><strong>eprcyclr</strong></span> <span class='ocrx_word' id='word_1_83' title='bbox 1222 1086 1285 1170; x_wconf 77' lang='lat' dir='ltr'><strong>iper</strong></span> <span class='ocrx_word' id='word_1_84' title='bbox 1304 1090 1461 1151; x_wconf 88' lang='lat' dir='ltr'><strong>KTerrae</strong></span> <span class='ocrx_word' id='word_1_85' title='bbox 1476 1108 1630 1168; x_wconf 80' lang='lat' dir='ltr'><strong>proximis</strong></span> 
     </span>
     <span class='ocr_line' id='line_1_9' title="bbox 286 1177 1633 1265; baseline -0.005 -20"><span class='ocrx_word' id='word_1_86' title='bbox 286 1185 355 1265; x_wconf 92' lang='lat' dir='ltr'><strong>quia</strong></span> <span class='ocrx_word' id='word_1_87' title='bbox 379 1190 484 1243; x_wconf 89' lang='lat' dir='ltr'><strong>essent</strong></span> <span class='ocrx_word' id='word_1_88' title='bbox 505 1181 562 1260; x_wconf 80' lang='lat' dir='ltr'><strong>ipsi</strong></span> <span class='ocrx_word' id='word_1_89' title='bbox 587 1183 618 1242; x_wconf 91' lang='lat' dir='ltr'><em>K</em></span> <span class='ocrx_word' id='word_1_90' title='bbox 638 1182 676 1241; x_wconf 90' lang='lat' dir='ltr'><strong>ad</strong></span> <span class='ocrx_word' id='word_1_91' title='bbox 700 1181 822 1259; x_wconf 85' lang='lat' dir='ltr'>plagam</span> <span class='ocrx_word' id='word_1_92' title='bbox 846 1181 988 1241; x_wconf 87' lang='lat' dir='ltr'><strong>eandem:</strong></span> <span class='ocrx_word' id='word_1_93' title='bbox 1021 1200 1075 1241; x_wconf 91' lang='lat' dir='ltr'><strong>nec</strong></span> <span class='ocrx_word' id='word_1_94' title='bbox 1100 1181 1127 1240; x_wconf 91' lang='lat' dir='ltr'><strong>in</strong></span> <span class='ocrx_word' id='word_1_95' title='bbox 1152 1177 1293 1252; x_wconf 85' lang='lat' dir='ltr'><strong>summis,</strong></span> <span class='ocrx_word' id='word_1_96' title='bbox 1324 1179 1393 1258; x_wconf 86' lang='lat' dir='ltr'><strong>quia</strong></span> <span class='ocrx_word' id='word_1_97' title='bbox 1417 1177 1505 1239; x_wconf 92' lang='lat' dir='ltr'><strong>nimis</strong></span> <span class='ocrx_word' id='word_1_98' title='bbox 1531 1190 1633 1239; x_wconf 86' lang='lat' dir='ltr'><strong>essent</strong></span> 
     </span>
     <span class='ocr_line' id='line_1_10' title="bbox 284 1267 1629 1349; baseline -0.006 -14"><span class='ocrx_word' id='word_1_99' title='bbox 284 1282 432 1336; x_wconf 89' lang='lat' dir='ltr'><strong>remotae:</strong></span> <span class='ocrx_word' id='word_1_100' title='bbox 466 1289 537 1349; x_wconf 85' lang='lat' dir='ltr'><strong>ergo</strong></span> <span class='ocrx_word' id='word_1_101' title='bbox 569 1269 598 1331; x_wconf 93' lang='lat' dir='ltr'><strong>in</strong></span> <span class='ocrx_word' id='word_1_102' title='bbox 627 1269 769 1349; x_wconf 82' lang='lat' dir='ltr'><strong>proximis</strong></span> <span class='ocrx_word' id='word_1_103' title='bbox 797 1269 933 1347; x_wconf 89' lang='lat' dir='ltr'><strong>partibus</strong></span> <span class='ocrx_word' id='word_1_104' title='bbox 963 1269 1104 1348; x_wconf 85' lang='lat' dir='ltr'><strong>perigaeo</strong></span> <span class='ocrx_word' id='word_1_105' title='bbox 1136 1267 1282 1349; x_wconf 88' lang='lat' dir='ltr'><strong>epicycli:</strong></span> <span class='ocrx_word' id='word_1_106' title='bbox 1316 1286 1387 1347; x_wconf 81' lang='lat' dir='ltr'><strong>ergo</strong></span> <span class='ocrx_word' id='word_1_107' title='bbox 1412 1267 1484 1329; x_wconf 91' lang='lat' dir='ltr'><strong>Sole</strong></span> <span class='ocrx_word' id='word_1_108' title='bbox 1509 1278 1629 1328; x_wconf 88' lang='lat' dir='ltr'><strong>etcum</strong></span> 
     </span>
     <span class='ocr_line' id='line_1_11' title="bbox 285 1356 1633 1439; baseline -0.007 -15"><span class='ocrx_word' id='word_1_109' title='bbox 285 1363 342 1424; x_wconf 90' lang='lat' dir='ltr'><strong>hoc</strong></span> <span class='ocrx_word' id='word_1_110' title='bbox 366 1362 490 1439; x_wconf 89' lang='lat' dir='ltr'><strong>planeta</strong></span> <span class='ocrx_word' id='word_1_111' title='bbox 513 1378 570 1420; x_wconf 92' lang='lat' dir='ltr'><strong>non</strong></span> <span class='ocrx_word' id='word_1_112' title='bbox 595 1360 683 1438; x_wconf 89' lang='lat' dir='ltr'><strong>plane</strong></span> <span class='ocrx_word' id='word_1_113' title='bbox 709 1359 737 1419; x_wconf 94' lang='lat' dir='ltr'><strong>in</strong></span> <span class='ocrx_word' id='word_1_114' title='bbox 762 1359 902 1439; x_wconf 84' lang='lat' dir='ltr'><strong>perigaeo</strong></span> <span class='ocrx_word' id='word_1_115' title='bbox 927 1379 980 1420; x_wconf 90' lang='lat' dir='ltr'><strong>suo</strong></span> <span class='ocrx_word' id='word_1_116' title='bbox 1004 1367 1144 1420; x_wconf 84' lang='lat' dir='ltr'><strong>versante</strong></span> <span class='ocrx_word' id='word_1_117' title='bbox 1169 1358 1223 1419; x_wconf 88' lang='lat' dir='ltr'><strong>sed</strong></span> <span class='ocrx_word' id='word_1_118' title='bbox 1246 1357 1390 1436; x_wconf 85' lang='lat' dir='ltr'><strong>proxime,</strong></span> <span class='ocrx_word' id='word_1_119' title='bbox 1416 1364 1448 1417; x_wconf 91' lang='lat' dir='ltr'><strong>et</strong></span> <span class='ocrx_word' id='word_1_120' title='bbox 1471 1356 1500 1417; x_wconf 94' lang='lat' dir='ltr'><strong>in</strong></span> <span class='ocrx_word' id='word_1_121' title='bbox 1518 1374 1633 1416; x_wconf 89' lang='lat' dir='ltr'><strong>summa</strong></span> 
     </span>
     <span class='ocr_line' id='line_1_12' title="bbox 285 1446 1632 1526; baseline -0.005 -15"><span class='ocrx_word' id='word_1_122' title='bbox 285 1455 334 1524; x_wconf 84' lang='lat' dir='ltr'><strong>(nt</strong></span> <span class='ocrx_word' id='word_1_123' title='bbox 365 1448 497 1511; x_wconf 85' lang='lat' dir='ltr'><strong>breviter</strong></span> <span class='ocrx_word' id='word_1_124' title='bbox 530 1447 643 1520; x_wconf 89' lang='lat' dir='ltr'><strong>dicam)</strong></span> <span class='ocrx_word' id='word_1_125' title='bbox 681 1447 710 1509; x_wconf 95' lang='lat' dir='ltr'><strong>in</strong></span> <span class='ocrx_word' id='word_1_126' title='bbox 739 1448 857 1526; x_wconf 91' lang='lat' dir='ltr'><strong>punctis</strong></span> <span class='ocrx_word' id='word_1_127' title='bbox 888 1446 928 1508; x_wconf 89' lang='lat' dir='ltr'><strong>iis</strong></span> <span class='ocrx_word' id='word_1_128' title='bbox 957 1451 1050 1516; x_wconf 71' lang='lat' dir='ltr'><strong>mli</strong></span> <span class='ocrx_word' id='word_1_129' title='bbox 1075 1448 1179 1508; x_wconf 85' lang='lat' dir='ltr'><strong>eodem</strong></span> <span class='ocrx_word' id='word_1_130' title='bbox 1208 1447 1353 1524; x_wconf 90' lang='lat' dir='ltr'><strong>temporis</strong></span> <span class='ocrx_word' id='word_1_131' title='bbox 1382 1453 1534 1506; x_wconf 88' lang='lat' dir='ltr'><strong>momento</strong></span> <span class='ocrx_word' id='word_1_132' title='bbox 1560 1464 1632 1505; x_wconf 80' lang='lat' dir='ltr'><strong>con-</strong></span> 
     </span>
     <span class='ocr_line' id='line_1_13' title="bbox 242 1526 1632 1617; baseline -0.005 -17"><span class='ocrx_word' id='word_1_133' title='bbox 242 1560 245 1565; x_wconf 93' lang='lat'>·</span> <span class='ocrx_word' id='word_1_134' title='bbox 285 1537 492 1610; x_wconf 80' lang='lat' dir='ltr'><strong>venientibus,</strong></span> <span class='ocrx_word' id='word_1_135' title='bbox 526 1557 578 1617; x_wconf 90' lang='lat' dir='ltr'><strong>per</strong></span> <span class='ocrx_word' id='word_1_136' title='bbox 611 1557 686 1616; x_wconf 91' lang='lat' dir='ltr'><strong>quae</strong></span> <span class='ocrx_word' id='word_1_137' title='bbox 711 1545 743 1597; x_wconf 90' lang='lat' dir='ltr'><strong>et</strong></span> <span class='ocrx_word' id='word_1_138' title='bbox 766 1539 797 1597; x_wconf 91' lang='lat' dir='ltr'><em>K</em></span> <span class='ocrx_word' id='word_1_139' title='bbox 816 1537 956 1599; x_wconf 88' lang='lat' dir='ltr'><strong>minimus</strong></span> <span class='ocrx_word' id='word_1_140' title='bbox 980 1526 1116 1598; x_wconf 86' lang='lat' dir='ltr'><strong>circeilns</strong></span> <span class='ocrx_word' id='word_1_141' title='bbox 1140 1528 1316 1598; x_wconf 81' lang='lat' dir='ltr'><strong>traducitui.</strong></span> <span class='ocrx_word' id='word_1_142' title='bbox 1362 1533 1421 1594; x_wconf 85' lang='lat' dir='ltr'><strong>Est</strong></span> <span class='ocrx_word' id='word_1_143' title='bbox 1443 1542 1546 1594; x_wconf 87' lang='lat' dir='ltr'><strong>autem</strong></span> <span class='ocrx_word' id='word_1_144' title='bbox 1570 1535 1632 1611; x_wconf 82' lang='lat' dir='ltr'><strong>ejus</strong></span> 
     </span>
     <span class='ocr_line' id='line_1_14' title="bbox 286 1627 1632 1706; baseline -0.007 -15"><span class='ocrx_word' id='word_1_145' title='bbox 286 1628 399 1691; x_wconf 85' lang='lat' dir='ltr'><strong>circelli</strong></span> <span class='ocrx_word' id='word_1_146' title='bbox 424 1638 559 1688; x_wconf 81' lang='lat' dir='ltr'><strong>centrum</strong></span> <span class='ocrx_word' id='word_1_147' title='bbox 584 1627 612 1687; x_wconf 90' lang='lat' dir='ltr'><strong>in</strong></span> <span class='ocrx_word' id='word_1_148' title='bbox 638 1627 718 1686; x_wconf 91' lang='lat' dir='ltr'><strong>linea</strong></span> <span class='ocrx_word' id='word_1_149' title='bbox 741 1645 793 1704; x_wconf 89' lang='lat' dir='ltr'><strong>per</strong></span> <span class='ocrx_word' id='word_1_150' title='bbox 816 1630 846 1688; x_wconf 87' lang='grc' dir='ltr'><em>Κ</em></span> <span class='ocrx_word' id='word_1_151' title='bbox 868 1628 968 1701; x_wconf 86' lang='lat' dir='ltr'><strong>ducta,</strong></span> <span class='ocrx_word' id='word_1_152' title='bbox 994 1647 1069 1706; x_wconf 87' lang='lat' dir='ltr'><strong>quae</strong></span> <span class='ocrx_word' id='word_1_153' title='bbox 1093 1627 1440 1686; x_wconf 86' lang='lat' dir='ltr'><strong>continuata-sursumet</strong></span> <span class='ocrx_word' id='word_1_154' title='bbox 1455 1640 1632 1685; x_wconf 84' lang='lat' dir='ltr'><strong>concurrens</strong></span> 
     </span>
     <span class='ocr_line' id='line_1_15' title="bbox 289 1708 1395 1796; baseline -0.005 -17"><span class='ocrx_word' id='word_1_155' title='bbox 289 1734 357 1781; x_wconf 86' lang='lat' dir='ltr'><strong>cum</strong></span> <span class='ocrx_word' id='word_1_156' title='bbox 378 1714 460 1781; x_wconf 89' lang='lat' dir='ltr'><strong>linea</strong></span> <span class='ocrx_word' id='word_1_157' title='bbox 485 1717 543 1778; x_wconf 82' lang='grc' dir='ltr'><strong>ΡΛ</strong></span> <span class='ocrx_word' id='word_1_158' title='bbox 567 1714 672 1779; x_wconf 62' lang='lat' dir='ltr'><strong>itidem</strong></span> <span class='ocrx_word' id='word_1_159' title='bbox 693 1714 867 1777; x_wconf 85' lang='lat' dir='ltr'><strong>continuata</strong></span> <span class='ocrx_word' id='word_1_160' title='bbox 891 1716 1032 1794; x_wconf 79' lang='lat' dir='ltr'><strong>angulum</strong></span> <span class='ocrx_word' id='word_1_161' title='bbox 1056 1708 1139 1796; x_wconf 76' lang='lat' dir='ltr'><strong>7¹l,⁰</strong></span> <span class='ocrx_word' id='word_1_162' title='bbox 1161 1712 1395 1791; x_wconf 85' lang='lat' dir='ltr'><strong>comprehendit.</strong></span> 
     </span>
    </p>
   </div>
   <div class='ocr_carea' id='block_1_5' title="bbox 285 1808 1634 2517">
    <p class='ocr_par' dir='ltr' id='par_1_5' title="bbox 285 1808 1633 2162">
     <span class='ocr_line' id='line_1_16' title="bbox 372 1808 1631 1914; baseline -0.006 -39"><span class='ocrx_word' id='word_1_163' title='bbox 372 1813 668 1887; x_wconf 78' lang='lat' dir='ltr'><strong>Demonstrationsru</strong></span> <span class='ocrx_word' id='word_1_164' title='bbox 691 1813 953 1914; x_wconf 83' lang='lat' dir='ltr'><strong>exsuperioribus</strong></span> <span class='ocrx_word' id='word_1_165' title='bbox 976 1813 1034 1875; x_wconf 92' lang='lat' dir='ltr'><strong>hnc</strong></span> <span class='ocrx_word' id='word_1_166' title='bbox 1057 1813 1271 1883; x_wconf 83' lang='lat' dir='ltr'><strong>accommodet,</strong></span> <span class='ocrx_word' id='word_1_167' title='bbox 1296 1812 1345 1891; x_wconf 90' lang='lat' dir='ltr'><strong>qui</strong></span> <span class='ocrx_word' id='word_1_168' title='bbox 1369 1829 1426 1870; x_wconf 91' lang='lat' dir='ltr'><strong>non</strong></span> <span class='ocrx_word' id='word_1_169' title='bbox 1450 1808 1631 1888; x_wconf 73' lang='lat' dir='ltr'><strong>acquiescit3</strong></span> 
     </span>
     <span class='ocr_line' id='line_1_17' title="bbox 285 1896 1631 2000; baseline -0.005 -36"><span class='ocrx_word' id='word_1_170' title='bbox 285 1903 399 1965; x_wconf 89' lang='lat' dir='ltr'><strong>numeri</strong></span> <span class='ocrx_word' id='word_1_171' title='bbox 423 1902 541 1983; x_wconf 91' lang='lat' dir='ltr'><strong>quidem</strong></span> <span class='ocrx_word' id='word_1_172' title='bbox 563 1896 654 1973; x_wconf 66' lang='lat' dir='ltr'><strong>iidql&#39;n&#39;</strong></span> <span class='ocrx_word' id='word_1_173' title='bbox 675 1912 815 1976; x_wconf 71' lang='lat' dir='ltr'><strong>manent,</strong></span> <span class='ocrx_word' id='word_1_174' title='bbox 839 1903 896 1963; x_wconf 90' lang='lat' dir='ltr'><strong>nisi</strong></span> <span class='ocrx_word' id='word_1_175' title='bbox 929 1902 1007 1982; x_wconf 90' lang='lat' dir='ltr'><strong>quod</strong></span> <span class='ocrx_word' id='word_1_176' title='bbox 1031 1904 1110 1982; x_wconf 85' lang='lat' dir='ltr'><strong>apud</strong></span> <span class='ocrx_word' id='word_1_177' title='bbox 1136 1902 1340 1965; x_wconf 86' lang='lat' dir='ltr'><strong>Ptolemaeum</strong></span> <span class='ocrx_word' id='word_1_178' title='bbox 1365 1900 1435 1961; x_wconf 95' lang='lat' dir='ltr'><strong>MA</strong></span> <span class='ocrx_word' id='word_1_179' title='bbox 1458 1898 1568 2000; x_wconf 79' lang='lat' dir='ltr'><strong>maJor</strong></span> <span class='ocrx_word' id='word_1_180' title='bbox 1577 1912 1631 1967; x_wconf 74' lang='lat' dir='ltr'><strong>est,</strong></span> 
     </span>
     <span class='ocr_line' id='line_1_18' title="bbox 287 1987 1633 2073; baseline -0.006 -20"><span class='ocrx_word' id='word_1_181' title='bbox 287 2013 377 2073; x_wconf 87' lang='lat' dir='ltr'><strong>quam</strong></span> <span class='ocrx_word' id='word_1_182' title='bbox 400 1992 537 2072; x_wconf 88' lang='lat' dir='ltr'><strong>superius</strong></span> <span class='ocrx_word' id='word_1_183' title='bbox 551 1990 581 2053; x_wconf 91' lang='lat' dir='ltr'><strong>in</strong></span> <span class='ocrx_word' id='word_1_184' title='bbox 598 1988 731 2071; x_wconf 51' lang='lat' dir='ltr'><strong>lrnfssrin</strong></span> <span class='ocrx_word' id='word_1_185' title='bbox 752 1992 905 2070; x_wconf 70' lang='lat' dir='ltr'><strong>usurpetis</strong></span> <span class='ocrx_word' id='word_1_186' title='bbox 920 1995 964 2067; x_wconf 82' lang='grc' dir='ltr'><strong>μλ</strong></span> <span class='ocrx_word' id='word_1_187' title='bbox 983 1997 1047 2065; x_wconf 68' lang='lat' dir='ltr'><strong>(lig.</strong></span> <span class='ocrx_word' id='word_1_188' title='bbox 1068 1996 1132 2064; x_wconf 84' lang='grc'><strong>59);</strong></span> <span class='ocrx_word' id='word_1_189' title='bbox 1156 2006 1248 2071; x_wconf 88' lang='lat' dir='ltr'><strong>qnare</strong></span> <span class='ocrx_word' id='word_1_190' title='bbox 1267 1998 1299 2049; x_wconf 85' lang='lat' dir='ltr'><strong>et</strong></span> <span class='ocrx_word' id='word_1_191' title='bbox 1317 1987 1487 2053; x_wconf 74' lang='lat' dir='ltr'><strong>differentis</strong></span> <span class='ocrx_word' id='word_1_192' title='bbox 1511 1987 1633 2050; x_wconf 77' lang='lat' dir='ltr'><strong>uisionis</strong></span> 
     </span>
     <span class='ocr_line' id='line_1_19' title="bbox 287 2072 669 2162; baseline 0.008 -19"><span class='ocrx_word' id='word_1_193' title='bbox 287 2083 392 2162; x_wconf 89' lang='lat' dir='ltr'><strong>major,</strong></span> <span class='ocrx_word' id='word_1_194' title='bbox 417 2082 533 2143; x_wconf 89' lang='lat' dir='ltr'><strong>scilicet</strong></span> <span class='ocrx_word' id='word_1_195' title='bbox 554 2072 669 2145; x_wconf 75' lang='lat' dir='ltr'><strong>Nm</strong></span> 
     </span>
    </p>

    <p class='ocr_par' dir='ltr' id='par_1_6' title="bbox 287 2165 1634 2430">
     <span class='ocr_line' id='line_1_20' title="bbox 374 2165 1634 2250; baseline -0.007 -18"><span class='ocrx_word' id='word_1_196' title='bbox 374 2172 462 2232; x_wconf 90' lang='lat' dir='ltr'><strong>Prius</strong></span> <span class='ocrx_word' id='word_1_197' title='bbox 485 2186 591 2250; x_wconf 82' lang='lat' dir='ltr'><strong>nempe</strong></span> <span class='ocrx_word' id='word_1_198' title='bbox 614 2176 682 2233; x_wconf 71' lang='lat' dir='ltr'><strong>eret</strong></span> <span class='ocrx_word' id='word_1_199' title='bbox 703 2176 737 2233; x_wconf 86' lang='lat' dir='ltr'><strong>nt</strong></span> <span class='ocrx_word' id='word_1_200' title='bbox 761 2168 803 2246; x_wconf 76' lang='grc' dir='ltr'><strong>δβ</strong></span> <span class='ocrx_word' id='word_1_201' title='bbox 825 2169 862 2230; x_wconf 87' lang='lat' dir='ltr'><strong>ad</strong></span> <span class='ocrx_word' id='word_1_202' title='bbox 887 2173 928 2230; x_wconf 78' lang='lat' dir='ltr'><strong>tt</strong></span> <span class='ocrx_word' id='word_1_203' title='bbox 950 2170 1093 2231; x_wconf 87' lang='lat' dir='ltr'><strong>minorem</strong></span> <span class='ocrx_word' id='word_1_204' title='bbox 1122 2187 1211 2248; x_wconf 87' lang='lat' dir='ltr'><strong>quam</strong></span> <span class='ocrx_word' id='word_1_205' title='bbox 1234 2175 1283 2229; x_wconf 89' lang='lat' dir='ltr'><strong>est</strong></span> <span class='ocrx_word' id='word_1_206' title='bbox 1306 2166 1430 2229; x_wconf 89' lang='lat' dir='ltr'><strong>dimidia</strong></span> <span class='ocrx_word' id='word_1_207' title='bbox 1452 2166 1504 2240; x_wconf 76' lang='lat' dir='ltr'><strong>aa,</strong></span> <span class='ocrx_word' id='word_1_208' title='bbox 1531 2165 1575 2226; x_wconf 89' lang='lat' dir='ltr'><strong>sic</strong></span> <span class='ocrx_word' id='word_1_209' title='bbox 1596 2165 1634 2239; x_wconf 86' lang='grc' dir='ltr'><strong>βιι</strong></span> 
     </span>
     <span class='ocr_line' id='line_1_21' title="bbox 287 2254 1634 2336; baseline -0.005 -14"><span class='ocrx_word' id='word_1_210' title='bbox 287 2262 325 2323; x_wconf 92' lang='lat' dir='ltr'><strong>ad</strong></span> <span class='ocrx_word' id='word_1_211' title='bbox 349 2263 402 2336; x_wconf 76' lang='grc' dir='ltr'><strong>λμ.</strong></span> <span class='ocrx_word' id='word_1_212' title='bbox 450 2260 622 2320; x_wconf 80' lang='lat' dir='ltr'><strong>Ptolemaeo</strong></span> <span class='ocrx_word' id='word_1_213' title='bbox 653 2277 723 2319; x_wconf 89' lang='lat' dir='ltr'><strong>vero</strong></span> <span class='ocrx_word' id='word_1_214' title='bbox 756 2268 854 2332; x_wconf 88' lang='lat' dir='ltr'><strong>esset,</strong></span> <span class='ocrx_word' id='word_1_215' title='bbox 884 2270 917 2320; x_wconf 86' lang='lat' dir='ltr'><strong>ut</strong></span> <span class='ocrx_word' id='word_1_216' title='bbox 948 2263 1010 2322; x_wconf 88' lang='grc' dir='ltr'><strong>ΚΔ</strong></span> <span class='ocrx_word' id='word_1_217' title='bbox 1040 2266 1107 2319; x_wconf 87' lang='lat' dir='ltr'><strong>tota</strong></span> <span class='ocrx_word' id='word_1_218' title='bbox 1137 2259 1176 2318; x_wconf 89' lang='lat' dir='ltr'><strong>ad</strong></span> <span class='ocrx_word' id='word_1_219' title='bbox 1205 2260 1267 2320; x_wconf 91' lang='lat' dir='ltr'><strong>KA</strong></span> <span class='ocrx_word' id='word_1_220' title='bbox 1300 2254 1469 2326; x_wconf 79' lang='lat' dir='ltr'><strong>dimidiam,</strong></span> <span class='ocrx_word' id='word_1_221' title='bbox 1504 2256 1550 2316; x_wconf 85' lang='lat' dir='ltr'><strong>sic</strong></span> <span class='ocrx_word' id='word_1_222' title='bbox 1575 2256 1634 2316; x_wconf 72' lang='lat' dir='ltr'><strong>J]</strong></span> 
     </span>
     <span class='ocr_line' id='line_1_22' title="bbox 287 2347 729 2430; baseline -0.007 -17"><span class='ocrx_word' id='word_1_223' title='bbox 287 2348 423 2430; x_wconf 84' lang='lat' dir='ltr'><strong>aequalis</strong></span> <span class='ocrx_word' id='word_1_224' title='bbox 448 2348 502 2427; x_wconf 89' lang='lat' dir='ltr'><strong>ipsi</strong></span> <span class='ocrx_word' id='word_1_225' title='bbox 527 2350 567 2424; x_wconf 78' lang='grc' dir='ltr'><strong>βκ</strong></span> <span class='ocrx_word' id='word_1_226' title='bbox 591 2348 629 2407; x_wconf 88' lang='lat' dir='ltr'><strong>ad</strong></span> <span class='ocrx_word' id='word_1_227' title='bbox 654 2347 729 2410; x_wconf 90' lang='lat' dir='ltr'><strong>MA.</strong></span> 
     </span>
    </p>

    <p class='ocr_par' dir='ltr' id='par_1_7' title="bbox 375 2432 1633 2517">
     <span class='ocr_line' id='line_1_23' title="bbox 375 2432 1633 2517; baseline -0.003 -19"><span class='ocrx_word' id='word_1_228' title='bbox 375 2438 539 2516; x_wconf 84' lang='lat' dir='ltr'><strong>Denique</strong></span> <span class='ocrx_word' id='word_1_229' title='bbox 573 2437 695 2496; x_wconf 90' lang='lat' dir='ltr'><strong>eadem</strong></span> <span class='ocrx_word' id='word_1_230' title='bbox 726 2446 763 2496; x_wconf 90' lang='lat' dir='ltr'><strong>et</strong></span> <span class='ocrx_word' id='word_1_231' title='bbox 793 2436 828 2495; x_wconf 94' lang='lat' dir='ltr'><strong>in</strong></span> <span class='ocrx_word' id='word_1_232' title='bbox 860 2435 1070 2516; x_wconf 90' lang='lat' dir='ltr'><strong>Tychonica</strong></span> <span class='ocrx_word' id='word_1_233' title='bbox 1104 2435 1299 2517; x_wconf 89' lang='lat' dir='ltr'><strong>hypothesi</strong></span> <span class='ocrx_word' id='word_1_234' title='bbox 1330 2432 1519 2496; x_wconf 87' lang='lat' dir='ltr'><strong>deducam.</strong></span> <span class='ocrx_word' id='word_1_235' title='bbox 1564 2444 1633 2509; x_wconf 72' lang='lat' dir='ltr'><strong>(Etsi</strong></span> 
     </span>
    </p>
   </div>
   <div class='ocr_carea' id='block_1_6' title="bbox 287 2524 1633 2689">
    <p class='ocr_par' dir='ltr' id='par_1_8' title="bbox 287 2524 1633 2689">
     <span class='ocr_line' id='line_1_24' title="bbox 288 2524 1633 2598; baseline -0.004 -16"><span class='ocrx_word' id='word_1_236' title='bbox 288 2531 361 2598; x_wconf 88' lang='lat' dir='ltr'><strong>apud</strong></span> <span class='ocrx_word' id='word_1_237' title='bbox 376 2527 516 2581; x_wconf 87' lang='lat' dir='ltr'><strong>Braheum</strong></span> <span class='ocrx_word' id='word_1_238' title='bbox 536 2528 609 2580; x_wconf 90' lang='lat' dir='ltr'><strong>orbis</strong></span> <span class='ocrx_word' id='word_1_239' title='bbox 624 2527 722 2583; x_wconf 80' lang='lat' dir='ltr'><strong>Martis</strong></span> <span class='ocrx_word' id='word_1_240' title='bbox 744 2534 822 2580; x_wconf 85' lang='lat' dir='ltr'><strong>secat</strong></span> <span class='ocrx_word' id='word_1_241' title='bbox 841 2528 934 2579; x_wconf 89' lang='lat' dir='ltr'><strong>orbern</strong></span> <span class='ocrx_word' id='word_1_242' title='bbox 948 2527 1037 2588; x_wconf 82' lang='lat' dir='ltr'><strong>Solis;</strong></span> <span class='ocrx_word' id='word_1_243' title='bbox 1060 2526 1125 2598; x_wconf 85' lang='lat' dir='ltr'><strong>quia</strong></span> <span class='ocrx_word' id='word_1_244' title='bbox 1145 2534 1238 2581; x_wconf 71' lang='lat' dir='ltr'><strong>mmen</strong></span> <span class='ocrx_word' id='word_1_245' title='bbox 1258 2524 1405 2596; x_wconf 81' lang='lat' dir='ltr'><strong>generalia</strong></span> <span class='ocrx_word' id='word_1_246' title='bbox 1426 2527 1547 2580; x_wconf 82' lang='lat' dir='ltr'><strong>tracto&#39;</strong></span> <span class='ocrx_word' id='word_1_247' title='bbox 1541 2544 1568 2579; x_wconf 92' lang='lat' dir='ltr'><strong>m</strong></span> <span class='ocrx_word' id='word_1_248' title='bbox 1583 2526 1633 2578; x_wconf 76' lang='lat' dir='ltr'><strong>hnc</strong></span> 
     </span>
     <span class='ocr_line' id='line_1_25' title="bbox 287 2606 1632 2689; baseline -0.003 -27"><span class='ocrx_word' id='word_1_249' title='bbox 287 2609 376 2679; x_wconf 90' lang='lat' dir='ltr'><strong>prima</strong></span> <span class='ocrx_word' id='word_1_250' title='bbox 396 2615 486 2689; x_wconf 55' lang='lat' dir='ltr'><strong>parto,</strong></span> <span class='ocrx_word' id='word_1_251' title='bbox 509 2615 538 2662; x_wconf 89' lang='lat' dir='ltr'><strong>et</strong></span> <span class='ocrx_word' id='word_1_252' title='bbox 552 2623 622 2676; x_wconf 87' lang='lat' dir='ltr'><strong>quae</strong></span> <span class='ocrx_word' id='word_1_253' title='bbox 643 2606 766 2663; x_wconf 75' lang='lat' dir='ltr'><strong>omnibns</strong></span> <span class='ocrx_word' id='word_1_254' title='bbox 788 2608 908 2676; x_wconf 85' lang='lat' dir='ltr'><strong>planetis</strong></span> <span class='ocrx_word' id='word_1_255' title='bbox 930 2608 1102 2671; x_wconf 84' lang='lat' dir='ltr'><strong>conveniunt,</strong></span> <span class='ocrx_word' id='word_1_256' title='bbox 1125 2607 1210 2661; x_wconf 88' lang='lat' dir='ltr'><strong>malui</strong></span> <span class='ocrx_word' id='word_1_257' title='bbox 1230 2608 1274 2660; x_wconf 92' lang='lat' dir='ltr'><strong>hic</strong></span> <span class='ocrx_word' id='word_1_258' title='bbox 1288 2606 1436 2661; x_wconf 81' lang='lat' dir='ltr'><strong>excludere</strong></span> <span class='ocrx_word' id='word_1_259' title='bbox 1456 2609 1530 2661; x_wconf 87' lang='lat' dir='ltr'><strong>hanc</strong></span> <span class='ocrx_word' id='word_1_260' title='bbox 1551 2607 1632 2661; x_wconf 73' lang='lat' dir='ltr'><strong>inter·</strong></span> 
     </span>
    </p>
   </div>
   <div class='ocr_carea' id='block_1_7' title="bbox 287 2672 1639 3215">
    <p class='ocr_par' dir='ltr' id='par_1_9' title="bbox 287 2672 1638 3215">
     <span class='ocr_line' id='line_1_26' title="bbox 290 2672 1633 2766; baseline 0.001 -17"><span class='ocrx_word' id='word_1_261' title='bbox 290 2696 448 2760; x_wconf 83' lang='lat' dir='ltr'><strong>sectionem,</strong></span> <span class='ocrx_word' id='word_1_262' title='bbox 480 2694 593 2750; x_wconf 85' lang='lat' dir='ltr'><strong>multum</strong></span> <span class='ocrx_word' id='word_1_263' title='bbox 615 2672 686 2750; x_wconf 79' lang='lat' dir='ltr'><strong>duim</strong></span> <span class='ocrx_word' id='word_1_264' title='bbox 716 2696 929 2751; x_wconf 87' lang='lat' dir='ltr'><strong>obscuritatis</strong></span> <span class='ocrx_word' id='word_1_265' title='bbox 922 2716 949 2750; x_wconf 86' lang='grc' dir='ltr'><strong>ιιι</strong></span> <span class='ocrx_word' id='word_1_266' title='bbox 981 2699 1119 2751; x_wconf 83' lang='lat' dir='ltr'><strong>schemate</strong></span> <span class='ocrx_word' id='word_1_267' title='bbox 1151 2698 1243 2750; x_wconf 85' lang='lat' dir='ltr'><strong>fuerat</strong></span> <span class='ocrx_word' id='word_1_268' title='bbox 1271 2684 1422 2766; x_wconf 57' lang='lat' dir='ltr'><strong>pitture.)</strong></span> <span class='ocrx_word' id='word_1_269' title='bbox 1471 2688 1587 2751; x_wconf 66' lang='lat' dir='ltr'><strong>Germ</strong></span> <span class='ocrx_word' id='word_1_270' title='bbox 1609 2683 1633 2745; x_wconf 75' lang='grc' dir='ltr'><strong><em>Β</em></strong></span> 
     </span>
     <span class='ocr_line' id='line_1_27' title="bbox 287 2772 1634 2861; baseline 0.003 -24"><span class='ocrx_word' id='word_1_271' title='bbox 287 2782 353 2851; x_wconf 73' lang='lat' dir='ltr'><strong>(Fig</strong></span> <span class='ocrx_word' id='word_1_272' title='bbox 374 2781 418 2845; x_wconf 81' lang='lat'><strong>6¹)</strong></span> <span class='ocrx_word' id='word_1_273' title='bbox 445 2777 603 2839; x_wconf 83' lang='lat' dir='ltr'><strong>scribatur</strong></span> <span class='ocrx_word' id='word_1_274' title='bbox 630 2779 817 2838; x_wconf 78' lang='lat' dir='ltr'><strong>ecoentricaa</strong></span> <span class='ocrx_word' id='word_1_275' title='bbox 840 2774 929 2838; x_wconf 84' lang='lat' dir='ltr'><strong>Sols&#39;s</strong></span> <span class='ocrx_word' id='word_1_276' title='bbox 953 2775 1020 2847; x_wconf 71' lang='lat' dir='ltr'><strong>Gn,</strong></span> <span class='ocrx_word' id='word_1_277' title='bbox 1049 2778 1140 2839; x_wconf 82' lang='lat' dir='ltr'><strong>utin</strong></span> <span class='ocrx_word' id='word_1_278' title='bbox 1162 2773 1276 2836; x_wconf 84' lang='lat' dir='ltr'><strong>eoBG</strong></span> <span class='ocrx_word' id='word_1_279' title='bbox 1299 2774 1451 2841; x_wconf 73' lang='lat' dir='ltr'><strong>silliaco</strong></span> <span class='ocrx_word' id='word_1_280' title='bbox 1475 2772 1634 2861; x_wconf 49' lang='lat' dir='ltr'><strong>qd&amp;</strong></span> 
     </span>
     <span class='ocr_line' id='line_1_28' title="bbox 290 2862 1639 2951; baseline 0.003 -23"><span class='ocrx_word' id='word_1_281' title='bbox 290 2862 418 2929; x_wconf 72' lang='lat' dir='ltr'><strong>otacus</strong></span> <span class='ocrx_word' id='word_1_282' title='bbox 436 2865 556 2928; x_wconf 73' lang='lat' dir='ltr'><strong>Terrae</strong></span> <span class='ocrx_word' id='word_1_283' title='bbox 571 2864 739 2927; x_wconf 79' lang='lat' dir='ltr'><strong>imsssohilia</strong></span> <span class='ocrx_word' id='word_1_284' title='bbox 753 2875 781 2927; x_wconf 84' lang='lat' dir='ltr'><strong>et</strong></span> <span class='ocrx_word' id='word_1_285' title='bbox 797 2868 822 2926; x_wconf 89' lang='lat' dir='ltr'>B</span> <span class='ocrx_word' id='word_1_286' title='bbox 839 2873 988 2948; x_wconf 87' lang='lat' dir='ltr'><strong>punctum</strong></span> <span class='ocrx_word' id='word_1_287' title='bbox 1009 2863 1213 2947; x_wconf 71' lang='lat' dir='ltr'><strong>aequalitatis</strong></span> <span class='ocrx_word' id='word_1_288' title='bbox 1226 2885 1267 2927; x_wconf 83' lang='lat' dir='ltr'><strong>eu·</strong></span> <span class='ocrx_word' id='word_1_289' title='bbox 1279 2869 1435 2951; x_wconf 62' lang='lat' dir='ltr'><strong>scamonia</strong></span> <span class='ocrx_word' id='word_1_290' title='bbox 1450 2868 1639 2931; x_wconf 64' lang='lat' dir='ltr'><strong>flm-</strong></span> 
     </span>
     <span class='ocr_line' id='line_1_29' title="bbox 289 2938 1637 3034; baseline -0.001 -19"><span class='ocrx_word' id='word_1_291' title='bbox 289 2974 357 3015; x_wconf 91' lang='lat' dir='ltr'><strong>nam</strong></span> <span class='ocrx_word' id='word_1_292' title='bbox 382 2955 409 3014; x_wconf 90' lang='lat' dir='ltr'><strong>in</strong></span> <span class='ocrx_word' id='word_1_293' title='bbox 434 2974 595 3033; x_wconf 87' lang='lat' dir='ltr'><strong>progressu</strong></span> <span class='ocrx_word' id='word_1_294' title='bbox 622 2956 804 3025; x_wconf 84' lang='lat' dir='ltr'><strong>ostendetur,</strong></span> <span class='ocrx_word' id='word_1_295' title='bbox 828 2964 969 3033; x_wconf 90' lang='lat' dir='ltr'><strong>punctum</strong></span> <span class='ocrx_word' id='word_1_296' title='bbox 993 2953 1187 3034; x_wconf 81' lang='lat' dir='ltr'><strong>aequalitatis</strong></span> <span class='ocrx_word' id='word_1_297' title='bbox 1211 2962 1242 3013; x_wconf 93' lang='lat' dir='ltr'><strong>et</strong></span> <span class='ocrx_word' id='word_1_298' title='bbox 1265 2938 1397 3017; x_wconf 83' lang='lat' dir='ltr'><strong>ce&#39;ntrum</strong></span> <span class='ocrx_word' id='word_1_299' title='bbox 1420 2946 1618 3019; x_wconf 66' lang='lat' dir='ltr'><strong>mid</strong></span> <span class='ocrx_word' id='word_1_300' title='bbox 1605 2964 1637 3013; x_wconf 81' lang='grc' dir='ltr'>Ι</span> 
     </span>
     <span class='ocr_line' id='line_1_30' title="bbox 289 3028 1638 3127; baseline 0.004 -24"><span class='ocrx_word' id='word_1_301' title='bbox 289 3044 406 3104; x_wconf 78' lang='lat' dir='ltr'><strong>theoria</strong></span> <span class='ocrx_word' id='word_1_302' title='bbox 429 3044 510 3105; x_wconf 86' lang='lat' dir='ltr'><strong>Solis</strong></span> <span class='ocrx_word' id='word_1_303' title='bbox 534 3064 592 3104; x_wconf 92' lang='lat' dir='ltr'><strong>non</strong></span> <span class='ocrx_word' id='word_1_304' title='bbox 616 3064 683 3103; x_wconf 85' lang='lat' dir='ltr'><strong>esse</strong></span> <span class='ocrx_word' id='word_1_305' title='bbox 708 3044 794 3103; x_wconf 86' lang='lat' dir='ltr'><strong>idern</strong></span> <span class='ocrx_word' id='word_1_306' title='bbox 830 3045 1010 3125; x_wconf 73' lang='lat' dir='ltr'><strong>Eripantur</strong></span> <span class='ocrx_word' id='word_1_307' title='bbox 1033 3046 1122 3116; x_wconf 78' lang='lat' dir='ltr'><strong>ean,</strong></span> <span class='ocrx_word' id='word_1_308' title='bbox 1140 3041 1164 3104; x_wconf 88' lang='lat' dir='ltr'>C</span> <span class='ocrx_word' id='word_1_309' title='bbox 1182 3028 1546 3124; x_wconf 60' lang='lat' dir='ltr'><strong>perpendicularem</strong></span> <span class='ocrx_word' id='word_1_310' title='bbox 1559 3036 1638 3127; x_wconf 65' lang='grc' dir='ltr'><strong>0Ἷῇ</strong></span> 
     </span>
     <span class='ocr_line' id='line_1_31' title="bbox 288 3120 1636 3215; baseline 0.005 -23"><span class='ocrx_word' id='word_1_311' title='bbox 288 3141 317 3195; x_wconf 88' lang='lat' dir='ltr'><strong>et</strong></span> <span class='ocrx_word' id='word_1_312' title='bbox 332 3141 533 3196; x_wconf 77' lang='lat' dir='ltr'><strong>coasrsectatur</strong></span> <span class='ocrx_word' id='word_1_313' title='bbox 549 3132 571 3194; x_wconf 89' lang='lat' dir='ltr'>S</span> <span class='ocrx_word' id='word_1_314' title='bbox 587 3152 657 3193; x_wconf 87' lang='lat' dir='ltr'><strong>cum</strong></span> <span class='ocrx_word' id='word_1_315' title='bbox 674 3131 709 3203; x_wconf 84' lang='lat' dir='ltr'><em>C,</em></span> <span class='ocrx_word' id='word_1_316' title='bbox 723 3141 757 3193; x_wconf 87' lang='lat' dir='ltr'><strong>ut</strong></span> <span class='ocrx_word' id='word_1_317' title='bbox 771 3136 813 3195; x_wconf 81' lang='lat' dir='ltr'><strong>ait</strong></span> <span class='ocrx_word' id='word_1_318' title='bbox 828 3132 884 3194; x_wconf 87' lang='lat' dir='ltr'><strong>CV</strong></span> <span class='ocrx_word' id='word_1_319' title='bbox 900 3132 984 3195; x_wconf 81' lang='lat' dir='ltr'><strong>lineo</strong></span> <span class='ocrx_word' id='word_1_320' title='bbox 999 3134 1098 3195; x_wconf 66' lang='lat' dir='ltr'><strong>eradii</strong></span> <span class='ocrx_word' id='word_1_321' title='bbox 1112 3139 1140 3193; x_wconf 85' lang='lat' dir='ltr'><strong>et</strong></span> <span class='ocrx_word' id='word_1_322' title='bbox 1157 3129 1206 3193; x_wconf 87' lang='lat' dir='ltr'><strong>CS</strong></span> <span class='ocrx_word' id='word_1_323' title='bbox 1220 3134 1406 3215; x_wconf 71' lang='lat' dir='ltr'><strong>apponentis</strong></span> <span class='ocrx_word' id='word_1_324' title='bbox 1421 3138 1526 3197; x_wconf 74' lang='lat' dir='ltr'><strong>moos·</strong></span> <span class='ocrx_word' id='word_1_325' title='bbox 1539 3120 1636 3199; x_wconf 63' lang='lat' dir='ltr'><strong><em>w</em></strong></span> 
     </span>
    </p>
   </div>
   <div class='ocr_carea' id='block_1_8' title="bbox 289 3226 1642 4918">
    <p class='ocr_par' dir='ltr' id='par_1_10' title="bbox 289 3226 1636 4021">
     <span class='ocr_line' id='line_1_32' title="bbox 380 3226 1636 3331; baseline -0.002 -41"><span class='ocrx_word' id='word_1_326' title='bbox 380 3230 448 3291; x_wconf 84' lang='lat' dir='ltr'><strong>Etsi</strong></span> <span class='ocrx_word' id='word_1_327' title='bbox 487 3231 580 3308; x_wconf 85' lang='lat' dir='ltr'><strong>igitur</strong></span> <span class='ocrx_word' id='word_1_328' title='bbox 604 3231 706 3311; x_wconf 83' lang='lat' dir='ltr'><strong>Tycha</strong></span> <span class='ocrx_word' id='word_1_329' title='bbox 730 3231 828 3290; x_wconf 84' lang='lat' dir='ltr'><strong>Brahe</strong></span> <span class='ocrx_word' id='word_1_330' title='bbox 861 3231 989 3292; x_wconf 92' lang='lat' dir='ltr'><strong>nondum</strong></span> <span class='ocrx_word' id='word_1_331' title='bbox 1019 3230 1107 3331; x_wconf 87' lang='lat' dir='ltr'><strong>plane</strong></span> <span class='ocrx_word' id='word_1_332' title='bbox 1138 3226 1341 3305; x_wconf 71' lang='lat' dir='ltr'><strong>concluserat,</strong></span> <span class='ocrx_word' id='word_1_333' title='bbox 1375 3239 1472 3291; x_wconf 88' lang='lat' dir='ltr'><strong>utrum</strong></span> <span class='ocrx_word' id='word_1_334' title='bbox 1497 3226 1636 3308; x_wconf 69' lang='lat' dir='ltr'><strong>planetu</strong></span> 
     </span>
     <span class='ocr_line' id='line_1_33' title="bbox 289 3317 1636 3398; baseline -0.006 -15"><span class='ocrx_word' id='word_1_335' title='bbox 289 3322 327 3383; x_wconf 87' lang='lat' dir='ltr'><strong>ad</strong></span> <span class='ocrx_word' id='word_1_336' title='bbox 352 3320 447 3380; x_wconf 87' lang='lat' dir='ltr'><strong>lineas</strong></span> <span class='ocrx_word' id='word_1_337' title='bbox 472 3319 543 3392; x_wconf 84' lang='lat' dir='ltr'><strong>GV,</strong></span> <span class='ocrx_word' id='word_1_338' title='bbox 569 3339 606 3379; x_wconf 89' lang='lat' dir='ltr'><strong>au</strong></span> <span class='ocrx_word' id='word_1_339' title='bbox 632 3339 701 3379; x_wconf 80' lang='lat' dir='ltr'><strong>vero</strong></span> <span class='ocrx_word' id='word_1_340' title='bbox 726 3320 764 3380; x_wconf 93' lang='lat' dir='ltr'><strong>ad</strong></span> <span class='ocrx_word' id='word_1_341' title='bbox 789 3317 911 3379; x_wconf 74' lang='lat' dir='ltr'><strong>t&#39;Ss</strong></span> <span class='ocrx_word' id='word_1_342' title='bbox 863 3338 894 3379; x_wconf 90' lang='lat' dir='ltr'><strong>re</strong></span> <span class='ocrx_word' id='word_1_343' title='bbox 897 3321 1003 3392; x_wconf 82' lang='lat' dir='ltr'><strong>ferret,</strong></span> <span class='ocrx_word' id='word_1_344' title='bbox 1030 3319 1057 3379; x_wconf 93' lang='lat' dir='ltr'><strong>in</strong></span> <span class='ocrx_word' id='word_1_345' title='bbox 1081 3319 1178 3397; x_wconf 89' lang='lat' dir='ltr'><strong>prima</strong></span> <span class='ocrx_word' id='word_1_346' title='bbox 1199 3324 1301 3381; x_wconf 69' lang='lat' dir='ltr'><strong>temen</strong></span> <span class='ocrx_word' id='word_1_347' title='bbox 1323 3320 1519 3398; x_wconf 86' lang='lat' dir='ltr'><strong>conceptione</strong></span> <span class='ocrx_word' id='word_1_348' title='bbox 1545 3318 1636 3380; x_wconf 76' lang='lat' dir='ltr'><strong>lineas</strong></span> 
     </span>
     <span class='ocr_line' id='line_1_34' title="bbox 290 3401 1636 3488; baseline -0.004 -17"><span class='ocrx_word' id='word_1_349' title='bbox 290 3410 345 3472; x_wconf 78' lang='lat' dir='ltr'><strong>GV</strong></span> <span class='ocrx_word' id='word_1_350' title='bbox 384 3409 506 3482; x_wconf 89' lang='lat' dir='ltr'><strong>habuit,</strong></span> <span class='ocrx_word' id='word_1_351' title='bbox 546 3408 587 3468; x_wconf 86' lang='lat' dir='ltr'><strong>nti</strong></span> <span class='ocrx_word' id='word_1_352' title='bbox 618 3408 735 3486; x_wconf 83' lang='lat' dir='ltr'><strong>quidem</strong></span> <span class='ocrx_word' id='word_1_353' title='bbox 764 3419 843 3468; x_wconf 89' lang='lat' dir='ltr'><strong>tomo</strong></span> <span class='ocrx_word' id='word_1_354' title='bbox 875 3410 899 3471; x_wconf 91' lang='lat'><strong>1.</strong></span> <span class='ocrx_word' id='word_1_355' title='bbox 926 3409 1227 3488; x_wconf 77' lang='lat' dir='ltr'><strong>Progymnasmatnm</strong></span> <span class='ocrx_word' id='word_1_356' title='bbox 1257 3404 1310 3471; x_wconf 76' lang='lat' dir='ltr'><strong>fol.</strong></span> <span class='ocrx_word' id='word_1_357' title='bbox 1337 3401 1413 3470; x_wconf 73' lang='grc'><strong>477.</strong></span> <span class='ocrx_word' id='word_1_358' title='bbox 1443 3417 1475 3469; x_wconf 85' lang='lat' dir='ltr'><strong>et</strong></span> <span class='ocrx_word' id='word_1_359' title='bbox 1498 3420 1572 3469; x_wconf 86' lang='lat' dir='ltr'><strong>torn.</strong></span> <span class='ocrx_word' id='word_1_360' title='bbox 1597 3406 1636 3468; x_wconf 90' lang='lat'><strong>11.</strong></span> 
     </span>
     <span class='ocr_line' id='line_1_35' title="bbox 290 3492 1635 3577; baseline -0.005 -17"><span class='ocrx_word' id='word_1_361' title='bbox 290 3500 344 3560; x_wconf 84' lang='lat' dir='ltr'><strong>fol.</strong></span> <span class='ocrx_word' id='word_1_362' title='bbox 375 3495 446 3560; x_wconf 81' lang='lat'>188.</span> <span class='ocrx_word' id='word_1_363' title='bbox 478 3497 663 3558; x_wconf 89' lang='lat' dir='ltr'><strong>declaratum</strong></span> <span class='ocrx_word' id='word_1_364' title='bbox 698 3498 833 3576; x_wconf 79' lang='lat' dir='ltr'><strong>reliquit:</strong></span> <span class='ocrx_word' id='word_1_365' title='bbox 872 3518 959 3577; x_wconf 75' lang='lat' dir='ltr'><strong>(ynam</strong></span> <span class='ocrx_word' id='word_1_366' title='bbox 989 3498 1112 3557; x_wconf 88' lang='lat' dir='ltr'><strong>eandem</strong></span> <span class='ocrx_word' id='word_1_367' title='bbox 1138 3497 1216 3556; x_wconf 78' lang='lat' dir='ltr'><strong>siam</strong></span> <span class='ocrx_word' id='word_1_368' title='bbox 1239 3494 1308 3575; x_wconf 81' lang='lat' dir='ltr'><strong>ipse</strong></span> <span class='ocrx_word' id='word_1_369' title='bbox 1330 3516 1445 3577; x_wconf 90' lang='lat' dir='ltr'><strong>quoque</strong></span> <span class='ocrx_word' id='word_1_370' title='bbox 1470 3492 1635 3559; x_wconf 84' lang='lat' dir='ltr'><strong>Ptolemaei</strong></span> 
     </span>
     <span class='ocr_line' id='line_1_36' title="bbox 291 3586 1635 3666; baseline -0.001 -17"><span class='ocrx_word' id='word_1_371' title='bbox 291 3600 322 3650; x_wconf 91' lang='lat' dir='ltr'><strong>et</strong></span> <span class='ocrx_word' id='word_1_372' title='bbox 347 3588 505 3665; x_wconf 84' lang='lat' dir='ltr'><strong>Cepernici</strong></span> <span class='ocrx_word' id='word_1_373' title='bbox 536 3587 664 3665; x_wconf 82' lang='lat' dir='ltr'><strong>vestigia</strong></span> <span class='ocrx_word' id='word_1_374' title='bbox 695 3587 751 3664; x_wconf 87' lang='lat' dir='ltr'><strong>ipsi</strong></span> <span class='ocrx_word' id='word_1_375' title='bbox 786 3595 997 3648; x_wconf 87' lang='lat' dir='ltr'><strong>monstrarunt.</strong></span> <span class='ocrx_word' id='word_1_376' title='bbox 1052 3586 1137 3648; x_wconf 88' lang='lat' dir='ltr'><strong>llane</strong></span> <span class='ocrx_word' id='word_1_377' title='bbox 1169 3606 1189 3647; x_wconf 89' lang='lat' dir='ltr'><strong>a</strong></span> <span class='ocrx_word' id='word_1_378' title='bbox 1210 3587 1349 3666; x_wconf 88' lang='lat' dir='ltr'><strong>Tychone</strong></span> <span class='ocrx_word' id='word_1_379' title='bbox 1373 3588 1525 3648; x_wconf 84' lang='lat' dir='ltr'><strong>calcatam</strong></span> <span class='ocrx_word' id='word_1_380' title='bbox 1551 3588 1635 3654; x_wconf 74' lang='lat' dir='ltr'><strong>sian,</strong></span> 
     </span>
     <span class='ocr_line' id='line_1_37' title="bbox 291 3675 1636 3754; baseline -0.003 -17"><span class='ocrx_word' id='word_1_381' title='bbox 291 3680 316 3737; x_wconf 82' lang='lat' dir='ltr'><strong>si</strong></span> <span class='ocrx_word' id='word_1_382' title='bbox 341 3678 379 3737; x_wconf 90' lang='lat' dir='ltr'><strong>ad</strong></span> <span class='ocrx_word' id='word_1_383' title='bbox 401 3688 530 3737; x_wconf 90' lang='lat' dir='ltr'><strong>mentem</strong></span> <span class='ocrx_word' id='word_1_384' title='bbox 555 3677 722 3736; x_wconf 90' lang='lat' dir='ltr'><strong>Ptolemaei</strong></span> <span class='ocrx_word' id='word_1_385' title='bbox 746 3695 923 3754; x_wconf 76' lang='lat' dir='ltr'><strong>pergarnus,</strong></span> <span class='ocrx_word' id='word_1_386' title='bbox 961 3677 1060 3736; x_wconf 85' lang='lat' dir='ltr'><strong>dicere</strong></span> <span class='ocrx_word' id='word_1_387' title='bbox 1091 3682 1224 3754; x_wconf 88' lang='lat' dir='ltr'><strong>oportet,</strong></span> <span class='ocrx_word' id='word_1_388' title='bbox 1256 3677 1372 3754; x_wconf 86' lang='lat' dir='ltr'><strong>quoties</strong></span> <span class='ocrx_word' id='word_1_389' title='bbox 1396 3676 1522 3754; x_wconf 85' lang='lat' dir='ltr'><strong>planeta</strong></span> <span class='ocrx_word' id='word_1_390' title='bbox 1546 3676 1575 3736; x_wconf 93' lang='lat' dir='ltr'><strong>in</strong></span> <span class='ocrx_word' id='word_1_391' title='bbox 1600 3675 1636 3734; x_wconf 88' lang='lat' dir='ltr'><strong>li·</strong></span> 
     </span>
     <span class='ocr_line' id='line_1_38' title="bbox 294 3761 1635 3842; baseline -0.002 -16"><span class='ocrx_word' id='word_1_392' title='bbox 294 3787 367 3827; x_wconf 88' lang='lat' dir='ltr'><strong>neas</strong></span> <span class='ocrx_word' id='word_1_393' title='bbox 392 3764 455 3825; x_wconf 87' lang='lat' dir='ltr'><strong>CV</strong></span> <span class='ocrx_word' id='word_1_394' title='bbox 480 3765 569 3825; x_wconf 89' lang='lat' dir='ltr'><strong>medii</strong></span> <span class='ocrx_word' id='word_1_395' title='bbox 600 3772 699 3825; x_wconf 88' lang='lat' dir='ltr'><strong>motus</strong></span> <span class='ocrx_word' id='word_1_396' title='bbox 724 3763 804 3823; x_wconf 85' lang='lat' dir='ltr'><strong>Solis</strong></span> <span class='ocrx_word' id='word_1_397' title='bbox 832 3764 936 3827; x_wconf 77' lang='lat' dir='ltr'><strong>ineidt</strong></span> <span class='ocrx_word' id='word_1_398' title='bbox 964 3785 979 3824; x_wconf 93' lang='lat' dir='ltr'><strong>e</strong></span> <span class='ocrx_word' id='word_1_399' title='bbox 1003 3765 1124 3842; x_wconf 82' lang='lat' dir='ltr'><strong>regione</strong></span> <span class='ocrx_word' id='word_1_400' title='bbox 1148 3761 1249 3836; x_wconf 90' lang='lat' dir='ltr'><strong>Solis,</strong></span> <span class='ocrx_word' id='word_1_401' title='bbox 1290 3765 1382 3826; x_wconf 87' lang='lat' dir='ltr'><strong>toties</strong></span> <span class='ocrx_word' id='word_1_402' title='bbox 1412 3764 1495 3825; x_wconf 91' lang='lat' dir='ltr'><strong>illum</strong></span> <span class='ocrx_word' id='word_1_403' title='bbox 1529 3782 1635 3825; x_wconf 82' lang='lat' dir='ltr'><strong>exuere</strong></span> 
     </span>
     <span class='ocr_line' id='line_1_39' title="bbox 294 3852 1634 3933; baseline -0.003 -18"><span class='ocrx_word' id='word_1_404' title='bbox 294 3852 541 3931; x_wconf 87' lang='lat' dir='ltr'><strong>inaequalitatem</strong></span> <span class='ocrx_word' id='word_1_405' title='bbox 565 3854 737 3919; x_wconf 82' lang='lat' dir='ltr'><strong>secundam,</strong></span> <span class='ocrx_word' id='word_1_406' title='bbox 762 3873 838 3933; x_wconf 81' lang='lat' dir='ltr'><strong>quae</strong></span> <span class='ocrx_word' id='word_1_407' title='bbox 862 3854 888 3913; x_wconf 93' lang='lat' dir='ltr'><strong>ei</strong></span> <span class='ocrx_word' id='word_1_408' title='bbox 913 3854 1022 3915; x_wconf 89' lang='lat' dir='ltr'><strong>accidit</strong></span> <span class='ocrx_word' id='word_1_409' title='bbox 1046 3873 1083 3913; x_wconf 85' lang='lat' dir='ltr'><strong>cx</strong></span> <span class='ocrx_word' id='word_1_410' title='bbox 1102 3853 1211 3914; x_wconf 84' lang='lat' dir='ltr'><strong>Brahei</strong></span> <span class='ocrx_word' id='word_1_411' title='bbox 1232 3854 1392 3927; x_wconf 86' lang='lat' dir='ltr'><strong>sententia,</strong></span> <span class='ocrx_word' id='word_1_412' title='bbox 1417 3854 1455 3914; x_wconf 85' lang='lat' dir='ltr'><strong>oh</strong></span> <span class='ocrx_word' id='word_1_413' title='bbox 1474 3853 1634 3916; x_wconf 85' lang='lat' dir='ltr'><strong>motionem</strong></span> 
     </span>
     <span class='ocr_line' id='line_1_40' title="bbox 292 3942 1301 4021; baseline 0 -18"><span class='ocrx_word' id='word_1_414' title='bbox 292 3943 386 4003; x_wconf 88' lang='lat' dir='ltr'><strong>centri</strong></span> <span class='ocrx_word' id='word_1_415' title='bbox 411 3942 569 4003; x_wconf 86' lang='lat' dir='ltr'><strong>eccentrici</strong></span> <span class='ocrx_word' id='word_1_416' title='bbox 594 3943 675 4004; x_wconf 89' lang='lat' dir='ltr'><strong>circa</strong></span> <span class='ocrx_word' id='word_1_417' title='bbox 699 3944 822 4004; x_wconf 88' lang='lat' dir='ltr'><strong>Terram</strong></span> <span class='ocrx_word' id='word_1_418' title='bbox 845 3943 950 4004; x_wconf 88' lang='lat' dir='ltr'><strong>eodem</strong></span> <span class='ocrx_word' id='word_1_419' title='bbox 974 3956 1106 4021; x_wconf 89' lang='lat' dir='ltr'><strong>tempore</strong></span> <span class='ocrx_word' id='word_1_420' title='bbox 1131 3962 1196 4003; x_wconf 92' lang='lat' dir='ltr'><strong>cum</strong></span> <span class='ocrx_word' id='word_1_421' title='bbox 1221 3942 1301 4004; x_wconf 89' lang='lat' dir='ltr'><strong>Sole.</strong></span> 
     </span>
    </p>

    <p class='ocr_par' dir='ltr' id='par_1_11' title="bbox 292 4031 1642 4918">
     <span class='ocr_line' id='line_1_41' title="bbox 380 4031 1637 4112; baseline 0 -21"><span class='ocrx_word' id='word_1_422' title='bbox 380 4031 458 4091; x_wconf 76' lang='lat' dir='ltr'><strong>h&#39;am</strong></span> <span class='ocrx_word' id='word_1_423' title='bbox 483 4032 577 4111; x_wconf 86' lang='lat' dir='ltr'><strong>ipsum</strong></span> <span class='ocrx_word' id='word_1_424' title='bbox 601 4032 719 4111; x_wconf 83' lang='lat' dir='ltr'><strong>quidem</strong></span> <span class='ocrx_word' id='word_1_425' title='bbox 743 4051 896 4092; x_wconf 88' lang='lat' dir='ltr'><strong>commune</strong></span> <span class='ocrx_word' id='word_1_426' title='bbox 919 4044 1068 4110; x_wconf 87' lang='lat' dir='ltr'><strong>punctum,</strong></span> <span class='ocrx_word' id='word_1_427' title='bbox 1095 4032 1178 4109; x_wconf 88' lang='lat' dir='ltr'><strong>cujus</strong></span> <span class='ocrx_word' id='word_1_428' title='bbox 1207 4041 1345 4111; x_wconf 86' lang='lat' dir='ltr'><strong>respectu</strong></span> <span class='ocrx_word' id='word_1_429' title='bbox 1370 4050 1473 4093; x_wconf 89' lang='lat' dir='ltr'><strong>omnes</strong></span> <span class='ocrx_word' id='word_1_430' title='bbox 1496 4034 1637 4112; x_wconf 82' lang='lat' dir='ltr'><strong>planetae</strong></span> 
     </span>
     <span class='ocr_line' id='line_1_42' title="bbox 293 4121 1637 4202; baseline -0.002 -18"><span class='ocrx_word' id='word_1_431' title='bbox 293 4132 405 4184; x_wconf 78' lang='lat' dir='ltr'><strong>trintum</strong></span> <span class='ocrx_word' id='word_1_432' title='bbox 430 4121 566 4181; x_wconf 86' lang='lat' dir='ltr'><strong>dicuntur</strong></span> <span class='ocrx_word' id='word_1_433' title='bbox 595 4121 703 4181; x_wconf 86' lang='lat' dir='ltr'><strong>hahere</strong></span> <span class='ocrx_word' id='word_1_434' title='bbox 737 4122 934 4182; x_wconf 85' lang='lat' dir='ltr'><strong>eccentricum</strong></span> <span class='ocrx_word' id='word_1_435' title='bbox 957 4133 989 4182; x_wconf 89' lang='lat' dir='ltr'><strong>et</strong></span> <span class='ocrx_word' id='word_1_436' title='bbox 1013 4122 1040 4181; x_wconf 93' lang='lat' dir='ltr'><strong>in</strong></span> <span class='ocrx_word' id='word_1_437' title='bbox 1065 4141 1122 4200; x_wconf 88' lang='lat' dir='ltr'><strong>que</strong></span> <span class='ocrx_word' id='word_1_438' title='bbox 1146 4131 1240 4181; x_wconf 85' lang='lat' dir='ltr'><strong>toturn</strong></span> <span class='ocrx_word' id='word_1_439' title='bbox 1274 4132 1407 4202; x_wconf 83' lang='lat' dir='ltr'><strong>systema</strong></span> <span class='ocrx_word' id='word_1_440' title='bbox 1439 4122 1637 4199; x_wconf 79' lang='lat' dir='ltr'><strong>planetarinm</strong></span> 
     </span>
     <span class='ocr_line' id='line_1_43' title="bbox 293 4210 1640 4290; baseline -0.001 -17"><span class='ocrx_word' id='word_1_441' title='bbox 293 4214 415 4273; x_wconf 84' lang='lat' dir='ltr'><strong>atlixurn</strong></span> <span class='ocrx_word' id='word_1_442' title='bbox 439 4228 505 4269; x_wconf 87' lang='lat' dir='ltr'><strong>esse</strong></span> <span class='ocrx_word' id='word_1_443' title='bbox 530 4211 692 4289; x_wconf 76' lang='lat' dir='ltr'><strong>curmipitur</strong></span> <span class='ocrx_word' id='word_1_444' title='bbox 717 4211 831 4271; x_wconf 86' lang='lat' dir='ltr'><strong>orbitae</strong></span> <span class='ocrx_word' id='word_1_445' title='bbox 848 4210 937 4283; x_wconf 84' lang='lat' dir='ltr'><strong>Solis,</strong></span> <span class='ocrx_word' id='word_1_446' title='bbox 963 4211 1026 4282; x_wconf 91' lang='lat' dir='ltr'><strong>hoc,</strong></span> <span class='ocrx_word' id='word_1_447' title='bbox 1054 4211 1181 4288; x_wconf 88' lang='lat' dir='ltr'><strong>inquam,</strong></span> <span class='ocrx_word' id='word_1_448' title='bbox 1206 4223 1345 4288; x_wconf 90' lang='lat' dir='ltr'><strong>puuctum</strong></span> <span class='ocrx_word' id='word_1_449' title='bbox 1370 4230 1489 4290; x_wconf 76' lang='lat' dir='ltr'><strong>semper</strong></span> <span class='ocrx_word' id='word_1_450' title='bbox 1505 4223 1640 4272; x_wconf 81' lang='lat' dir='ltr'><strong>versatur</strong></span> 
     </span>
     <span class='ocr_line' id='line_1_44' title="bbox 294 4297 1638 4378; baseline -0.001 -16"><span class='ocrx_word' id='word_1_451' title='bbox 294 4303 322 4363; x_wconf 92' lang='lat' dir='ltr'><strong>in</strong></span> <span class='ocrx_word' id='word_1_452' title='bbox 347 4300 428 4359; x_wconf 88' lang='lat' dir='ltr'><strong>linea</strong></span> <span class='ocrx_word' id='word_1_453' title='bbox 451 4299 540 4360; x_wconf 88' lang='lat' dir='ltr'><strong>medii</strong></span> <span class='ocrx_word' id='word_1_454' title='bbox 565 4312 662 4361; x_wconf 81' lang='lat' dir='ltr'><strong>inatus</strong></span> <span class='ocrx_word' id='word_1_455' title='bbox 686 4300 781 4372; x_wconf 76' lang='lat' dir='ltr'><strong>Solis,</strong></span> <span class='ocrx_word' id='word_1_456' title='bbox 807 4299 964 4360; x_wconf 78' lang='lat' dir='ltr'><strong>intervallo</strong></span> <span class='ocrx_word' id='word_1_457' title='bbox 998 4300 1116 4377; x_wconf 81' lang='lat' dir='ltr'><strong>aequali</strong></span> <span class='ocrx_word' id='word_1_458' title='bbox 1140 4300 1197 4378; x_wconf 89' lang='lat' dir='ltr'><strong>ipsi</strong></span> <span class='ocrx_word' id='word_1_459' title='bbox 1222 4298 1272 4361; x_wconf 85' lang='lat' dir='ltr'><strong>BS</strong></span> <span class='ocrx_word' id='word_1_460' title='bbox 1297 4320 1314 4359; x_wconf 92' lang='lat' dir='ltr'><strong>a</strong></span> <span class='ocrx_word' id='word_1_461' title='bbox 1338 4297 1362 4360; x_wconf 89' lang='lat' dir='ltr'>C</span> <span class='ocrx_word' id='word_1_462' title='bbox 1387 4300 1483 4361; x_wconf 82' lang='lat' dir='ltr'><strong>Terra</strong></span> <span class='ocrx_word' id='word_1_463' title='bbox 1513 4301 1638 4369; x_wconf 70' lang='lat' dir='ltr'><strong>distans,</strong></span> 
     </span>
     <span class='ocr_line' id='line_1_45' title="bbox 294 4387 1640 4467; baseline -0.003 -16"><span class='ocrx_word' id='word_1_464' title='bbox 294 4399 326 4451; x_wconf 90' lang='lat' dir='ltr'><strong>et</strong></span> <span class='ocrx_word' id='word_1_465' title='bbox 354 4389 572 4450; x_wconf 84' lang='lat' dir='ltr'><strong>concentricurn</strong></span> <span class='ocrx_word' id='word_1_466' title='bbox 599 4390 627 4447; x_wconf 73' lang='lat' dir='ltr'><strong>l&#39;</strong></span> <span class='ocrx_word' id='word_1_467' title='bbox 658 4390 830 4449; x_wconf 72' lang='lat' dir='ltr'><strong>describens</strong></span> <span class='ocrx_word' id='word_1_468' title='bbox 863 4390 1016 4467; x_wconf 88' lang='lat' dir='ltr'><strong>aequalem</strong></span> <span class='ocrx_word' id='word_1_469' title='bbox 1048 4388 1214 4449; x_wconf 88' lang='lat' dir='ltr'><strong>eccentrico</strong></span> <span class='ocrx_word' id='word_1_470' title='bbox 1247 4387 1309 4449; x_wconf 92' lang='lat' dir='ltr'><strong>GS.</strong></span> <span class='ocrx_word' id='word_1_471' title='bbox 1357 4390 1441 4449; x_wconf 87' lang='lat' dir='ltr'><strong>llaec</strong></span> <span class='ocrx_word' id='word_1_472' title='bbox 1474 4390 1553 4450; x_wconf 88' lang='lat' dir='ltr'><strong>enim</strong></span> <span class='ocrx_word' id='word_1_473' title='bbox 1587 4388 1640 4449; x_wconf 83' lang='lat' dir='ltr'><strong>luit</strong></span> 
     </span>
     <span class='ocr_line' id='line_1_46' title="bbox 294 4477 1638 4560; baseline -0.004 -19"><span class='ocrx_word' id='word_1_474' title='bbox 294 4478 444 4560; x_wconf 88' lang='lat' dir='ltr'><strong>Tychonis</strong></span> <span class='ocrx_word' id='word_1_475' title='bbox 470 4478 568 4539; x_wconf 86' lang='lat' dir='ltr'><strong>Brahe</strong></span> <span class='ocrx_word' id='word_1_476' title='bbox 603 4480 773 4538; x_wconf 87' lang='lat' dir='ltr'><strong>sententia:</strong></span> <span class='ocrx_word' id='word_1_477' title='bbox 810 4478 866 4538; x_wconf 91' lang='lat' dir='ltr'><strong>nisi</strong></span> <span class='ocrx_word' id='word_1_478' title='bbox 900 4478 977 4556; x_wconf 83' lang='lat' dir='ltr'><strong>quod</strong></span> <span class='ocrx_word' id='word_1_479' title='bbox 1010 4478 1123 4537; x_wconf 86' lang='lat' dir='ltr'><strong>solidos</strong></span> <span class='ocrx_word' id='word_1_480' title='bbox 1154 4478 1241 4538; x_wconf 82' lang='lat' dir='ltr'><strong>orbes</strong></span> <span class='ocrx_word' id='word_1_481' title='bbox 1270 4477 1322 4539; x_wconf 89' lang='lat' dir='ltr'><strong>illo</strong></span> <span class='ocrx_word' id='word_1_482' title='bbox 1354 4477 1486 4553; x_wconf 75' lang='lat' dir='ltr'><strong>negavit</strong></span> <span class='ocrx_word' id='word_1_483' title='bbox 1534 4479 1638 4557; x_wconf 85' lang='lat' dir='ltr'><strong>ltaque</strong></span> 
     </span>
     <span class='ocr_line' id='line_1_47' title="bbox 295 4565 1640 4649; baseline -0.003 -20"><span class='ocrx_word' id='word_1_484' title='bbox 295 4588 370 4649; x_wconf 88' lang='lat' dir='ltr'><strong>quae</strong></span> <span class='ocrx_word' id='word_1_485' title='bbox 396 4569 432 4628; x_wconf 90' lang='lat' dir='ltr'><strong>do</strong></span> <span class='ocrx_word' id='word_1_486' title='bbox 456 4569 594 4629; x_wconf 81' lang='lat' dir='ltr'><strong>allirione</strong></span> <span class='ocrx_word' id='word_1_487' title='bbox 620 4568 712 4627; x_wconf 79' lang='lat' dir='ltr'><strong>totius</strong></span> <span class='ocrx_word' id='word_1_488' title='bbox 743 4567 920 4646; x_wconf 84' lang='lat' dir='ltr'><strong>systematis</strong></span> <span class='ocrx_word' id='word_1_489' title='bbox 952 4568 1112 4644; x_wconf 85' lang='lat' dir='ltr'><strong>planetarii</strong></span> <span class='ocrx_word' id='word_1_490' title='bbox 1137 4569 1174 4626; x_wconf 90' lang='lat' dir='ltr'><strong>ad</strong></span> <span class='ocrx_word' id='word_1_491' title='bbox 1199 4568 1300 4627; x_wconf 84' lang='lat' dir='ltr'><strong>orbem</strong></span> <span class='ocrx_word' id='word_1_492' title='bbox 1323 4566 1405 4628; x_wconf 90' lang='lat' dir='ltr'><strong>Solis</strong></span> <span class='ocrx_word' id='word_1_493' title='bbox 1429 4566 1579 4639; x_wconf 79' lang='lat' dir='ltr'><strong>diximus,</strong></span> <span class='ocrx_word' id='word_1_494' title='bbox 1603 4565 1640 4625; x_wconf 74' lang='lat' dir='ltr'><strong>ad</strong></span> 
     </span>
     <span class='ocr_line' id='line_1_48' title="bbox 296 4654 1641 4736; baseline -0.002 -18"><span class='ocrx_word' id='word_1_495' title='bbox 296 4668 414 4736; x_wconf 89' lang='lat' dir='ltr'><strong>captum</strong></span> <span class='ocrx_word' id='word_1_496' title='bbox 438 4657 565 4717; x_wconf 82' lang='lat' dir='ltr'><strong>diximus</strong></span> <span class='ocrx_word' id='word_1_497' title='bbox 590 4675 699 4729; x_wconf 89' lang='lat' dir='ltr'><strong>eurum,</strong></span> <span class='ocrx_word' id='word_1_498' title='bbox 724 4657 772 4734; x_wconf 84' lang='lat' dir='ltr'><strong>qui</strong></span> <span class='ocrx_word' id='word_1_499' title='bbox 796 4658 883 4716; x_wconf 87' lang='lat' dir='ltr'><strong>orhes</strong></span> <span class='ocrx_word' id='word_1_500' title='bbox 908 4656 1021 4717; x_wconf 85' lang='lat' dir='ltr'><strong>solidos</strong></span> <span class='ocrx_word' id='word_1_501' title='bbox 1045 4656 1178 4717; x_wconf 88' lang='lat' dir='ltr'><strong>credunt.</strong></span> <span class='ocrx_word' id='word_1_502' title='bbox 1229 4658 1433 4719; x_wconf 67' lang='lat' dir='ltr'><strong>dominanatur</strong></span> <span class='ocrx_word' id='word_1_503' title='bbox 1457 4654 1530 4727; x_wconf 75' lang='lat' dir='ltr'><strong>VC,</strong></span> <span class='ocrx_word' id='word_1_504' title='bbox 1550 4667 1579 4718; x_wconf 75' lang='lat' dir='ltr'><strong>et</strong></span> <span class='ocrx_word' id='word_1_505' title='bbox 1602 4655 1641 4715; x_wconf 79' lang='lat' dir='ltr'><strong>eit</strong></span> 
     </span>
     <span class='ocr_line' id='line_1_49' title="bbox 292 4742 1640 4826; baseline -0.001 -19"><span class='ocrx_word' id='word_1_506' title='bbox 292 4745 424 4826; x_wconf 85' lang='lat' dir='ltr'><strong>planeta</strong></span> <span class='ocrx_word' id='word_1_507' title='bbox 455 4746 486 4807; x_wconf 84' lang='lat' dir='ltr'><strong>in</strong></span> <span class='ocrx_word' id='word_1_508' title='bbox 516 4748 576 4807; x_wconf 87' lang='lat' dir='ltr'><strong>hae</strong></span> <span class='ocrx_word' id='word_1_509' title='bbox 606 4744 692 4807; x_wconf 80' lang='lat' dir='ltr'><strong>linea</strong></span> <span class='ocrx_word' id='word_1_510' title='bbox 723 4745 809 4806; x_wconf 73' lang='lat' dir='ltr'><strong>altra</strong></span> <span class='ocrx_word' id='word_1_511' title='bbox 833 4742 868 4806; x_wconf 84' lang='lat' dir='ltr'><strong>C.</strong></span> <span class='ocrx_word' id='word_1_512' title='bbox 917 4744 1090 4808; x_wconf 80' lang='lat' dir='ltr'><strong>Collocahit</strong></span> <span class='ocrx_word' id='word_1_513' title='bbox 1122 4748 1220 4825; x_wconf 80' lang='lat' dir='ltr'><strong>ipitnr</strong></span> <span class='ocrx_word' id='word_1_514' title='bbox 1243 4745 1391 4809; x_wconf 83' lang='lat' dir='ltr'><strong>Braheae</strong></span> <span class='ocrx_word' id='word_1_515' title='bbox 1419 4746 1454 4807; x_wconf 79' lang='lat' dir='ltr'><strong>ia</strong></span> <span class='ocrx_word' id='word_1_516' title='bbox 1476 4746 1536 4807; x_wconf 80' lang='lat' dir='ltr'><strong>hoc</strong></span> <span class='ocrx_word' id='word_1_517' title='bbox 1566 4766 1640 4808; x_wconf 77' lang='lat' dir='ltr'><strong>cass</strong></span> 
     </span>
     <span class='ocr_line' id='line_1_50' title="bbox 293 4832 1642 4918; baseline -0.001 -21"><span class='ocrx_word' id='word_1_518' title='bbox 293 4844 445 4917; x_wconf 81' lang='lat' dir='ltr'><strong>pareatum</strong></span> <span class='ocrx_word' id='word_1_519' title='bbox 467 4838 624 4918; x_wconf 66' lang='lat' dir='ltr'><strong>ophionis</strong></span> <span class='ocrx_word' id='word_1_520' title='bbox 645 4836 824 4916; x_wconf 78' lang='lat' dir='ltr'><strong>apsterssutio</strong></span> <span class='ocrx_word' id='word_1_521' title='bbox 847 4834 1024 4917; x_wconf 65' lang='lat' dir='ltr'><strong>planetarii</strong></span> <span class='ocrx_word' id='word_1_522' title='bbox 1045 4835 1079 4897; x_wconf 85' lang='lat' dir='ltr'><strong>in</strong></span> <span class='ocrx_word' id='word_1_523' title='bbox 1105 4835 1142 4895; x_wconf 82' lang='lat' dir='ltr'><strong>V.</strong></span> <span class='ocrx_word' id='word_1_524' title='bbox 1196 4834 1284 4899; x_wconf 80' lang='lat' dir='ltr'><strong>l&#39;isio</strong></span> <span class='ocrx_word' id='word_1_525' title='bbox 1313 4836 1412 4917; x_wconf 63' lang='grc' dir='ltr'><strong>ἐρίων</strong></span> <span class='ocrx_word' id='word_1_526' title='bbox 1435 4832 1642 4917; x_wconf 65' lang='grc' dir='ltr'><strong>ρὶωιοεαερι</strong></span> 
     </span>
    </p>
   </div>
   <div class='ocr_carea' id='block_1_9' title="bbox 0 0 1702 5534">
    <p class='ocr_par' dir='ltr' id='par_1_12' title="bbox 0 0 1702 5534">
     <span class='ocr_line' id='line_1_51' title="bbox 0 0 1702 5534; baseline 0 0"><span class='ocrx_word' id='word_1_527' title='bbox 0 0 1702 5534; x_wconf 95' lang='lat' dir='ltr'><strong> </strong></span> 
     </span>
    </p>
   </div>
  </div>
 </body>
</html>
