3368 5534
599 301 640 390 se.
660 302 773 356 otone·
791 262 868 355 roos.
890 304 892 309 ·
1131 293 1135 302 ’
1344 305 1410 376 739

58 480 205 561 Equidem
228 488 261 542 et
283 499 371 562 spero
395 488 426 542 et
449 481 582 543 fatentur
604 501 717 557 omnes,
742 490 839 545 totum
858 483 962 545 hocet
978 500 1053 562 qnae
1072 494 1280 565 superstruere
1299 487 1409 569 cogito,

58 569 125 632 Deo
149 571 313 646 conditori,
337 570 421 650 cujus
444 570 481 631 de
505 571 600 650 gloria
623 571 739 651 agitur,
764 573 827 633 lore
850 570 1063 652 gratissimum.

135 660 182 723 'Si
206 660 281 746 quis¹
296 660 384 740 paulo
408 658 535 740 iniquior
555 661 685 722 insanire
704 680 751 721 me
776 661 929 735 clamabit,
953 661 1003 741 qui
1023 661 1124 724 orbem
1143 665 1304 728 Terrarum
1322 666 1411 746 longe

59 749 247 826 gravioribus
271 756 447 828 occupatum
469 749 599 828 negotiis
623 770 638 811 ε
663 751 738 811 solio
760 751 844 829 regio
875 750 914 811 ad
942 769 1025 811 meos
1048 752 1187 831 pulveres
1211 754 1411 834 geometricos

33 835 232 912 ‘detraham‚
258 847 341 899 ratus
366 838 499 912 scilicet,
524 840 562 900 ad
586 840 641 899 hoe
665 840 816 900 conditum
841 858 908 900 esse
932 859 1026 919 genus
1049 839 1225 918 humanum,
1250 843 1307 905 huc
1329 843 1412 906 reis·

58 929 170 990 tendas
186 928 314 990 omnium
329 927 540 1007 cogitationes,
567 939 599 989 ιιι
622 947 694 1008 agro
719 929 843 990 colendo
867 949 899 990 se
923 939 1025 990 mutuo
1050 932 1213 1011 expellant,
1238 932 1413 1012 sanguinem

59 1027 192 1078 mutuum
216 1018 358 1091 fundant,
388 1016 466 1078 alter
490 1018 617 1079 alterum
641 1017 779 1079 servituti
803 1018 971 1096 mancipet,
995 1019 1060 1079 Dei
1088 1039 1158 1081 vero
1186 1021 1331 1100 perennia
1353 1021 1412 1084 ist·

58 1107 134 1168 haec
158 1126 249 1186 opera
272 1114 309 1168 et.
325 1107 401 1167 hanc
422 1106 578 1167 scientiam
595 1107 642 1167 vel
664 1106 784 1168 rideant
800 1107 846 1169 vel
867 1108 974 1187 probro
994 1107 1128 1171 habeant
1151 1117 1183 1170 et
1206 1110 1292 1190 quasi
1316 1112 1412 1192 qnod·

59 1197 131 1257 dam
156 1197 285 1258 dedecus
310 1204 362 1257 aut
386 1203 489 1275 aperte
514 1197 630 1274 fugiant
653 1203 705 1257 ant
726 1197 867 1275 privatim
884 1198 1053 1258 occultent:
1078 1199 1249 1277 hujusmodi
1266 1199 1413 1280 objicien-

58 1286 141 1347 tibus
166 1286 301 1365 equidem
326 1286 408 1346 alind
432 1284 509 1364 quod
533 1286 732 1365 respondeam
754 1305 813 1346 non
836 1287 944 1361 habeo,
970 1306 1057 1368 quam
1081 1289 1160 1370 quod
1175 1289 1247 1350 olim
1260 1289 1414 1370 Diogenes

59 1375 173 1435 dolium
206 1395 291 1436 snum
324 1394 450 1436 versans
483 1374 623 1435 deteriori
656 1375 773 1455 quidem
802 1375 869 1454 jure
902 1376 1076 1454 respondit:
1117 1376 1234 1439 scilicet
1265 1377 1296 1439 iu
1328 1386 1414 1440 tanto

61 1462 265 1526 universorum
289 1466 420 1538 fervore,
445 1471 532 1535 tanta
554 1483 674 1525 suarum
699 1465 850 1525 actionum
874 1464 997 1539 fidncia,
1028 1484 1074 1526 me
1098 1485 1214 1548 quoque
1239 1468 1415 1547 apartibus

62 1553 278 1616 instaurandae
303 1552 504 1615 astronomiae
528 1562 660 1614 stantem
683 1561 817 1615 autnon
840 1555 973 1633 oportuit
996 1554 1085 1617 aliter
1114 1557 1230 1631 facere,
1260 1564 1314 1618 aut
1346 1557 1416 1638 qnid
1500 1603 1502 1607 -

59 1660 110 1704 me
134 1644 216 1705 aliud
239 1641 406 1723 oportuerit
436 1643 554 1724 facere,
587 1661 682 1721 neque
711 1661 766 1722 ego
794 1662 889 1724 neque
913 1644 1099 1706 consultores
1123 1644 1181 1707 mei
1203 1645 1414 1711 intelleximus.

61 1732 194 1794 Veniam
217 1733 319 1812 itaque
348 1732 462 1792 dabunt
491 1731 690 1792 imbecillitati
721 1739 852 1793 nostrae.
900 1732 1012 1793 Valete
1037 1741 1127 1795 etue
1151 1734 1223 1796 mibi
1247 1742 1363 1797 sumtus
1386 1742 1418 1796 et

63 1840 157 1901 opera
180 1823 293 1884 frustra
316 1820 447 1901 perierit,
472 1818 585 1881 crebris
609 1839 819 1901 responsorum
843 1821 953 1885 nimbis
975 1821 1091 1885 efficite.
1126 1823 1245 1904 Pragae
1264 1824 1417 1888 Bobenuo-

62 1931 143 1986 rum,
166 1910 378 1976 Martinalibns
400 1908 471 1971 anni
498 1904 591 1993 1605.
1053 1904 1056 1910 ’

657 2083 836 2096 -ᾙ

469 2264 672 2341 Observatio
701 2265 875 2367 Defectus
901 2265 1012 2351 Solis,

304 2394 360 2476 qui
382 2392 510 2475 remigii
533 2392 585 2453 die
608 2389 661 2453 12.
688 2391 831 2454 Octobris
852 2394 931 2454 anni
952 2391 1047 2478 liujus
1069 2388 1180 2469 1605,

488 2481 621 2565 Progne
642 2481 857 2544 Borestorum
879 2481 997 2568 babitu.
1211 2470 1220 2490 ⁶

153 2625 224 2690 Nox
245 2625 431 2705 praecedens
455 2619 557 2703 pluvia
580 2624 637 2685 luit
659 2633 691 2686 et
712 2642 798 2699 mane
823 2621 982 2684 turbidum.
1028 2623 1113 2685 Hora
1127 2630 1239 2687 >tamen
1262 2625 1420 2690 undecima

63 2714 171 2795 pulsae
195 2715 288 2776 nubes
314 2721 345 2773 ει
360 2713 415 2775 801
433 2731 486 2791 ρει
502 2732 591 2774 unam
611 2720 699 2793 atque
723 2713 851 2773 alteram
875 2712 979 2773 horam
1001 2732 1092 2792 purus
1115 2711 1202 2776 lux'it.
1237 2714 1421 2795 Principium

64 2805 94 2866 h.
114 2803 141 2866 1.
159 2798 189 2865 6‘
213 2823 251 2865 ex
273 2802 424 2863 azimutho
448 2810 478 2863 et
500 2801 658 2881 horologio
677 2801 828 2884 Tychonis
851 2801 1014 2880 primorum
1038 2812 1069 2862 et
1092 2803 1288 2865 secundorum
1310 2804 1419 2870 indice.

65 2893 101 2954 Id
124 2893 242 2955 initium
265 2892 464 2953 animadverti
487 2892 517 2952 in
542 2892 657 2952 tabella
686 2893 783 2966 clare,
813 2909 880 2952 cum
907 2910 995 2952 nemo
1027 2891 1076 2971 qui
1100 2890 1204 2969 Solem
1227 2894 1421 2974 adspexisset

67 2982 224 3062 quicquam
247 2982 510 3043 animadverteret.
558 2981 623 3042 Hoc
648 2981 723 3042 adeo
747 2988 938 3061 perpetuum,
963 2980 1066 3042 oculos
1090 2981 1174 3042 clara
1196 2982 1261 3044 luce
1284 2981 1367 3047 Solis
1389 2983 1420 3046 in

68 3072 258 3152 agnoscendo
282 3066 404 3132 minimo
429 3071 549 3131 defectu
573 3068 722 3150 impediri,
746 3070 832 3131 utin
857 3069 976 3149 Opticis
1000 3070 1215 3140 demonstravi.

155 3161 315 3223 Inclinatio
340 3160 537 3221 instrumento
562 3160 777 3221 ostendebatur
800 3160 890 3239 paulo
915 3177 1005 3239 supra
1033 3159 1163 3222 medium
1187 3160 1308 3225 rotundi
1330 3160 1420 3224 radii.

68 3250 118 3313 Sit
140 3269 212 3329 ergo
236 3250 363 3330 angulus
386 3250 464 3310 inter
488 3248 657 3327 eclipticam
681 3257 712 3310 et
735 3248 877 3309 circulum
907 3266 961 3327 per
984 3257 1090 3310 centra
1112 3245 1173 3312 85⁰
1195 3257 1248 3313 aut
1270 3251 1356 3331 plus,
1389 3250 1421 3313 in
1453 3249 1457 3255 ’

67 3340 153 3402 coelo
177 3339 268 3419 igitur
292 3333 379 3400 Iinna
402 3337 459 3398 fuit
482 3336 554 3398 Sole
578 3336 711 3410 inferior,
735 3345 768 3396 ut
791 3335 964 3439 imOpticis
989 3337 1131 3412 docetur,
1155 3345 1187 3398 et
1209 3339 1337 3419 angulus
1361 3335 1422 3405 950

68 3439 122 3492 aut
144 3430 234 3510 paulo
258 3430 363 3490 minus.
409 3428 547 3504 Angulus
569 3445 639 3487 vero
668 3426 745 3486 inter
777 3425 947 3505 eclipticam
979 3436 1011 3488 et
1038 3429 1212 3490 verticalem
1241 3447 1294 3508 per
1317 3429 1421 3493 Solem
1486 3477 1490 3482 .

27 3575 33 3584 .
68 3520 126 3582 fuit
149 3539 184 3580 eo
209 3527 357 3580 momento
382 3513 442 3579 79⁰
465 3514 519 3578 550
544 3535 581 3575 ex
604 3515 741 3575 doctriua
763 3515 850 3595 primi
874 3515 1012 3591 mobilis,
1042 3517 1092 3597 qni
1121 3518 1294 3580 subtractus
1318 3539 1337 3580 a
1361 3513 1422 3583 950

68 3609 211 3689 relinquit
237 3604 294 3671 15⁰
308 3606 349 3681 50,
375 3606 516 3685 angulum
538 3604 617 3666 inter
640 3604 781 3665 circulum
796 3623 856 3684 »per
880 3612 984 3665 centra
1008 3612 1040 3682 et
1062 3606 1231 3684 eclipticam
1255 3616 1308 3670 aut
1330 3608 1420 3689 paulo

68 3699 175 3761 minus.
222 3698 405 3759 Assnmatur
428 3695 574 3756 diameter
597 3692 678 3757 Solis
703 3691 756 3756 300
780 3690 854 3763 3700,
879 3694 983 3755 Lunae
1006 3713 1077 3755 vero
1102 3693 1156 3758 320
1179 3692 1252 3758 5900.
1278 3692 1421 3760 Ι8ιιιιιιιιιι
1446 3756 1449 3767 ,

68 3788 379 3859 semidiametrorum,
412 3804 488 3866 quae
519 3785 580 3865 jam
612 3783 734 3845 metitur
763 3783 937 3844 distantiam
971 3791 1160 3857 ceutronum,
1194 3792 1243 3845 est
1265 3782 1319 3848 31⁴
1342 3779 1418 3848 4700.

68 3879 157 3940 Luna
180 3894 250 3956 ergo
272 3875 435 3938 secundum
449 3874 556 3952 praxin
572 3873 601 3933 in
618 3873 736 3952 Opticis
751 3872 935 3932 declaratam
954 3872 1011 3934 luit
1029 3881 1099 3933 aute
1115 3871 1217 3936 Solem
1231 3870 1286 3937 300
1300 3870 1366 3937 4000
1382 3893 1420 3948 c.,

68 3965 184 4028 habeus
208 3966 262 4032 lat,
280 3974 373 4027 austr.
394 3961 547 4028 80100οε.
576 3963 654 4024 lllnd
678 3961 886 4034 certissimum,
911 3961 1052 4040 angulum
1074 3963 1218 4041 majorem
1238 3963 1329 4024 fuisse
1349 3958 1420 4038 900,

69 4056 141 4136 quia
161 4056 249 4117 Luna
271 4056 337 4117 visa
361 4062 409 4118 est
432 4053 554 4115 inferior
570 4051 652 4127 Sole,
678 4061 708 4112 et
732 4050 922 4112 latitudinem
946 4058 1140 4131 apparentem
1164 4052 1308 4133 majorem
1331 4071 1421 4136 quam

70 4144 103 4208 50
126 4141 232 4209 3300..

160 4234 243 4296 Τιιιιε
267 4241 351 4296 ortae
375 4232 471 4294 denuo
495 4231 589 4291 nubes
612 4227 775 4289 identidem
791 4227 991 4305 dehiscentes,
1015 4230 1069 4292 sed
1088 4248 1238 4311 nunquam
1259 4229 1419 4314 tantisper,

72 4325 142 4386 dum
166 4323 338 4385 observatio
362 4322 457 4401 repeti
480 4326 604 4399 posset,
637 4337 729 4399 usque
754 4319 792 4378 ad
817 4319 921 4380 horam
948 4319 974 4380 1.
1000 4318 1054 4383 400
1078 4317 1152 4394 3000,
1186 4339 1242 4401 quo
1270 4329 1420 4384 momento

72 4414 198 4491 angulus
223 4411 376 4475 verticalis
400 4419 432 4472 et
461 4407 618 4487 eclipticae
642 4413 697 4467 est'
713 4402 775 4470 850
796 4403 860 4470 460.
907 4408 990 4470 Tunc
1013 4408 1166 4470 observati
1189 4409 1312 4472 suntin
1334 4411 1420 4473 radio

72 4503 201 4567 rotundo
226 4521 316 4582 super
338 4501 481 4564 tabellam
505 4516 602 4559 meam
625 4496 712 4575 digiti
730 4490 805 4576 «101.
843 4495 885 4559 Eo
907 4497 977 4577 quia
999 4497 1086 4577 digiti
1112 4495 1152 4560 12
1174 4497 1326 4562 habebant
1347 4518 1420 4582 per·

72 4593 182 4655 ticulas
208 4589 270 4656 109
280 4589 331 4673 0,,
360 4610 431 4671 ergo
455 4587 541 4668 digiti
564 4581 622 4756 47,
653 4585 806 4646 habebant
829 4587 992 4664 particulas
1015 4579 1113 4664 ‹12¹l2.
1157 4587 1326 4651 Foraminis
1348 4606 1420 4651 vero

26 4690 28 4695 ’
73 4681 240 4762 amplitudo
257 4681 338 4761 cepit
352 4679 516 4759 particulas
535 4674 630 4754 17¹„
655 4694 726 4754 ergo
750 4673 852 4737 radius
876 4677 1049 4738 enucleatus
1072 4676 1178 4739 habuit
1196 4672 1238 4741 92
1262 4678 1310 4752 (et
1324 4677 1422 4742 obiter

16 4805 17 4809 =
59 4771 231 4849 addendo,
255 4777 289 4832 ut
313 4765 437 4843 10308,
461 4767 608 4832 distantia
629 4764 818 4839 tabellarum,
843 4764 882 4828 ad
905 4761 965 4843 92,
996 4765 1046 4827 vel
1068 4763 1323 4832 semidiametrum
1344 4765 1422 4831 radii

74 4860 225 4927 enucleati
245 4854 301 4935 46,
324 4858 369 4925 sio
391 4859 479 4939 sinus,
497 4865 579 4922 totus
603 4854 642 4917 ad
660 4848 777 4930 1430,
801 4853 852 4935 qui
874 4855 973 4936 tangit
994 4872 1097 4919 mcum
1124 4854 1174 4922 150
1196 4852 1269 4934 1600,
1292 4856 1421 4924 utSolis
