3374 5528
668 328 833 395 nipparena.
1360 325 1425 395 547

75 506 178 587 itaque
209 507 328 588 quoties
365 508 551 570 horatiorum
587 508 730 570 tractatio
767 508 797 568 in
830 506 946 586 copulis
982 507 1018 567 de
1056 506 1163 586 majori
1191 507 1426 586 ecceutricitate,

76 615 167 675 quam
204 605 252 657 eat
280 592 388 671 6520,
409 599 518 658 testari
547 597 720 670 videbatur,
757 597 848 657 toties
878 595 973 656 animi
1003 597 1125 669 dubius,
1163 595 1292 658 horariis
1319 617 1427 660 assen-

75 686 150 746 tirer
174 705 213 745 an
236 682 402 759 diametris,
427 687 525 764 abjeci
548 694 644 747 totum
669 684 819 763 negotium
844 687 1003 764 desperato
1028 685 1189 765 explicatu.
1236 687 1282 749 At
1303 706 1427 750 nonme

75 774 211 836 deseruit
232 774 358 856 physica
381 775 606 855 contemplatio,
630 775 793 836 fidissimus
808 773 879 835 milri
899 792 999 835 comes
1017 793 1071 854 per
1086 784 1181 835 totam
1197 776 1425 854 astronomiam,

74 863 134 924 imo
159 864 219 924 dux
242 864 466 943 sagacissimus.
512 864 561 925 Ex
584 884 620 924 ea
645 864 722 925 enim
746 864 865 924 taudem
886 864 991 943 patuit,
1017 882 1074 924 non
1100 882 1174 943 opus
1189 884 1267 939 ease,
1292 871 1425 928 utmen-

75 963 162 1012 strna
184 962 312 1032 ponatur
334 954 460 1015 mutatio
485 953 731 1025 ecceutricitatis,
757 954 910 1026 sufficere,
936 961 970 1014 ut
993 953 1033 1014 sit
1056 973 1172 1014 annua:
1198 954 1256 1015 imo
1281 971 1318 1015 ne
1342 963 1425 1017 stare

74 1041 194 1121 quidem
218 1043 352 1103 rationes
374 1043 525 1125 physicas,
551 1043 607 1103 nisi
632 1044 673 1104 ait
696 1063 802 1103 annua.
857 1042 977 1103 Etenim
1011 1042 1040 1103 in
1071 1043 1220 1126 operende
1244 1044 1343 1104 Marte
1370 1045 1425 1106 de-

73 1140 274 1193 monstratum
298 1140 359 1206 est,
392 1131 650 1195 eccentrioitatem
674 1133 816 1192 circuitus
839 1132 981 1212 planetae
1005 1132 1136 1192 existere
1161 1152 1179 1192 a
1202 1132 1231 1192 vi
1255 1132 1426 1211 magnetica

72 1219 158 1298 globi
182 1222 357 1299 planetarii,
388 1240 466 1302 quae
496 1222 584 1283 lineis
608 1221 700 1282 rectis
723 1228 788 1281 toto
813 1238 936 1296 corpore
959 1221 1042 1299 globi
1065 1220 1228 1300 porrigitur
1251 1231 1426 1285 constanter

76 1317 143 1370 toto
167 1309 289 1392 circuitu
313 1311 344 1371 in
368 1310 571 1386 longitudines
596 1311 720 1371 medias.
765 1311 815 1371 Fit
829 1310 929 1389 itaque
952 1318 1036 1387 raptu
1056 1309 1137 1387 globi
1157 1310 1238 1370 circa
1254 1309 1365 1386 Solem,
1389 1319 1424 1374 ut

75 1406 193 1460 tractus
208 1397 369 1479 magnetici
379 1399 519 1479 opposita
533 1399 717 1478 punctaSoli
730 1399 933 1471 obvertantur,
955 1418 1032 1478 quae
1049 1407 1079 1458 ut
1100 1400 1241 1478 opposita
1255 1400 1425 1478 oppositam

77 1487 173 1549 atium
195 1487 255 1549 vim
278 1487 423 1551 obtinent.
470 1489 547 1550 Nam
572 1489 624 1549 illo
649 1497 792 1562 extremo,
817 1488 894 1568 quod
910 1487 939 1547 in
955 1487 1170 1566 longitudinem
1191 1489 1318 1549 mediam
1341 1489 1424 1568 prio-

75 1595 139 1637 rem
162 1577 270 1656 rengit‚
294 1576 409 1639 faciunt
432 1578 553 1656 globum
577 1597 661 1639 suurn
687 1578 789 1656 lugere
813 1598 831 1636 a
854 1576 925 1638 Sole
950 1596 1003 1655 per
1023 1577 1232 1639 ascendentem
1250 1579 1423 1641 semicircu-

73 1667 151 1738 lum,
185 1666 279 1727 donec
311 1667 489 1727 transmisso
510 1667 583 1746 jugo
614 1667 711 1727 altera
735 1667 912 1727 extremitas
935 1666 963 1726 in
988 1666 1183 1745 posteriorem
1206 1668 1422 1742 longitudinem

72 1755 203 1816 mediam
232 1756 359 1817 obversa
386 1775 440 1835 per
469 1756 699 1817 descendentem
724 1755 940 1817 semicirculum
962 1755 1130 1833 prolectare
1153 1755 1277 1836 incipiat
1300 1757 1421 1834 globum

74 1863 170 1917 suum,
196 1852 230 1906 ut
251 1844 384 1907 vicissim
409 1846 447 1906 ad
471 1845 574 1907 Solem
599 1844 771 1923 adnaviget.
810 1845 984 1906 Ascendere
1008 1844 1085 1905 euim
1109 1852 1165 1920 est,
1185 1845 1263 1906 iuter
1284 1845 1421 1927 gyratio-

73 1953 143 1996 nem
166 1933 353 1995 extriusecus
376 1934 433 1997 sibi
458 1935 574 1995 illatam
597 1935 701 2012 fugere
724 1953 743 1993 a
762 1934 847 1996 Sole:
872 1933 1054 1994 descendere
1079 1941 1134 2006 est,
1160 1934 1257 2013 raptui
1282 1934 1420 1996 circulari

73 2023 262 2084 extrinsecus
292 2024 351 2084 sibi
380 2024 467 2084 illato
497 2023 623 2084 miscere
646 2042 803 2084 accessum
825 2043 908 2084 suurn
934 2023 971 2082 ad
988 2022 1090 2085 Solem
1113 2022 1292 2085 intrinsecus
1312 2035 1420 2085 ortum.

73 2113 160 2173 Haec
187 2130 224 2173 ex
247 2112 358 2174 Martis
388 2111 556 2175 Comment.
586 2112 642 2173 huc
672 2113 882 2173 transferenda
914 2112 1052 2173 luerunt:
1078 2113 1142 2190 jam
1166 2113 1204 2173 ad
1229 2114 1344 2175 Lunam
1368 2132 1422 2174 ac-

72 2200 282 2262 commodabo.
1414 2198 1417 2203 ’

164 2291 250 2351 Luna
274 2290 373 2369 itaque
396 2289 476 2349 circa
499 2289 622 2350 Terram
645 2289 789 2349 aTerrae
813 2288 970 2368 gyratione
995 2296 1146 2351 menstruo
1166 2290 1347 2352 circumactu
1362 2309 1421 2372 gy·
1455 2300 1458 2307 '

71 2386 144 2440 rata
167 2379 288 2440 easdem
312 2395 378 2439 cum
401 2378 511 2439 ceteris
534 2378 664 2457 planetis
688 2378 861 2438 affectiones
885 2378 929 2437 sui
954 2380 1087 2457 corporis
1111 2379 1242 2453 obtinet,
1275 2381 1327 2441 sed
1352 2380 1420 2461 qui-

73 2469 132 2529 bus
155 2487 213 2529 non
237 2467 339 2530 Solem
363 2467 563 2546 longinquum,
590 2467 642 2527 sed
666 2466 794 2527 vicinam
817 2467 982 2539 Tellurem,
1007 2488 1025 2526 a
1049 2487 1107 2545 qua
1130 2476 1263 2548 gyratur,
1288 2468 1421 2539 vicissim

73 2557 153 2636 fugit
177 2565 209 2617 et
231 2556 360 2636 appetit:
387 2575 462 2634 quae
486 2556 576 2617 etiam
600 2554 740 2625 alliciunt,
764 2556 943 2635 utquamvis
962 2556 1066 2616 Tellus
1081 2577 1098 2616 a
1114 2557 1186 2619 Sole
1201 2577 1253 2637 per
1267 2558 1421 2620 aetherem

75 2646 228 2726 rapiatur,
251 2643 441 2707 nihilominus
466 2645 552 2707 Luna
574 2645 657 2705 illam
680 2644 839 2706 comitetur
862 2662 978 2724 semper
1002 2645 1030 2705 in
1050 2647 1135 2722 juata
1156 2647 1310 2709 distantia.
1337 2647 1420 2709 llaec

75 2735 170 2814 igitur
194 2735 289 2796 virtus
313 2736 482 2812 magnetica
505 2734 639 2812 corporis
663 2734 803 2807 Lunaris,
827 2735 975 2814 quomodo
999 2746 1139 2796 causetur
1161 2735 1419 2798 ecceutricitatem

73 2825 206 2906 aliquam
235 2844 255 2884 a
277 2830 379 2885 centro
403 2823 534 2885 Telluris
557 2823 740 2902 simplicem,
774 2822 964 2885 mediocriter
993 2829 1078 2902 patet
1101 2825 1130 2884 in
1155 2826 1289 2904 exemplo
1311 2826 1419 2907 plane-

71 2922 172 2975 tarum
196 2920 377 2983 ceterorum,
401 2912 450 2991 qui
474 2934 492 2972 a
515 2919 617 2973 centro
641 2911 724 2973 Solia
746 2913 820 2973 fiunt
848 2911 1015 2973 ecceutrici.
1062 2914 1107 2973 At
1138 2914 1285 2992 quomodo
1323 2901 1422 2975 virtus

69 3003 148 3065 haec
171 3001 275 3064 Lunae
299 3001 469 3079 magnetica
491 3001 606 3063 intendi
638 3008 669 3062 et
690 3002 802 3063 remitti
825 3001 939 3081 possit,
972 3008 1005 3062 ιιι
1028 3000 1095 3062 aliis
1119 3003 1304 3082 temporibus
1328 3001 1419 3064 aliam

70 3100 213 3154 causetur
244 3089 513 3165 ecceutricitatem‚
537 3091 568 3152 id
591 3090 797 3152 difficultatem
827 3091 919 3152 habet
942 3091 1085 3169 aliquam,
1110 3110 1163 3152 uec
1185 3093 1346 3171 profiteor,
1371 3110 1434 3153 me·

68 3191 166 3243 totum
195 3180 274 3243 huno
302 3198 443 3241 arcanum
471 3187 594 3241 naturae
626 3180 799 3241 thesaurum
833 3188 1018 3261 aperturum:
1057 3198 1113 3240 nou
1142 3181 1274 3242 reticebo
1306 3188 1416 3254 tamen,

70 3270 142 3352 quid
165 3269 335 3331 diutissime
360 3288 506 3349 quaerens
529 3269 702 3353 invenerim,
726 3270 805 3350 qnod
829 3268 958 3330 numeris
982 3276 1013 3330 et
1036 3269 1296 3330 observationibus
1316 3289 1348 3331 se
1364 3288 1418 3331 ac-

70 3359 252 3422 commodet.
297 3358 443 3421 Nimirum
467 3358 494 3420 si
511 3376 675 3438 apogaeum
697 3359 799 3419 Lunae
820 3366 868 3419 est
882 3376 946 3418 curn
963 3356 1045 3431 Sole,
1065 3359 1111 3418 vel
1131 3359 1313 3438 perigaeum‚
1332 3359 1419 3420 Luna

69 3450 237 3510 virtuosam
269 3448 378 3509 lineam
402 3447 635 3509 ecceutricitatis
659 3448 838 3509 effectricem
858 3456 918 3508 tum
942 3446 1058 3507 demum
1082 3447 1112 3508 in
1136 3447 1258 3508 Terram
1282 3448 1418 3527 porrigit,

71 3537 265 3600 comestio
289 3538 436 3616 quadrato
460 3537 552 3600 Solis.
598 3538 642 3600 At
664 3537 751 3599 Luna
774 3537 802 3597 in
826 3536 972 3616 quadrato
996 3535 1077 3597 Solia
1101 3555 1226 3597 versans
1243 3537 1419 3599 diametrum

71 3628 206 3708 aliquam
230 3627 333 3688 circuli
356 3627 581 3687 illuminationis
606 3625 651 3687 sui
675 3627 807 3706 corporis
831 3625 922 3685 etiam
947 3625 976 3684 iu
1001 3624 1124 3685 Terram
1147 3626 1284 3705 porrigit,
1309 3636 1340 3686 et
1363 3624 1418 3700 sic,

70 3736 129 3799 quo
159 3726 295 3794 tempore
318 3715 372 3778 Sol
404 3715 498 3776 habet
525 3734 691 3795 apogaeum
719 3716 767 3776 vel
798 3714 969 3795 perigaeum
998 3713 1101 3775 Lunae
1131 3715 1242 3789 locum,
1275 3723 1341 3776 toto
1366 3715 1419 3777 illo

71 3825 177 3868 mense
214 3823 284 3884 pars
315 3805 483 3866 illuminata
506 3807 609 3867 Lunae
641 3811 767 3885 aparte
791 3805 917 3864 obscura
941 3801 1084 3864 dividitur
1106 3804 1267 3866 secundum
1289 3812 1419 3867 tractum

70 3896 290 3969 filamentomm
323 3894 578 3972 magneticorum‚
611 3894 654 3955 sio
691 3902 724 3955 ut
755 3893 850 3954 virtus
879 3892 1047 3969 magnetica
1076 3900 1107 3952 et
1140 3893 1215 3954 lucis
1247 3894 1419 3956 terminatio

71 3983 243 4066 parallelae
280 3982 351 4045 sint
420 3982 536 4046 Contra
575 3984 602 4045 si
638 3983 691 4045 Sol
729 3983 864 4044 obtineat
905 3981 1020 4042 medias
1056 3982 1160 4043 Lunae
1204 3983 1416 4062 longitudines,

71 4072 203 4135 circulus
239 4071 465 4135 illuminationis
505 4075 608 4135 Lunae
643 4082 726 4134 secat
760 4089 862 4133 omues
899 4071 995 4132 lineas
1031 4071 1182 4133 virtuosos
1223 4073 1261 4133 ad
1291 4073 1418 4151 angulos

71 4171 184 4226 rectos.
230 4162 276 4223 At
300 4170 453 4224 testantur
483 4163 726 4234 observationes,
770 4162 795 4222 si
827 4160 879 4223 Sol
908 4159 1023 4221 obtinet
1055 4179 1220 4240 apogaeum
1253 4163 1300 4222 vel
1335 4160 1419 4242 peri-

71 4270 181 4334 gaeum
203 4251 322 4325 Lunae,
355 4260 425 4313 tunc
461 4252 524 4313 lieri
552 4253 747 4331 aequationes
771 4250 933 4324 maximas,
972 4251 1150 4330 quadramm
1173 4251 1308 4313 scilicet:
1339 4249 1419 4332 quod

72 4340 237 4405 secundum
258 4341 320 4402 iata
341 4340 488 4421 principia
510 4343 684 4403 tantundem
708 4349 756 4402 est
778 4359 813 4400 ac
837 4339 863 4400 si
886 4340 997 4415 dicam,
1025 4340 1141 4401 Lunam
1164 4340 1193 4401 in
1209 4341 1332 4421 quadris
1348 4358 1418 4400 ver-

73 4439 192 4493 santem
216 4429 323 4491 lortius
345 4431 468 4492 Terram
492 4439 649 4512 appetere.
678 4438 708 4492 et
731 4429 863 4491 vicissim
887 4430 989 4508 fugere
1013 4429 1043 4490 iu
1068 4429 1220 4508 opposito,
1257 4438 1290 4491 ut
1319 4429 1362 4491 ita
1389 4428 1418 4489 in

72 4536 210 4601 apogaeo
238 4518 329 4580 altius
355 4520 517 4601 pervadat,
552 4521 581 4580 in
613 4520 753 4601 perigaeo
781 4518 931 4579 humilius.
983 4515 1224 4580 Consentaneum
1248 4527 1296 4580 est
1318 4517 1418 4597 igitur,

73 4629 140 4671 cnm
176 4607 273 4671 virtus
299 4608 404 4672 Lunae
440 4609 609 4688 magnetica
641 4609 771 4672 extentis
801 4615 832 4669 et
860 4607 953 4669 rectis
984 4607 1129 4669 lateribus
1153 4607 1293 4687 objicitur
1315 4605 1418 4669 lumini

73 4698 165 4775 Solia,
191 4696 236 4759 sic
257 4704 293 4761 ut
312 4698 442 4762 circulus
466 4716 519 4761 seu
543 4700 685 4761 terminus
709 4696 935 4760 illuminationis
958 4697 1012 4759 frat
1034 4696 1136 4758 virtuti
1155 4696 1330 4775 parallelus,
1354 4696 1418 4757 vir-

73 4797 169 4851 tutem
193 4787 271 4850 hauc
290 4788 492 4868 magneticam
515 4808 568 4869 per
590 4789 669 4851 hunc
693 4788 782 4850 situm
806 4787 845 4849 ad
859 4786 962 4850 Solem
985 4785 1116 4860 intendi3
1140 4786 1339 4848 nullamvero
1354 4784 1419 4865 ejus

75 4896 143 4942 esse
166 4874 419 4953 fortificationem,
442 4896 508 4943 oum
530 4878 626 4942 virtus
648 4877 819 4962 magnetica
841 4876 932 4941 rectis
955 4874 1043 4940 lineis
1065 4876 1096 4940 iu
1120 4874 1223 4939 Solem
1245 4875 1419 4957 porrigitur,

1148 4976 1181 5014 95
1191 4981 1208 5013 ἢ
1374 4986 1377 4993 ·
