3368 5534
287 304 353 381 228
770 313 938 367 nenena.
956 311 1051 369 senaa
1066 312 1157 370 nun

289 489 349 557 16⁰
362 487 417 557 d8'
437 490 475 570 ὅ,
500 493 548 556 hic
568 486 739 577 15⁰4⁴l¹l,'
753 503 798 573 tq,
823 494 891 557 loca
916 501 942 566 ὁ
965 495 1134 559 eccentrica
1157 505 1335 581 coaequata.
1371 496 1455 563 Nodi
1476 500 1527 575 (ut
1540 500 1643 577 vides)

285 584 350 645 tere
374 600 412 644 ex
435 589 538 645 centro
561 583 738 667 systematis
765 585 926 664 planetarii
949 593 1021 648 sunt
1047 587 1180 667 oppositi
1203 587 1234 650 in
1262 583 1367 668 16¹l,'
1389 589 1427 667 ὅ,
1452 600 1491 669 tq
1512 589 1642 667 circiter,

288 672 368 752 quod
390 670 626 734 Ptolemaeus
650 673 783 747 Terram,
810 671 1037 754 Ooperuicns
1061 684 1093 737 et
1116 676 1238 760 Tycho
1261 677 1384 742 Brahe
1407 686 1552 759 punctum
1566 699 1640 763 pro-

286 760 368 822 xime
392 758 494 822 Solem
519 761 668 824 dixerunt.

378 848 531 921 Quantum
555 859 656 913 autem
679 853 824 913 mutaturi
848 852 942 915 simus
965 853 994 914 in
1018 851 1065 913 his
1089 853 1163 915 locis
1187 854 1345 930 nodorum,
1375 855 1425 918 nbi
1453 858 1642 938 transposita

287 939 407 1001 theoria
429 936 511 1001 Solis
535 941 670 1002 emedio
694 940 733 1001 ad
757 951 953 1021 apparentem
976 949 1090 1003 motum
1110 940 1191 1004 Solis
1216 943 1413 1025 aequationes
1437 946 1641 1023 mutabuntur,

288 1028 370 1091 infra
391 1035 479 1109 parte
503 1028 608 1109 quinta
629 1029 757 1111 patebit.

873 1212 1058 1227 Μ

742 1324 750 1333 ι
834 1373 954 1474 Caput
989 1373 1095 1449 XIH.

375 1516 579 1602 Investipotio
602 1515 820 1582 inclinationis
841 1515 1015 1601 planorum
1042 1519 1205 1602 eclipticas
1226 1527 1256 1583 et
1278 1522 1401 1585 orbitae
1423 1520 1556 1585 Marus

378 1644 475 1706 Nodis
500 1653 532 1708 et
560 1642 703 1704 limitibus
732 1642 879 1723 superiori
907 1643 1007 1723 capite
1031 1662 1069 1704 ex
1092 1644 1247 1705 sententia
1269 1645 1381 1707 Brahei
1405 1655 1437 1707 et
1461 1665 1532 1709 mea
1556 1666 1637 1728 quam

287 1733 424 1813 proxime
448 1732 588 1806 inventis,
610 1730 674 1810 jam
698 1731 791 1793 etiam
814 1732 1020 1811 inquirendum
1045 1740 1100 1805 est,
1128 1741 1271 1811 quantum
1296 1752 1364 1796 vere
1387 1734 1550 1798 inclinetur
1572 1738 1636 1818 pls·

286 1840 357 1884 num
390 1821 505 1885 orbitae
529 1819 702 1884 Martis-sd
724 1823 847 1901 planum
881 1814 1095 1900 eclipticae.*)
1141 1823 1176 1884 Id
1205 1823 1244 1883 ab
1271 1823 1346 1904 ipsis
1377 1824 1637 1887 observationibus

289 1911 437 1973 deducere
453 1931 512 1973 noo
528 1912 573 1972 ita
595 1918 744 1988 promtum
759 1918 817 1971 est.
863 1910 943 1971 Nam
966 1912 1092 1989 angulus
1117 1910 1321 1973 inclinationis
1341 1913 1429 1993 hujus
1445 1914 1638 1978 constituitur

288 2000 369 2081 apnd
394 2011 530 2064 centrum
553 1999 731 2081 systematis
751 2000 921 2078 planetarii,
946 2001 1025 2080 quod
1047 1996 1250 2079 Oopernico
1275 2010 1307 2063 et
1324 2000 1491 2083 Tychoni
1515 2001 1571 2066 Sol
1585 2013 1637 2066 est

376 2089 422 2153 At
443 2092 528 2152 visus
553 2090 582 2150 in
607 2086 709 2151 Solem
733 2108 882 2168 nunqnam
915 2088 1076 2162 inducitur,
1111 2099 1145 2150 nt
1167 2109 1205 2151 ex
1229 2109 1263 2151 eo
1293 2091 1367 2153 haec
1400 2091 1557 2155 inclinatio
1588 2095 1638 2157 sol

286 2179 355 2240 lixis
387 2179 485 2242 videri
509 2188 540 2241 et
563 2176 729 2239 mensurari
760 2178 870 2257 possit.
917 2177 964 2239 Ex
993 2178 1052 2239 alio
1084 2197 1156 2239 vero
1189 2180 1254 2241 loco
1287 2181 1414 2260 (angulo
1447 2181 1541 2244 etiam
1569 2182 1638 2256 ato)

286 2269 475 2349 spectabitur
498 2268 631 2330 maxima
661 2266 808 2346 digressio
839 2267 942 2329 limitis
966 2267 1004 2328 ab
1029 2267 1177 2347 ecliptica.
1224 2270 1257 2330 ln
1282 2268 1520 2332 Ptolemaios
1547 2271 1640 2335 forna

192 2375 196 2383 ·
285 2357 382 2419 videri
406 2359 507 2438 possit
530 2354 698 2439 expeditior
725 2357 818 2430 ratio,
848 2358 901 2417 sed
926 2375 983 2418 non
1010 2360 1066 2417 eit.
1114 2356 1194 2419 Nam
1218 2356 1488 2433 demonstrabitur,
1521 2360 1638 2441 planu·

287 2447 413 2527 epicycli
438 2466 559 2510 manere
589 2453 733 2526 perpetuo
764 2446 930 2525 parallelon
954 2446 1044 2524 plano
1077 2446 1246 2525 eclipticas.
1292 2448 1374 2510 Pone
1405 2466 1477 2528 ergo
1507 2460 1638 2513 centrum

285 2536 368 2616 plani
393 2537 521 2619 epinycli
544 2537 573 2597 in
599 2535 692 2596 limite
726 2535 890 2609 alterutro,
925 2535 966 2596 sit
989 2535 1114 2614 planeta
1137 2534 1166 2596 iu
1196 2536 1300 2597 eadem
1334 2537 1413 2599 linea
1446 2538 1649 2625 longitudinis

286 2644 325 2688 ex
348 2635 452 2689 centro
476 2627 559 2688 visus
582 2642 638 2704 per
652 2633 784 2685 centmm
809 2624 952 2705 epicycli:
977 2624 1098 2686 velerit
1122 2624 1265 2687 remotior
1279 2647 1298 2687 a
1312 2627 1377 2687 riso
1393 2645 1482 2709 qnam
1506 2638 1637 2691 caunum

287 2714 425 2797 epicycli,
451 2724 482 2777 et
505 2715 549 2776 sic
573 2713 721 2775 distantia
745 2713 809 2792 ejus
833 2713 872 2774 ab
895 2712 1034 2792 ecliptica
1067 2715 1162 2775 minor
1190 2716 1349 2794 apparebit
1376 2734 1465 2797 qnam
1495 2716 1638 2779 distantis

177 2870 181 2877 ,
251 2876 254 2881 ,
288 2805 386 2867 centri
409 2804 535 2887 epicycli
559 2802 597 2864 ab
622 2803 727 2864 eadem
752 2802 911 2882 ecliptica;
941 2803 988 2864 vel
1012 2802 1071 2864 erit
1093 2803 1215 2883 propior
1241 2805 1317 2868 visui
1342 2814 1374 2867 et
1396 2806 1440 2868 sic
1464 2806 1565 2886 major
1585 2824 1636 2889 sp-

285 2894 407 2975 parebit
430 2913 465 2955 eo
490 2893 569 2974 qnod
592 2892 772 2973 quaerimus.

379 2985 414 3046 In
437 2984 496 3045 hac
521 2982 699 3044 difficultate
729 2981 845 3042 solatur
868 2999 922 3040 nos
946 2979 1002 3041 hoc
1026 2977 1159 3053 unicum,
1188 2979 1335 3061 quodid,
1363 2981 1450 3063 cujus
1473 3001 1571 3046 eausa
1591 2984 1635 3047 io·

286 3071 478 3135 clinationem
502 3072 583 3133 inter
605 3070 753 3151 principia
775 3069 954 3150 quaerimus,
980 3087 1038 3130 non
1058 3076 1106 3130 est
1121 3070 1192 3144 tale,
1218 3078 1252 3131 nt
1271 3089 1414 3133 summam
1438 3071 1636 3136 subtilitate·

287 3162 450 3224 desideret.
489 3159 610 3223 Licebit
634 3159 726 3239 igitur
748 3159 834 3220 uobis
858 3160 902 3221 uti
925 3158 1022 3221 modis
1042 3158 1089 3226 iis,
1114 3160 1163 3238 qni
1184 3160 1220 3220 do
1240 3159 1443 3224 inclinationis
1466 3162 1636 3242 quantitate

287 3251 494 3313 testimonium
518 3250 633 3311 eminus
657 3246 834 3328 perhibent:
860 3266 984 3327 quornm
1008 3256 1069 3308 tres
1093 3266 1247 3327 ponemus.

374 3342 517 3421 Apparet
539 3348 640 3400 autern
662 3358 699 3399 ex
719 3338 782 3417 jam
806 3336 912 3407 dictis,
946 3347 1016 3398 tunc
1039 3353 1094 3397 nos
1118 3337 1284 3400 rectissime
1309 3339 1442 3418 adjutum
1464 3340 1513 3414 iri,
1537 3339 1565 3402 si
1584 3339 1636 3402 ob-

285 3431 489 3491 servationem
513 3429 721 3490 nanciscamur
739 3426 849 3488 Martis
869 3427 907 3487 ad
927 3427 987 3488 tale
1007 3435 1196 3502 momentum,
1216 3428 1266 3488 nbi
1282 3428 1366 3489 Mars
1385 3429 1556 3509 aequaliter
1572 3438 1638 3491 sta

286 3516 381 3580 Terra
407 3527 438 3581 et
461 3539 481 3579 a
504 3516 576 3580 Sole
610 3517 763 3578 absistens
796 3515 876 3577 linea
904 3535 941 3576 ex
965 3513 1037 3577 Sole
1065 3534 1118 3594 per
1148 3535 1181 3577 se
1205 3517 1297 3578 ducta
1318 3517 1349 3578 in
1376 3513 1435 3580 16ο
1456 3519 1507 3580 rel
1534 3516 1637 3594 we

286 3608 334 3669 vel
359 3624 406 3669 aa
430 3609 513 3681 (loca
536 3604 678 3680 limitum)
703 3606 871 3668 referatur:
902 3605 930 3666 in
955 3606 1051 3666 forma
1074 3605 1275 3681 Ptolemaios,
1299 3606 1359 3680 ubi,
1383 3614 1487 3668 centro
1511 3607 1638 3691 epicyoli

286 3697 316 3759 io
343 3692 410 3770 16⁰,
442 3693 548 3772 wo
577 3696 624 3756 vel
649 3712 696 3755 m
723 3703 882 3766 versante,
910 3695 994 3755 Mars
1026 3695 1194 3774 aequaliter
1224 3714 1290 3758 cum
1322 3704 1425 3758 centro
1458 3696 1590 3779 epieycli
1620 3716 1639 3757 a

286 3785 382 3849 Terra
405 3787 495 3849 absit.
542 3788 577 3847 lu
601 3786 666 3846 solo
690 3783 839 3846 Mercurio
863 3785 920 3845 hoc
943 3783 1099 3864 problema
1123 3786 1218 3846 locum
1243 3804 1299 3846 uon
1324 3785 1458 3847 habebit.

377 3873 426 3938 Sit
448 3877 474 3938 B
498 3882 564 3949 (erg.
585 3879 632 3944 tl)
656 3872 727 3946 Sol,
756 3875 785 3936 A
810 3873 922 3934 Terra:
957 3874 1158 3935 constituatur
1187 3893 1276 3954 super
1298 3875 1355 3936 AB
1374 3874 1520 3937 isosceles
1543 3876 1640 3951 ACB,

286 3971 319 4027 et
341 3965 383 4026 sit
404 3967 546 4044 planetae
569 3965 653 4026 locus
678 3962 713 4038 0,
738 3970 879 4042 punctum
903 3961 1058 4043 eclipticas
1081 3962 1181 4042 plani:
1211 3971 1369 4044 erectaque
1397 3964 1640 4045 perpendieabti

287 4052 341 4116 ΟΕ
365 4054 394 4116 in
418 4055 546 4117 orbitarn
572 4063 612 4127 d,
637 4072 743 4131 corpus
766 4060 793 4122 ὁ
816 4051 846 4114 in
869 4052 895 4113 E
920 4052 970 4114 sit.
1018 4052 1197 4132 Aequaliter
1224 4052 1317 4131 igitur
1344 4054 1507 4135 apparebit
1527 4055 1586 4120 Ec
1608 4066 1641 4118 st

287 4162 325 4205 ex
347 4142 373 4205 B
397 4141 469 4206 Sole
494 4152 526 4205 et
548 4163 586 4205 es
608 4143 638 4206 A
662 4143 774 4203 Terra:
798 4160 853 4221 per
875 4162 909 4204 se
933 4148 1028 4221 patet.

375 4283 401 4353 ‘l
423 4287 569 4343 Inclinatio
591 4295 620 4342 et
641 4287 759 4342 latitudo
782 4286 940 4342 differenter
960 4285 1163 4357 intelligantur.

375 4367 520 4424 Inclinatio
542 4372 575 4423 do
590 4370 694 4441 angulo
709 4371 743 4422 sd
757 4368 848 4424 Solem
867 4368 912 4421 vel
933 4372 1056 4421 centrum
1076 4365 1236 4438 systematis
1257 4365 1416 4437 planetarii,
1439 4385 1521 4440 quem
1534 4368 1637 4445 Caper·

285 4449 347 4505 nico
368 4448 475 4504 faciunt
500 4450 592 4504 lineae
614 4450 641 4504 in
668 4467 765 4518 corpus
787 4455 811 4516 (ς
835 4455 864 4502 et
893 4449 981 4503 locum
1009 4447 1069 4517 ejus
1100 4446 1255 4517 eclipticum
1286 4446 1403 4517 ejectae.
1446 4449 1582 4507 Latitudo
1601 4452 1638 4509 stt

286 4530 415 4602 angulus,
438 4548 491 4601 qno
513 4531 656 4601 quaelibet
678 4528 819 4584 inclinatio
840 4547 877 4583 ex
899 4528 985 4583 Terra
1006 4534 1157 4598 spectatur.

374 4611 405 4665 ln
425 4611 586 4665 Ptolemaeo
608 4609 749 4664 inclinatio
770 4616 815 4663 est
835 4610 956 4681 angulus
977 4616 1114 4664 rectarum
1135 4628 1171 4664 ex
1193 4610 1280 4665 Terra
1298 4626 1349 4680 per
1374 4618 1497 4666 centrum
1518 4610 1637 4685 eplcycfl

286 4698 315 4746 st
339 4707 389 4761 per
413 4692 503 4745 locum
533 4692 593 4761 ejus
621 4691 648 4744 in
673 4689 801 4759 ecliptica
831 4690 989 4759 ejectarum.
1030 4690 1160 4744 Latitudo
1189 4696 1233 4743 est
1260 4692 1390 4763 angulus,
1420 4707 1501 4763 qoem
1531 4692 1638 4749 heiu

286 4779 381 4826 rectae
401 4789 438 4827 ex
460 4779 555 4827 oeutro
576 4773 692 4833 Terrae,
713 4771 805 4825 altera
824 4788 875 4842 per
895 4787 993 4842 corpus
1014 4771 1161 4842 planetae,
1187 4771 1280 4828 alters
1298 4788 1349 4843 per
1369 4772 1472 4838 locum,
1494 4773 1540 4845 qui
1561 4774 1590 4831 si
1607 4774 1637 4831 ἰ

287 4850 419 4923 ”mdes
436 4855 595 4927 superdea,
616 4850 720 4923 ejecta
