3374 5528
579 269 640 355 ron
658 260 749 322 neos
787 268 869 337 oque
888 269 922 320 11.
1365 255 1427 323 175
1544 278 1549 293 ·

76 452 276 530 apparentem
298 444 392 510 Solis
406 453 523 511 motum·
543 447 680 522 adhibet,
706 447 826 510 omnino
850 447 940 511 aliam
961 448 1103 528 planetas
1118 441 1246 511 orbitam
1261 440 1290 503 in
1306 438 1428 502 aethere

74 544 209 610 statuat,
260 556 464 620 quamcunque
510 556 547 599 ex
580 535 794 598 celebrioribus
831 535 1019 617 opinionibus
1055 535 1092 596 de
1129 532 1239 594 mundo
1276 535 1426 611 sequatur.
1535 592 1538 599 ,

73 623 162 730 (luae
194 626 412 692 demonstratio
444 645 511 689 cum
534 625 787 710 aequipollentiae
810 623 1019 709 hypothesium
1043 623 1221 698 innitatur,·
1238 619 1277 683 ab
1300 618 1358 680 hac
1380 617 1428 725 iu-

72 734 229 799 crpsemus.

668 948 842 958 m

649 1118 771 1223 Caput
800 1123 848 1198 Il.
978 1104 983 1114 ⁵

70 1285 128 1349 De
147 1284 258 1369 primu
279 1291 310 1349 et
327 1281 467 1369 simplici
481 1248 728 1389 aequipollentia
751 1285 917 1437 epcmatricr‘
930 1293 960 1351 et
973 1278 1261 1385 commtrepicycli,
1276 1287 1306 1344 et
1319 1296 1435 1359 curent
1465 1301 1467 1306 ’

598 1392 758 1457 ,concup
776 1393 886 1458 ymera.

160 1514 210 1577 Ac
234 1512 320 1577 initio
342 1514 392 1578 hic
415 1514 582 1595 amplector
605 1514 688 1576 iilam
704 1514 910 1579 aPtolemeao
921 1517 972 1581 lib.
992 1517 1051 1582 111.
1068 1522 1101 1577 et·
1115 1509 1283 1594 Ccpernico
1301 1508 1352 1572 lib.
1368 1508 1426 1583 ΙΙΙ.
1496 1584 1501 1593 ¹

69 1622 137 1685 cap.
160 1602 235 1667 XV.
259 1603 499 1667 demonstratam
523 1602 788 1683 aequipollentiam
803 1605 1024 1688 hypothesium,
1049 1622 1126 1686 quae
1149 1621 1203 1684 pro
1226 1600 1323 1682 prima
1337 1597 1424 1661 inas·

69 1692 219 1774 qualitate
243 1693 392 1756 salvanda
415 1703 486 1756 snut
509 1701 690 1775 susceptae;
713 1693 762 1756 uhi
787 1696 973 1758 eccentricns
996 1693 1083 1776 paria
1107 1691 1182 1755 lacit
1205 1708 1271 1752 cum
1289 1687 1424 1781 epicycln

68 1782 96 1844 in
125 1782 334 1853 concentricc:
363 1772 510 1863 siqnidem
538 1783 618 1844 linea
652 1782 789 1862 apsidum
826 1784 856 1846 in
885 1794 1024 1847 eccentro
1055 1791 1087 1844 et
1110 1782 1192 1844 linea
1214 1797 1268 1860 per
1290 1783 1425 1839 centrum

69 1871 198 1955 epicycli
222 1882 256 1934 et
277 1872 430 1953 planetam
454 1871 484 1934 in
508 1870 696 1934 concentrico
720 1879 865 1953 perpetuo
888 1881 1032 1936 maneant
1044 1869 1200 1952 paralleli;
1223 1865 1317 1930 ethic
1331 1862 1426 1928 senis

69 1961 221 2024 hamster
243 1961 369 2047 epicycli
393 1969 503 2040 aequet
525 1960 586 2023 illic
599 1961 872 2037 eccentrioitatem;
896 1961 1110 2026 semidiametri
1129 1978 1200 2021 vero
1220 1956 1281 2020 illic
1295 1953 1426 2017 eccsntri

73 2058 105 2112 et
140 2050 194 2113 bio
217 2050 404 2114 concentrici·
434 2048 498 2112 sint
534 2050 677 2130 aequales
684 2069 693 2123 ;
731 2046 945 2133 moveatnrqne
974 2051 1036 2115 illic
1068 2049 1193 2130 planeta
1224 2047 1254 2107 iu
1287 2050 1427 2107 eccentro
1482 2054 1486 2059 '

70 2139 288 2222 aequabiliter,
312 2139 357 2204 sic
384 2145 420 2202 nt
442 2138 619 2220 aequalibus
641 2139 828 2223 temporibus
850 2140 993 2223 aequales
1016 2158 1104 2202 arcus
1127 2135 1274 2201 conficiat.
1358 2219 1360 2223 y
1400 2141 1423 2161 ·“

153 3674 209 3739 Sit
227 3677 377 3759 primo-A
399 3677 489 3743 bores
511 3678 596 3745 oculi
613 3688 798 3746 stomatasm
820 3682 1010 3745 coacmstrici
1026 3681 1092 3758 ΒΒ,
1116 3683 1151 3767 iq
1177 3702 1237 3764 quo
1266 3678 1425 3768 epicychsa

64 3761 130 3838 BC,
152 3762 230 3851 BE:
254 3765 377 3851 sintque
399 3788 496 3832 urceos
517 3769 599 3834 inter
621 3771 696 3836 bina
709 3772 755 3837 .B‚
777 3790 834 3833 seu
856 3769 968 3852 sapori
986 3770 1080 3846 BAB,
1105 3770 1271 3854 aequales:
1296 3780 1326 3836 et
1343 3768 1422 3855 pla-

63 3861 137 3917 aeta
156 3854 266 3934 primo
289 3856 325 3919 io
348 3854 384 3928 0,
406 3857 521 3921 deiude
543 3861 579 3922 irs
600 3858 637 3935 Ε,
657 3858 707 3922 G:
732 3857 896 3942 lineaeque
916 3857 978 3927 ΒΕ,
999 3857 1056 3920 BG
1074 3859 1256 3944 paralleloe
1278 3863 1344 3946 ipsi
1356 3854 1422 3922 Bc.

64 3938 115 4005 82⁶2
138 3940 258 4007 deinde
279 3945 300 4022 β
323 3952 462 4012 cestrum
483 3949 649 4013 eccentrr'cc'
661 3945 713 4030 γζ,·
736 3956 765 4012 et
786 3950 830 4026 βγ,
848 3949 883 4024 βε
906 3957 1040 4030 aequent
1053 3950 1129 4013 AB:
1152 3953 1255 4033 sitque
1277 3975 1297 4013 α
1316 3967 1420 4033 punc·

61 4038 138 4107 tam,
162 4032 201 4095 ira
223 4053 284 4115 quo
306 4033 424 4110 cessim,
448 4044 479 4101 et
500 4039 541 4114 βα
561 4031 811 4119 (ercammarus)
837 4036 981 4118 mesatis
1003 4038 1083 4122 ipsis
1104 4036 1169 4112 Bc,
1191 4038 1245 4102 BE
1267 4036 1420 4104 semidia-

64 4120 177 4184 mesia
189 4120 297 4206 eisqrse
315 4120 511 4207 paralleloe:
540 4134 569 4190 et
592 4147 689 4191 arcus
711 4151 751 4207 ys,
774 4121 814 4205 νζ,
836 4126 894 4190 hoc
915 4134 961 4190 est
987 4127 1100 4211 ermuli
1120 4128 1179 4207 γβε,
1203 4123 1257 4206 rii(
1275 4124 1425 4212 asprata

64 4218 91 4273 er
114 4208 202 4274 inter
224 4230 259 4274 se
281 4218 311 4275 et
328 4213 492 4297 prioribus
505 4215 600 4278 BAB.
642 4217 741 4293 Dico,
766 4217 937 4280 distantias
953 4214 1022 4291 Ac,
1046 4240 1082 4297 up
1104 4219 1249 4299 aequantes
1272 4229 1355 4281 es'se:
1376 4214 1424 4279 sic

63 4298 213 4379 AE‚‚as;
236 4296 307 4374 AG,
332 4321 390 4381 up;
414 4302 483 4378 AD,
508 4309 564 4379 am
588 4304 659 4378 ΛΗ,
683 4310 747 4381 affl
772 4305 836 4379 AF,
861 4299 914 4379 αἶς
937 4307 1071 4388 iteratque
1093 4303 1227 4389 ampelos
1248 4304 1348 4375 EAG,
1372 4326 1423 4386 θη

66 4384 238 4471 “emh'‘
261 4395 291 4453 a
309 4389 489 4473 Plautiam,
513 4392 656 4476 qtomam
678 4390 855 4476 aequabilis
876 4401 996 4469 merua,
1028 4397 1175 4479 utrinque
1197 4394 1300 4459 mosen
1321 4394 1423 4459 cisum
1535 4370 1542 4437 '.

64 4479 109 4541 in·
132 4478 267 4543 sardum
289 4498 330 4543 ea·
351 4479 391 4556 A,
416 4504 446 4556 α,
469 4501 539 4546 cum
566 4491 612 4546 est
633 4485 668 4547 in
693 4481 729 4556 C,
752 4504 785 4563 y;
816 4481 962 4557 veloces,
987 4505 1058 4547 cunr
1080 4493 1126 4548 est
1147 4487 1180 4548 ire
1204 4485 1241 4557 D,
1266 4489 1293 4546 o.
1339 4480 1421 4559 Hoc,
1502 4540 1507 4553 ,

63 4568 205 4651 inquam,
230 4566 851 4659 Ptolassoemdemoasrraoirlio.111.
885 4571 953 4635 Nec
975 4575 1075 4638 verbis
1099 4593 1177 4657 opus
1200 4580 1253 4635 est.
1288 4570 1423 4647 Schema

64 4655 206 4740 loquitur
224 4666 412 4741 qcmmtrue.
461 4658 565 4735 θήρη·
586 4658 807 4725 Ptolemaeum
828 4660 953 4741 adeant

158 4742 249 4819 Quod
271 4745 472 4831 physicam
496 4750 600 4813 horum
616 4750 803 4833 schematum
822 4749 1053 4833 explicationem
1070 4749 1189 4824 attinet,
1206 4750 1272 4831 plus
1291 4748 1420 4817 alte'rum

66 4834 104 4898 ab
128 4835 229 4901 altero
252 4832 366 4902 uren.
421 4836 511 4912 Quod
538 4848 573 4904 ut
599 4837 792 4997 ww
815 4838 884 4920 bat,
911 4841 1002 4925 paulo
1030 4837 1193 4933 altiusffest
1214 4838 1420 4923 repetendum,
