3368 5534
287 335 357 407 aar
393 330 407 397 .’
480 302 484 315 '
767 390 770 399 .
889 336 930 390 s·
951 335 1033 390 suna

291 526 411 582 auctam
435 516 617 592 adhibueris,
641 516 759 596 qualern
774 516 876 598 Tycha
899 515 1097 596 deprehendit
1120 515 1149 576 in
1173 512 1401 595 quadrantibus,
1425 511 1524 574 multo
1546 512 1631 593 major

291 616 323 670 et
344 606 545 688 prodigiosior
568 606 641 667 haec
664 606 830 685 parallaxis
854 605 972 667 evadet.
1011 605 1089 676 Quin
1120 603 1212 683 igitur
1243 603 1354 665 salsum
1377 600 1427 662 bic
1461 601 1521 665 loci
1544 602 1631 663 adrui·

292 694 533 769 serit,‚dubitari
556 714 613 756 non
638 695 736 756 debet.

380 785 516 864 Denique
541 803 598 845 nou
622 783 698 845 levis
721 783 862 845 momenti
886 801 969 843 error
994 783 1049 845 luit
1072 778 1150 862 apud
1175 788 1295 842 veteres
1316 778 1386 840 iude
1410 779 1452 839 ab
1471 779 1632 861 llipparrhc

201 909 204 913 ·
294 893 387 954 nsque
412 873 450 934 ad
473 873 653 953 Tychonem,
678 873 755 952 quod
780 891 847 934 cum
869 872 1034 933 diametros
1055 871 1156 932 Lunae
1181 878 1213 932 et
1233 867 1357 932 umbrae
1380 868 1409 929 iu
1436 878 1523 929 certa
1544 868 1634 950 aliqua

295 962 419 1045 epicycli
442 969 527 1041 parte
552 972 653 1022 essent
677 960 812 1033 dimensi,
838 959 947 1021 ceteris
962 959 1087 1043 epicycli
1111 958 1184 1020 locis
1199 959 1307 1020 vitiose
1330 956 1502 1019 diametros
1524 977 1633 1020 menn·

295 1052 468 1124 moderent,
503 1068 538 1110 eo
563 1050 640 1130 quod
664 1051 797 1132 epicyclo
820 1049 942 1110 nimiam
976 1051 1143 1111 tribuerent
1165 1045 1401 1128 amplitudinem.
1452 1047 1534 1109 Fons
1555 1048 1634 1128 hujus

295 1140 338 1203 rei
362 1138 489 1201 scaturit
511 1158 549 1199 ex
574 1139 754 1200 desideratis
782 1138 1028 1219 inaequalitatum
1057 1138 1176 1211 causis,
1209 1145 1240 1198 et
1262 1135 1413 1197 redundat
1437 1135 1467 1197 in
1492 1137 1634 1218 utriusque

295 1228 448 1292 luminaris
482 1235 603 1289 motum.
650 1227 769 1293 Etenim
803 1246 868 1287 cum
899 1237 982 1290 esset
1012 1229 1041 1290 in
1075 1227 1232 1301 confesso,
1270 1223 1407 1297 tardiora
1441 1224 1540 1287 videri
1569 1244 1635 1305 quae

297 1318 414 1396 longius
438 1316 644 1389 abstitissent,
670 1317 831 1395 eademque
855 1316 1001 1387 celeriora
1023 1316 1073 1379 ubi
1096 1314 1219 1396 propius
1243 1313 1463 1388 accessissent,
1496 1332 1552 1376 nec
1574 1315 1635 1377 illel

297 1407 494 1487 ignoraretur,
517 1405 672 1466 discedere
696 1404 807 1466 lumina
830 1416 861 1466 et
885 1407 1044 1478 accedere,
1073 1412 1189 1466 veteres
1218 1403 1262 1464 illi
1286 1410 1489 1483 praepostero
1512 1404 1635 1486 aequali·

296 1496 371 1557 tatis
390 1494 489 1555 studio
509 1513 625 1556 omnem
640 1503 739 1555 motus
763 1494 906 1555 luminum
930 1494 1135 1556 diversitatem
1153 1493 1181 1554 in
1201 1493 1256 1553 hos
1276 1492 1441 1553 abscessus
1457 1502 1488 1552 et
1506 1512 1636 1556 accessus

297 1603 397 1646 eorum
422 1583 620 1657 contulerunt,
644 1603 718 1663 quae
746 1583 869 1645 dimidia
893 1584 988 1645 solum
1009 1584 1068 1645 illis
1083 1583 1217 1656 debetur,
1241 1582 1357 1661 reliqua
1373 1600 1457 1659 pars,
1483 1601 1540 1644 uec
1563 1583 1635 1664 quie·

297 1693 386 1754 quam
408 1680 593 1751 repugnante
611 1671 787 1752 Copemico,
811 1673 900 1752 plane
923 1691 1044 1734 cansam
1068 1672 1161 1734 habet
1183 1670 1347 1752 physicam,
1372 1689 1410 1731 ex
1436 1671 1505 1752 ipso
1530 1671 1636 1754 quiden

298 1781 421 1825 accessu
445 1768 476 1822 et
498 1779 618 1822 recessu
642 1761 750 1822 sideris
773 1762 980 1835 resultantem,
1006 1762 1058 1822 sed
1082 1762 1110 1821 ia
1135 1759 1265 1822 secundo
1288 1769 1440 1840 respectu.

385 1851 432 1912 Ac
456 1849 487 1910 in
510 1850 607 1910 tribus
631 1849 746 1929 quidem
778 1850 981 1929 superioribus
1009 1851 1083 1912 lraec
1106 1869 1198 1911 carisa
1226 1847 1354 1930 physica
1377 1868 1447 1909 sese
1471 1849 1635 1913 Ptolemaeo

298 1938 455 2002 manifeste
479 1939 653 2019 prodiderat
667 1939 787 2014 indicio,
813 1940 890 2020 quod
906 1940 1099 2019 amplificatio
1121 1939 1246 2022 epicycli
1263 1937 1375 2018 optica,
1398 1957 1492 2018 quam
1508 1939 1635 2018 Alpheu-

299 2049 349 2092 sus
373 2028 578 2089 diversitatem
602 2028 749 2102 diametri,
770 2028 947 2091 Pruteuicae
972 2048 1127 2090 excessum
1152 2027 1341 2108 appellitant,
1366 2047 1424 2095 unu
1445 2029 1636 2111 respondebat

298 2136 439 2181 accessus
463 2124 494 2178 et
517 2135 653 2177 recessus
677 2117 883 2194 magnitudini,
908 2138 996 2197 quam
1012 2118 1151 2197 aequatio
1170 2117 1301 2178 eccentri
1323 2116 1510 2197 requirebat,
1535 2117 1636 2199 siquis

297 2227 376 2269 eam.
394 2206 480 2268 unice
509 2224 563 2286 per
593 2215 760 2267 ceutrorum
794 2205 874 2267 orbis
907 2214 938 2268 et
967 2208 1065 2268 mundi
1095 2206 1268 2268 distantiam
1306 2205 1458 2268 niteretur
1495 2224 1635 2270 excusam.

299 2294 421 2367 Quare
446 2304 568 2356 coactns
592 2295 786 2356 Ptolemaeus
809 2303 950 2375 puuctum
981 2297 1138 2376 aequantis
1163 2294 1339 2370 introducit,
1368 2313 1432 2357 rem
1456 2297 1550 2378 plane
1572 2296 1636 2377 phy·

298 2386 409 2459 sicam,
442 2384 469 2445 si
498 2385 573 2446 bene
606 2386 830 2446 considerasset
859 2404 925 2446 eam
958 2392 1071 2447 auctor.
1119 2382 1304 2464 Copemicus
1336 2382 1508 2447 abhorrens
1532 2386 1571 2448 ab
1590 2384 1636 2447 hat

298 2473 513 2554 inaequalitate
536 2473 669 2554 physica,
694 2494 780 2554 quam
804 2474 931 2554 putabat
955 2474 1106 2554 indignam
1130 2474 1254 2535 coelesti
1275 2479 1394 2544 natura,
1417 2472 1636 2537 transformarit

299 2570 476 2644 aequantem
500 2563 529 2623 in
552 2563 737 2644 epicyclinm,
762 2563 885 2642 gavisus
909 2563 938 2624 in
963 2562 1157 2624 luminaribus
1180 2581 1254 2643 opus
1278 2561 1329 2623 illo
1353 2582 1411 2624 non
1437 2583 1520 2626 esse.
1569 2562 1637 2628 can

298 2654 396 2717 lector
419 2651 620 2725 confundaris,
645 2672 702 2712 non
727 2663 774 2712 est
796 2648 867 2712 milri
899 2672 997 2713 sermo
1023 2653 1059 2712 de
1082 2660 1252 2713 menstruae
1281 2651 1515 2731 inaequalitatis
1538 2670 1637 2733 aequa·

298 2741 378 2806 torio
400 2749 530 2822 puncto,
565 2741 642 2820 quod
675 2742 735 2802 ecio
759 2741 966 2803 Ptolemaeum
997 2741 1182 2802 adhibuisse.
1230 2742 1274 2803 De
1302 2741 1399 2820 prima
1431 2742 1638 2824 inaequalitate

299 2832 413 2913 loquor,
438 2848 514 2909 quae
539 2849 557 2890 a
580 2838 732 2892 menstruo
755 2830 879 2892 circuitu
907 2839 1041 2911 tempore
1075 2829 1264 2892 discemitur.
1310 2830 1398 2892 llanc
1427 2832 1525 2909 igitur
1546 2830 1638 2894 Ptele-

298 2939 403 2983 maeus
426 2937 590 3000 perunum
615 2920 778 3000 epicyclum
809 2920 966 2981 excusavit
996 2940 1121 3001 eumque
1145 2927 1259 2980 tantum
1283 2919 1408 2993 statuit,
1441 2930 1477 2984 ut
1500 2920 1639 2983 sufficeret

299 3012 357 3073 toti
381 3008 560 3089 aequationi.
609 3006 792 3087 Copemicus
825 3010 1020 3070 mutationem
1046 3010 1090 3071 illi
1113 3008 1284 3070 nonnullam
1315 3009 1440 3084 attulit,
1473 3010 1528 3072 sed
1553 3010 1595 3072 ita
1613 3020 1639 3069 nt

299 3100 407 3162 iisdem
429 3097 584 3178 principiis
608 3098 790 3172 inhaereret,
820 3107 935 3159 tautum
960 3116 1028 3159 esse
1052 3107 1190 3177 oportere
1214 3097 1394 3178 epicyclum,
1428 3109 1550 3180 quauta
1570 3112 1639 3161 esset

301 3187 440 3268 aequatio
470 3185 574 3266 quovis
605 3193 748 3266 tempore.
797 3186 898 3258 Quare
923 3188 981 3267 etsi
1010 3186 1185 3269 epicyclium
1218 3186 1372 3265 adjunxit,
1402 3208 1464 3269 qno
1493 3187 1639 3269 primariae

301 3276 450 3359 epicyclus
475 3282 634 3353 augeretur
657 3275 704 3336 rel
728 3275 925 3350 minueretur,
950 3295 986 3338 eo
1009 3286 1108 3338 tamen
1134 3277 1243 3338 nullam
1274 3276 1435 3354 primariae
1462 3275 1639 3360 aequatiouiv

300 3374 417 3446 partem
448 3363 609 3444 expedivit.
655 3365 733 3427 Nam
769 3365 839 3426 illud
864 3367 902 3426 ad
927 3376 1108 3428 menstruam
1132 3365 1345 3445 aequalitatem
1381 3376 1507 3446 spectat
1534 3376 1568 3429 et
1588 3366 1640 3427 rica

300 3452 478 3519 Ptolemaici
509 3453 653 3515 menstrui
673 3454 843 3534 'aeqrrantis
877 3456 1017 3534 fungitur.
1064 3453 1172 3517 Adhuc
1202 3473 1274 3534 crgo
1303 3452 1493 3535 Copemicus
1526 3456 1640 3538 primam

302 3543 547 3623 inaequalitatem
569 3562 623 3622 per
655 3542 748 3604 solam
783 3552 950 3606 ceutronum
974 3544 1149 3606 distantiam
1173 3545 1240 3615 (seu
1273 3544 1457 3626 epicyclum)
1489 3544 1640 3628 expedivit

302 3633 425 3694 exclusa
447 3651 540 3693 causa
563 3632 704 3714 physica;
729 3653 787 3713 quo
811 3634 926 3694 nomine
951 3643 981 3694 et
1005 3634 1061 3713 ipsi
1089 3631 1180 3694 nimia
1203 3632 1231 3693 iu
1257 3632 1426 3695 differentia
1451 3644 1527 3697 sunt
1549 3636 1640 3697 Lunae

302 3742 322 3783 a
343 3723 437 3783 Terra
460 3721 632 3795 distantiae,
657 3723 780 3802 proinde
801 3731 832 3784 et
847 3723 984 3784 diametri
1009 3722 1639 3803 111111111111111111111111111111111111

303 3810 404 3893 Tycha
430 3809 586 3890 Copernici
620 3811 749 3889 uestigia
780 3813 893 3891 pressit
924 3831 1017 3892 nsque
1050 3812 1088 3873 ad
1120 3830 1228 3873 annum
1263 3806 1354 3874 1600.
1401 3813 1485 3874 Nam
1516 3814 1563 3875 illi
1593 3812 1639 3873 dno

304 3899 446 3983 epicycli,
478 3918 601 3979 quorum
639 3900 764 3961 alterius
797 3902 943 3963 diameter
982 3902 1126 3964 statuitur
1160 3896 1281 3973 11000,
1316 3901 1443 3962 alterius
1472 3898 1585 3965 12000
1604 3899 1639 3970 (ia

303 3988 422 4070 paginis
445 3989 639 4067 Witebergae
663 3990 752 4050 editis
776 4011 804 4052 a.
828 3988 926 4063 1500)
950 4010 1029 4053 mere
1054 3988 1251 4071 Copernicani
1276 3998 1361 4063 suut;
1387 3990 1503 4052 residui
1532 3990 1589 4052 dno
1609 3984 1638 4047 ad

304 4097 397 4141 novas
416 4096 470 4138 uec
490 4098 509 4137 a
525 4079 675 4139 veteribus
692 4080 917 4141 animadversas
942 4081 1173 4161 inaequalitates
1199 4079 1364 4141 reseruntur
1384 4079 1519 4161 nihilque
1543 4076 1637 4141 habeat

304 4186 370 4229 cum
393 4166 488 4246 prima
511 4167 725 4247 inaequalitate
750 4169 928 4230 courmercii.

393 4252 480 4327 Quod
505 4264 604 4317 autem
629 4256 820 4320 Christianus
835 4258 981 4332 Severini,
1006 4257 1090 4337 cujus
1114 4276 1206 4336 opera
1220 4256 1321 4339 Tycho
1345 4256 1374 4317 in
1400 4256 1512 4320 ultima
1533 4270 1637 4319 corree-

303 4343 386 4406 tions
409 4364 480 4405 usus
502 4352 559 4418 est,
588 4345 618 4406 in
640 4345 767 4426 primam
789 4365 904 4431 quoqne
935 4346 1179 4426 inaequalitatem
1208 4354 1385 4426 aequantem
1409 4345 1581 4410 introduxit
1596 4362 1637 4405 aer

306 4451 386 4495 more
411 4430 616 4513 Copemicano
646 4435 840 4518 epicyclium:
878 4434 909 4499 id
939 4437 964 4498 si
996 4436 1024 4496 iu
1056 4436 1171 4497 Lunam
1202 4445 1334 4498 statuere
1366 4434 1457 4498 nefas
1494 4432 1638 4498 arbitraria

305 4521 457 4602 vallesque
483 4542 541 4584 uon
572 4544 639 4585 esse
670 4524 782 4589 iactum
804 4544 824 4587 a
845 4526 1005 4611 Tychone,
1030 4524 1100 4585 mihi
1131 4524 1305 4587 adscribitn.
1351 4525 1432 4587 Nam
1457 4545 1495 4588 eo
1517 4536 1638 4603 tempore

307 4609 480 4672 Christiano
503 4620 534 4674 et
548 4622 702 4695 spectator
725 4622 757 4675 et
775 4622 881 4679 auctor
903 4614 945 4677 lhi
969 4615 1007 4675 ad
1028 4614 1056 4674 id
1074 4614 1250 4677 audendum.
1288 4613 1330 4675 Et
1353 4635 1427 4676 sane
1452 4634 1512 4677 nou
1536 4622 1637 4675 11111111

306 4697 337 4758 in
360 4707 441 4761 motu
473 4701 667 4781 longitudinis
699 4703 856 4782 plurimum
880 4702 1053 4767 Christiano
1084 4722 1132 4765 res
1161 4700 1225 4764 ista
1253 4703 1384 4785 proluit,
1420 4706 1475 4765 sed
1499 4697 1636 4765 etiamad

307 4788 478 4865 parallaxes
501 4791 633 4871 apprime
656 4793 714 4854 suit
736 4794 899 4855 commoda.
938 4795 1065 4873 Semper
1089 4811 1167 4874 aqua
1188 4793 1342 4867 haerebat,
1366 4793 1574 4874 parallaxibus
1596 4800 1636 4849 aut

308 4877 541 4963 amnentur
572 4880 730 4967 hypothesi
761 4890 814 4947 aut
842 4882 902 4945 sibi
932 4902 990 4951 unu
1023 4881 1239 4949 constantibus.
1285 4881 1421 4947 Tandem
1449 4883 1501 4946 ubi
1523 4880 1636 4944 animun
