3374 5528
615 296 822 352 ΝΜ*
859 296 1001 367 &mn
1403 294 1479 369 ’220

128 492 148 536 s
167 471 280 550 lere,
295 480 328 537 et
344 481 379 537 ut
391 472 558 555 perellnris
576 475 646 556 plus
660 475 758 539 veriet
769 475 880 545 Mortis
890 460 1089 553 latitudinem,
1104 496 1195 559 quem
1207 477 1284 541 hsnc
1297 478 1337 541 sb
1351 474 1480 544 Arcturo

129 560 317 627 distentinm.
363 564 399 626 Id
422 571 525 627 sutem
548 573 582 628 nt
603 564 794 646 perexiguum
827 567 857 629 iu
884 566 992 648 mejeri
1021 574 1105 630 metu
1127 567 1377 632 dissimulandum
1399 569 1480 633 duxi.

129 648 283 715 Observet
303 652 355 735 qui
378 653 582 717 subtilioribus
606 653 770 717 instructus
792 663 852 718 est.

215 741 286 804 Jsru
307 742 338 803 in
363 751 471 824 qnsrts
493 743 540 806 die
563 743 637 804 nihil
660 743 741 807 eliud
764 744 884 811 videtur
906 744 969 824 egi,
994 762 1082 827 quem
1105 744 1220 809 destrui
1248 745 1345 809 omnis
1374 747 1479 826 peral-

129 829 206 893 lsxie
230 839 269 902 0⁸.
303 829 458 894 Distentis
480 831 509 893 in
533 832 697 895 meridiano
721 833 824 896 debuit
845 852 912 894 esse
936 828 1000 897 29·
1020 827 1097 918 9'l,‘
1120 835 1319 897 instrumento
1334 845 1478 911 correcto,

129 936 199 1000 ergo
226 914 423 985 ritiosc29⁰
447 915 508 983 140.
554 923 600 983 At
620 920 745 983 invente
767 917 829 986 290
853 916 949 1005 130120
972 921 1091 996 ultimo,
1123 942 1191 986 cnm
1213 916 1308 1004 major
1331 942 1399 987 esse
1422 925 1479 988 de·

129 1009 193 1072 buit
213 1008 381 1090 percelleris
404 1009 572 1073 latitudiuis
596 1009 638 1084 (si
661 1029 719 1092 qus
741 1013 840 1086 esset)
863 1018 897 1073 et
918 1029 972 1091 per
994 1012 1072 1074 beno
1095 1013 1193 1094 major
1215 1013 1253 1076 ab
1273 1012 1404 1076 Arcturo
1429 1013 1478 1076 di-

129 1098 253 1161 stentis.
307 1099 359 1162 Ab
388 1117 424 1161 eo
452 1098 544 1178 igitur
566 1107 718 1179 ternpore,
749 1118 806 1182 quo
829 1108 856 1171 0·
878 1100 918 1162 od
941 1101 1130 1163 altitudinem
1151 1101 1236 1163 venit
1262 1097 1332 1178 190,
1357 1101 1480 1165 invente

129 1195 176 1251 est
202 1183 266 1252 290
289 1181 395 1270 12000,
418 1189 505 1252 unico
528 1188 668 1269 scrupulo
691 1189 860 1253 auctioris
882 1189 958 1252 fine:
982 1209 1058 1270 quse
1082 1190 1242 1253 admodum
1266 1190 1374 1271 erigus
1396 1199 1480 1254 esset

129 1277 307 1359 percellaris.
352 1278 395 1340 Et
417 1296 494 1356 ques
513 1272 593 1339 haec
615 1278 716 1341 ratio?
762 1275 837 1341 Ourn
866 1285 950 1341 esset
972 1280 1052 1341 altus
1076 1274 1115 1342 90
1137 1280 1334 1353 (culminsute
1356 1279 1477 1363 Hydra)

129 1366 277 1429 dictumst
297 1365 355 1428 init
377 1361 439 1431 290
461 1364 504 1441 90,
528 1366 638 1429 vitioso
662 1366 878 1443 instrumento,
902 1375 934 1429 et
956 1375 1057 1430 tumen
1080 1366 1112 1429 in
1135 1368 1331 1444 refractione,
1354 1377 1425 1451 poet
1448 1370 1478 1432 in

129 1454 181 1519 ult.
204 1449 267 1519 25⁰
288 1464 322 1518 et
342 1474 437 1537 prope
459 1456 502 1519 M.
528 1453 564 1519 0.
589 1474 706 1518 rursum
729 1449 791 1520 290
812 1453 855 1527 90,
879 1456 968 1538 idque
991 1458 1038 1520 bis
1061 1456 1190 1520 diversis
1213 1457 1382 1520 momentis.
1427 1459 1478 1523 Au

129 1544 200 1607 nibil
223 1542 272 1607 bie
295 1544 437 1608 retractio
459 1544 560 1625 potuit
581 1544 678 1620 initio,
703 1552 738 1607 ut
759 1552 905 1607 constans
922 1546 990 1609 ideo
1008 1546 1278 1609 meuseritsrcus?
1314 1547 1477 1626 Anpotius

129 1632 295 1703 dicendum,
319 1654 366 1696 me
391 1642 472 1707 (cum
496 1632 570 1696 mihi
592 1634 711 1696 viderer
730 1633 997 1714 diligentissimus)
1011 1654 1130 1698 erresse
1149 1635 1362 1699 observando?
1384 1654 1476 1718 prse-

129 1722 231 1785 sertim
259 1723 299 1784 ob
321 1723 447 1806 cylindri
471 1723 696 1804 longitudinem.

212 1810 262 1874 Ex
293 1811 341 1874 bis
373 1822 474 1874 temen
499 1811 751 1893 quelibuscuuque
776 1810 1037 1875 observationibus
1060 1819 1175 1893 eertum
1199 1812 1341 1886 efficitur,
1372 1813 1477 1893 perel-

129 1901 211 1965 luxes
245 1901 464 1972 lstitudinisd
495 1910 578 1964 certo
606 1920 664 1963 nou
696 1901 788 1963 fuisse
818 1902 948 1980 majores
978 1896 1020 1977 l‘,
1045 1909 1189 1983 quantum
1213 1901 1403 1965 instrumenti
1427 1903 1476 1964 in-

129 1990 279 2057 certitudo
313 1999 459 2070 oceupst:
488 1990 680 2064 credibilius,
715 1991 804 2054 vslde
837 1989 962 2069 exiguas
993 2008 1073 2053 esse.
1119 1991 1204 2053 Infra
1236 1990 1335 2072 capite
1358 1990 1475 2055 LXIV.

129 2080 255 2143 hebebis
280 2080 369 2160 hujus
392 2077 436 2142 rei
458 2081 546 2161 plura
568 2087 755 2159 arguments.

213 2169 293 2232 Esse
311 2187 383 2232 vero
398 2168 570 2251 persllexes
583 2169 695 2231 Martis
708 2168 839 2247 majores
858 2166 1063 2247 perallsxibus
1078 2166 1170 2244 Solis,
1193 2168 1397 2249 hypotheseos
1413 2167 1476 2252 Ty-

129 2259 311 2323 rbonicseet
320 2256 545 2340 Oopemicense
561 2258 639 2320 rstio
654 2258 763 2338 arguit,
778 2275 817 2319 ex
831 2276 890 2337 qua
906 2257 993 2319 focile
1003 2257 1296 2337 Martispsrollexes
1311 2259 1477 2338 computari

129 2357 261 2430 possent,
284 2348 311 2411 si
335 2349 372 2410 de
387 2347 468 2411 Solis
489 2347 639 2430 parallsxi
653 2347 729 2409 certi
744 2348 887 2409 essemus.
918 2345 969 2408 An
978 2346 1071 2425 igitur
1089 2347 1204 2410 incerta
1218 2355 1267 2410 est
1280 2347 1370 2417 totio,
1391 2344 1474 2409 Solis

129 2437 320 2501 ultitudinem
343 2445 375 2499 et
396 2437 569 2517 psrsllexes
593 2456 631 2498 ex
654 2436 817 2516 eclipsibus
840 2435 1009 2515 indagare?
1032 2432 1195 2509 ·Omuino,
1219 2437 1296 2518 quod
1320 2435 1476 2517 quontita-

129 2538 202 2602 tem,
231 2526 321 2607 paulo
344 2526 495 2602 incertior,
519 2526 598 2607 qnod
620 2544 682 2588 rem
710 2526 807 2605 ipsam
830 2526 949 2600 attinet,
974 2523 1153 2591 certissime.
1189 2527 1257 2589 Nou
1279 2532 1330 2588 est
1349 2524 1405 2589 Sol
1427 2525 1476 2586 vi-

129 2616 219 2680 cinior
243 2612 309 2679 230
332 2615 563 2677 semidiametris
586 2615 715 2690 Terrae,
750 2633 807 2677 nou
839 2623 941 2677 temon
967 2611 1093 2677 infinitis
1123 2615 1354 2677 semidiametris
1376 2614 1474 2679 abest.

129 2707 170 2769 st
199 2705 280 2767 inter
306 2701 372 2768 700
404 2712 434 2766 et
457 2701 546 2769 2000
568 2704 807 2785 semidiametros
831 2705 971 2784 (querum
996 2721 1178 2767 summorum
1200 2704 1254 2767 ills
1275 2704 1305 2766 iu
1327 2703 1475 2787 Mysterio

129 2813 189 2857 meo
214 2792 482 2874 Goemographim,
505 2793 579 2855 bueo
602 2793 632 2855 in
655 2792 916 2857 observationibus
939 2791 1093 2872 eclipeium
1115 2812 1170 2874 pro
1194 2793 1282 2856 metis
1305 2793 1416 2856 citimis
1444 2802 1476 2854 et

129 2883 238 2947 ultimis
279 2883 458 2958 odemutur)
503 2883 633 2945 nondum
663 2882 782 2944 videtur
809 2892 909 2945 certus
925 2881 1050 2963 <aliquis
1081 2901 1220 2946 numerus
1252 2883 1474 2945 demonstratus

129 2977 220 3049 [comp.
238 2980 275 3034 11.
297 2975 378 3048 778),
401 2972 487 3035 utin
510 2971 723 3053 Hipparcho
746 2989 813 3034 meo
834 2971 979 3052 probabo.
1088 3030 1097 3046 ,

715 3200 889 3213 ψ

681 3376 801 3480 Caput
824 3376 914 3455 XII.

518 3538 723 3624 Incestigotio
748 3538 905 3607 nodorum
926 3540 1080 3606 Martis.

210 3685 320 3766 Igitur,
344 3685 404 3747 etsi
426 3703 484 3747 nou
508 3683 618 3747 desunt
640 3678 821 3747 adminicula
843 3682 1046 3764 investigandi
1071 3685 1259 3764 planetarum
1279 3681 1406 3762 primam
1424 3683 1473 3746 in-

129 3775 342 3857 requslitstem
364 3792 419 3854 per
441 3773 677 3847 observationes,
701 3771 794 3836 etiam
817 3790 883 3835 cum
906 3782 977 3836 sunt
990 3773 1128 3854 impliciti
1144 3771 1354 3853 inaequalitati
1363 3791 1472 3835 seeun-

129 3865 195 3928 dee:
226 3882 336 3944 sequar
367 3872 467 3926 temen
495 3862 552 3925 hec
584 3863 716 3925 secunda
742 3870 828 3943 perte
852 3869 1006 3925 suetorum
1029 3861 1161 3944 vestigia
1188 3868 1220 3923 et
1242 3860 1472 3923 observationes

129 3952 316 4036 ὶιρωνχιονς
330 3952 400 4014 lidei
423 3950 580 4016 iaciendos
595 3971 700 4028 censs,
724 3971 791 4014 oum
813 3951 944 4031 ipsorum
967 3952 1088 4032 plecitis
1103 3951 1205 4033 sliqus
1226 3948 1379 4013 contraris
1400 3969 1472 4031 pro·

129 4042 220 4119 henr,
245 4060 283 4104 ue
306 4041 373 4122 quis
395 4059 443 4103 me
464 4049 536 4122 post
558 4042 679 4104 dumeta
701 4039 841 4122 propriae
864 4041 997 4103 methodi
1021 4041 1144 4105 latitare
1167 4040 1312 4103 clamitet.

209 4131 342 4194 Etcum
368 4131 433 4212 jem
465 4132 612 4211 patuerit,
643 4128 717 4194 nihil
740 4130 770 4191 in
793 4129 997 4211 persllexibus
1020 4130 1130 4194 Mertis
1154 4130 1267 4193 diurnis
1290 4149 1309 4191 e
1332 4126 1471 4212 Tychoue

129 4220 276 4303 usurpetis
299 4220 465 4284 desiderari
486 4239 586 4301 posse,
611 4220 688 4301 qnod
711 4220 753 4282 sit
775 4219 901 4298 alicujus
923 4221 1074 4295 momenti,
1098 4219 1245 4302 psulstim
1268 4216 1411 4283 accedam
1432 4216 1471 4278 ad

129 4310 329 4375 reductionem
351 4310 483 4373 locomm
506 4308 637 4373 visorum
659 4309 769 4372 Mortis
792 4308 831 4370 ed
850 4307 931 4371 Solis
954 4317 1148 4390 apparentem
1171 4310 1269 4373 locum
1291 4307 1469 4388 oppositum.

210 4398 364 4481 Principio
394 4398 482 4461 nobis
514 4407 563 4462 est
595 4418 669 4480 opus
701 4397 869 4478 cognitione
902 4397 1055 4462 nodorum.
1111 4400 1176 4462 Hos
1200 4397 1328 4480 Tycbo
1351 4394 1469 4460 Brsbe

129 4490 168 4554 rio
189 4488 302 4552 solitus
324 4497 373 4551 est
394 4487 587 4567 investigere.

214 4578 270 4643 Sit
290 4579 322 4642 A
344 4584 410 4653 (rig.
430 4582 475 4650 tt)
497 4577 585 4643 ῑοοω
605 4576 694 4652 nodi,
717 4575 744 4637 Ε
766 4574 855 4640 locem
873 4573 1019 4658 planetae
1040 4579 1075 4642 io
1091 4574 1238 4659 ecliptico
1259 4590 1341 4636 creso
1365 4564 1469 4648 1595,

129 4665 270 4733 cloec
295 4665 447 4753 planctu
476 4668 564 4732 visos
593 4667 650 4731 ereb
679 4661 1306 4743 ficieio17⁰56‘5“b,EGoisa
1334 4658 1469 4725 lctibedo

129 4752 164 4823 00
184 4754 220 4825 50
245 4754 361 4822 15000.
406 4756 462 4821 Pr
717 4761 824 4819 omero
853 4753 989 4840 mles
1009 4753 1094 4820 EAG
1117 4771 1213 4835 meam
1234 4752 1383 4837 proiciens
1405 4764 1472 4815 esee

129 4841 166 4911 l·
185 4840 297 4931 90000,
321 4855 444 4930 guum
463 4852 510 4913 est
583 4846 592 4863 ‘
685 4846 833 4912 muium
850 4846 918 4910 bor.
937 4845 1051 4911 itidem
1071 4845 1234 4911 obeowto
1254 4860 1337 4907 meo
1359 4834 1468 4906 1585.

203 4952 426 5005 [wimm-
1227 4946 1258 5004 lb
