3368 5534
673 1178 676 1184 ’
779 1225 870 1298 aa
921 1225 1075 1300 anre
1100 1227 1146 1300 ι.

845 1361 888 1426 (a.
907 1363 969 1417 no.
992 1362 1082 1430 ιιιι.)

374 1669 522 1732 Assumta
544 1665 601 1729 hac
624 1667 834 1750 aequatiouum
858 1667 1028 1752 hypothesi,
1053 1648 1130 1752 quod
1152 1678 1289 1752 tempora
1304 1668 1452 1749 graduum
1467 1670 1628 1753 aequalina

288 1760 350 1821 sint
372 1758 410 1821 ad
435 1756 563 1820 invicem
585 1763 620 1818 ut
643 1757 806 1820 distantiae
830 1779 849 1821 a
871 1758 992 1822 virtutis
1015 1760 1112 1834 fonte,
1137 1760 1196 1821 erit
1218 1758 1302 1821 sinus
1324 1758 1520 1840 aequatiouia
1541 1758 1629 1823 maxi·

288 1866 356 1910 mae
379 1845 581 1911 dimidiaudus
604 1864 658 1926 pro
683 1847 917 1910 eccentricitate.
963 1849 1023 1911 Est
1045 1858 1146 1910 autem
1169 1848 1253 1910 sinus
1277 1846 1469 1929 aequationis
1492 1850 1629 1912 maximas

278 1937 319 2013 ,iu
343 1935 459 2018 copulis
483 1931 580 1999 8672.
626 1934 708 2014 Ergo
733 1936 940 1998 eccentricitas
964 1938 1046 1999 orbis
1073 1932 1174 2011 4336,
1206 1955 1281 2018 quae
1310 1935 1399 1998 efficit
1428 1938 1630 2018 aequationem

290 2025 449 2088 ecceutrici
472 2020 511 2086 2⁰
531 2020 585 2087 29⁴
606 2020 688 2098 20“;
712 2025 852 2105 aequatio
876 2044 946 2087 vero
970 2026 1128 2108 aequantia
1152 2035 1200 2089 est
1222 2025 1325 2087 itidem
1348 2021 1387 2086 2⁰
1409 2023 1466 2090 29⁴
1489 2022 1569 2091 20⁴⁴.
1603 2028 1628 2090 It

289 2114 481 2199 quadraturis
506 2122 554 2174 est
576 2114 734 2194 sequentis
758 2115 898 2194 aequatio
928 2117 1063 2195 praeciae
1091 2115 1199 2196 dupla,
1228 2133 1271 2176 sc.
1293 2110 1333 2177 4ο
1354 2110 1408 2178 58’
1432 2112 1513 2191 40”,
1545 2125 1579 2178 ιιι
1597 2117 1630 2176 sit

288 2211 357 2268 tota
381 2201 419 2266 7⁰
442 2200 505 2268 28¹.
551 2203 616 2263 Hac
641 2204 741 2282 itaque
766 2204 881 2264 ratione
904 2197 1240 2285 speculatio'conaiuua
1264 2203 1367 2266 oritur
1415 2202 1565 2269 Centrum
1586 2224 1628 2267 ae·

288 2293 411 2400 quantis
435 2292 513 2354 euim
537 2291 565 2352 iu
590 2290 779 2372 quadraturis
803 2292 894 2372 duplo
918 2293 1025 2356 altius
1037 2313 1105 2357 ease
1133 2301 1330 2356 censetura
1345 2299 1450 2356 centro
1480 2291 1629 2357 ecceob'ld

288 2385 319 2447 in
342 2382 418 2446 locis
442 2379 639 2457 intermediis,
663 2400 739 2462 quae
754 2390 803 2443 eet
816 2384 970 2484 proportio
989 2383 1072 2445 sinus
1091 2383 1292 2464 elongationis
1313 2401 1331 2444 a
1350 2381 1502 2445 diametro
1526 2379 1582 2461 (Θ
1595 2383 1629 2458 6)

290 2472 369 2535 ad'
345 2491 440 2534 aruum
456 2480 561 2545 totum,
585 2430 690 2531 eadem
713 2470 901 2551 aequatiouis
924 2472 1033 2534 tertiae
1057 2472 1189 2547 (dicatur
1212 2472 1291 2534 euim
1315 2472 1474 2535 eccentrici
1500 2471 1628 2555 aequatio

288 2562 395 2665 prima,
420 2558 579 2641 aequantia
597 2559 737 2634 secunda,
761 2560 950 2640 pbasmatum
974 2561 1080 2635 tertia)
1104 2562 1143 2624 ad
1161 2561 1371 2643 aequationem
1386 2562 1564 2624 secundam
1595 2558 1629 2623 Tt

290 2651 383 2732 igitur
407 2649 548 2731 aequales
572 2655 642 2710 suut
664 2649 761 2729 prima
775 2658 806 2711 ct
824 2649 956 2711 secunda
970 2651 1120 2731 aequatio,
1146 2652 1190 2714 ita
1212 2651 1303 2713 etiam
1327 2651 1461 2712 secunda
1485 2660 1520 2712 et
1543 2650 1628 2713 tertia

288 2739 496 2820 Aequatioues
520 2745 620 2800 autem
644 2756 701 2799 non
725 2739 854 2800 maxime
877 2757 915 2800 ex
939 2758 993 2801 suo
1016 2759 1125 2820 genere
1144 2748 1332 2804 censeantur.
1369 2738 1449 2802 Nam
1471 2739 1504 2802 iu
1529 2758 1629 2822 aeqaa·

290 2829 424 2893 tionibus
448 2827 524 2890 solis
547 2827 730 2908 disputatum
755 2834 812 2902 est,
838 2847 877 2889 au
900 2829 1018 2891 mediae
1042 2840 1180 2893 secentur
1203 2847 1314 2892 omues.

378 2918 496 2981 Aliter:
521 2916 671 2978 bisecetur
694 2916 918 2996 quadrantalis,
942 2926 974 2980 et
995 2918 1128 2998 prodibit
1152 2917 1292 2981 dimidius
1315 2916 1397 2980 sinus
1422 2910 1533 2994 (Μ).
1555 2935 1631 2982 arua

291 3005 330 3072 3·
352 3005 424 3082 44’;
454 3005 606 3109 copularis
628 3001 668 3067 4ο
690 3003 744 3069 58⁴
767 3000 849 3080 40’,’
879 3006 940 3067 dili.
975 3005 1010 3070 1⁰
1035 3005 1085 3072 14
1109 3005 1183 3083 40”,
1215 3007 1336 3088 triplum
1359 3001 1400 3069 3ο
1420 3003 1488 3071 Μ’.
1536 3008 1630 3089 [uqa

290 3117 347 3180 quo
370 3097 467 3158 miuus
491 3095 519 3156 iu
545 3095 728 3167 (diametris)
758 3088 873 3176 caprilis
903 3115 1002 3158 morae
1033 3106 1134 3159 esseut
1163 3106 1194 3158 ut
1226 3096 1407 3170 distantiae,
1444 3115 1519 3198 pars
1552 3094 1631 3160 tertia

291 3186 425 3267 praecise
456 3186 595 3253 deesset,
627 3192 712 3245 tanto
743 3203 785 3246 sc.
816 3193 898 3246 esset
920 3186 1009 3247 solito
1038 3186 1168 3248 velocior
1191 3186 1277 3248 Luna
1300 3205 1428 3246 versans
1452 3185 1483 3247 in
1508 3185 1631 3249 virtuosa

293 3276 451 3339 diametro.
497 3275 589 3336 Forte
614 3292 667 3334 nec
690 3273 777 3334 boc
769 3275 983 3336 inconcinnum.
1182 3326 1185 3334 .

381 3364 483 3426 Aliter
514 3361 616 3424 tertio.
663 3360 807 3425 Centrum
838 3364 997 3435 ecceutrici
1030 3383 1099 3425 vere
1128 3362 1266 3425 discedat
1295 3382 1314 3422 a
1341 3371 1445 3424 centro
1469 3360 1630 3424 Taurasia

293 3453 499 3536 quadraturis,
528 3452 638 3530 fiatque
662 3452 753 3514 altius
776 3460 862 3534 parte
887 3453 986 3514 tertia.
1032 3451 1080 3515 Sit
1103 3454 1180 3514 enim
1204 3453 1232 3514 iu
1257 3452 1403 3513 diametro
1433 3447 1541 3521 4336.
1570 3450 1630 3513 ioris

293 3541 389 3608 6505.
435 3544 519 3606 Tunc
541 3539 638 3623 prima
660 3549 691 3602 et
714 3542 845 3604 secunda
868 3543 1006 3621 aequatio
1031 3540 1137 3622 ubique
1159 3541 1390 3615 bisecabuutur,
1420 3540 1540 3622 eritque
1561 3538 1631 3603 nulla

292 3633 393 3696 tertia.
440 3634 523 3695 Tunc
547 3650 620 3691 saue
644 3630 734 3692 etiam
766 3639 902 3692 octantcs
926 3631 1126 3709 juvabuntur,
1158 3632 1259 3693 forsan
1287 3638 1319 3691 et
1347 3627 1537 3692 latitudines.
1581 3625 1629 3692 Sed

294 3723 451 3785 considera
480 3721 602 3793 melius,
633 3719 761 3782 maxima
788 3720 995 3801 quadrantalis
1025 3721 1110 3800 ponit
1133 3728 1266 3782 contmm
1291 3719 1319 3779 in
1342 3718 1493 3779 diametro
1518 3715 1574 3796 (Θ
1587 3719 1629 3793 ὅ),

295 3810 511 3874 diametralis
504 3831 532 3872 m
556 3809 782 3891 quadrantibus.
828 3808 909 3888 Ergo
937 3817 1071 3872 centrum
1099 3808 1128 3870 iu
1157 3810 1303 3872 diametro
1327 3804 1383 3884 (Θ
1327 3810 1448 3883 (ὁ)
1473 3808 1582 3883 altum,
1605 3804 1628 3865 ἰι

295 3900 509 3983 quadrantibus
524 3898 643 3961 humile
680 3899 880 3960 Transeamus
903 3898 1128 3979 perspicuitatis
1152 3899 1251 3979 gratia
1274 3899 1312 3962 ab
1327 3896 1499 3960 ecceutrico
1522 3897 1552 3959 in
1574 3894 1627 3977 epi·

296 3990 420 4072 cyclum,
445 3989 595 4072 epicyclus
612 3996 733 4049 maneat
747 3987 922 4063 invariatus,
947 3989 999 4050 sed
1015 3997 1147 4051 ceutmm
1163 3987 1354 4060 couceutrici,
1378 3985 1500 4047 Luua
1491 4005 1522 4047 ιιι
1543 3982 1627 4063 torp

297 4078 399 4140 tudine
415 4078 513 4140 media
529 4088 559 4138 et
575 4077 766 4158 quadraturis
785 4085 934 4151 versante,
958 4078 1000 4138 sit
1022 4077 1050 4139 iu
1066 4077 1210 4141 diametro
1235 4073 1350 4154 (Θ)ὸ
1374 4094 1467 4177 supra
1490 4075 1540 4136 vel
1563 4072 1627 4137 iota

297 4168 430 4242 Terram,
455 4165 509 4229 sed
530 4168 616 4229 Luna
639 4176 779 4229 versante
804 4168 831 4228 iu
855 4167 1040 4246 longitudine
1063 4168 1162 4229 media
1184 4176 1216 4230 et
1238 4165 1394 4239 diametro,
1419 4163 1463 4226 sit
1484 4164 1516 4226 in
1539 4170 1627 4226 cem·

299 4257 419 4318 Terrae.
459 4257 537 4317 Nam
561 4265 591 4316 et
614 4268 716 4338 aestqs
740 4256 830 4318 maris
854 4256 964 4319 realem
988 4255 1127 4319 videntur
1150 4254 1467 4338 appropinquationem
1492 4251 1627 4337 requireit

300 4345 401 4417 (modo
425 4365 483 4407 nou
507 4353 539 4407 et
560 4345 720 4419 diurnam).
754 4345 900 4408 Similiter
914 4345 1001 4407 Luna
1016 4346 1044 4408 iu
1065 4364 1198 4428 apogaeo
1218 4356 1249 4410 et
1272 4342 1465 4426 quadraturis
1487 4350 1627 4409 versuum

300 4442 432 4497 ceuuum
455 4433 497 4497 sit
519 4455 609 4518 supra
632 4435 680 4497 vel
704 4435 781 4497 iufra
796 4438 920 4497 Terram
940 4435 968 4497 iu
991 4435 1136 4499 diametro
1161 4432 1216 4513 (Θ
1233 4438 1284 4512 6).
1322 4435 1400 4497 Nam
1416 4431 1493 4494 baec
1513 4429 1628 4495 elevatio

300 4523 341 4584 nil
364 4524 464 4587 variat
486 4525 704 4606 aequationem,
729 4543 804 4604 quae
824 4525 907 4588 nulla
922 4534 979 4588 est.
1018 4525 1080 4588 Sed
1095 4533 1177 4600 nota,
1201 4526 1257 4587 boc
1280 4532 1370 4606 pacto
1393 4541 1464 4583 vere
1488 4528 1628 4584 oetantun

301 4611 514 4694 inaequalitas,
539 4613 663 4676 variatio
687 4613 784 4688 dicta,
815 4615 844 4675 in
868 4614 1067 4695 quadraturas
1091 4613 1281 4686 redundabit,
1308 4613 1465 4693 possitque
1488 4612 1565 4673 forte
1585 4624 1628 4688 ptr

303 4698 391 4763 alium
415 4711 446 4762 et
469 4702 684 4766 couceutricum
708 4702 847 4765 circulum
871 4704 964 4765 centri
989 4703 1167 4766 couceutrici
1190 4704 1293 4766 Lunae
1316 4701 1398 4763 circa
1421 4699 1524 4765 Solem
1547 4715 1625 4762 excu-

304 4789 373 4859 sati.
418 4792 498 4877 Ergo
522 4792 673 4891 reqioietur
695 4793 769 4856 baec
791 4792 971 4875 permutatio
995 4794 1152 4858 ccceutrici
1176 4802 1206 4856 et
1229 4790 1365 4881 epicycli.
