3368 5534
542 334 605 389 Pasa
622 331 727 399 Quia
764 334 846 402 capsa
862 332 942 388 Lm.
1351 336 1417 408 395

61 528 161 593 neque
174 510 334 575 collimant
354 512 497 593 planetae
511 514 552 575 ad
574 514 611 576 B.
648 511 691 574 Et
714 513 758 575 sie
782 513 877 594 ipsum
901 515 927 577 B
952 515 1037 596 qnasi
1054 522 1189 579 eenmum
1202 518 1353 598 posterius
1369 528 1418 583 eet

60 601 130 683 ipso
160 599 272 664 itinere
295 599 362 667 OD.
408 600 442 665 Si
466 604 538 663 ve'ro
568 603 806 683 inspiceretur-a
828 604 968 684 planeta,
992 605 1075 684 prius
1104 615 1187 668 esset
1214 608 1280 686 ipso
1299 607 1416 671 itinere.

148 689 209 752 His
238 691 339 773 itaque
368 690 529 754 decausis
559 708 636 772 nego
668 690 789 754 sinum
815 711 964 755 versum
995 695 1210 757 anomaliae
1243 696 1419 759 eccentri

59 797 272 842 mensnram
303 778 599 843 subministrare
630 780 806 859 planetae
839 780 1069 844 librationis
1102 802 1205 858 suae,
1239 803 1298 847 neu
1332 785 1411 866 qnod

58 867 138 931 baec
158 886 304 931 mensura
325 886 384 932 nou
407 868 457 944 sit,
482 870 534 932 ssd
556 869 635 950 quia,
659 868 716 931 etsi
740 869 790 943 sit,
815 890 833 931 a
855 869 996 949 planetae
1026 879 1127 934 taumn
1159 880 1260 937 mente
1283 893 1343 935 neu
1365 894 1416 936 rc-

59 956 201 1039 apicitnr.
237 958 282 1021 At
304 956 332 1020 si
353 957 520 1039 augendam
543 967 575 1019 et
597 957 787 1021 minuendam
804 958 886 1023 Solis
909 959 1086 1023 diametmm
1109 962 1249 1040 planetas
1277 962 1416 1042 ponimus

58 1065 114 1126 pro
137 1046 240 1109 medio
255 1064 310 1109 aen
324 1046 520 1117 adminiculo,
537 1066 592 1128 per
605 1047 683 1128 quod
706 1047 746 1109 ad
763 1047 865 1127 justes
889 1057 920 1109 et
943 1068 976 1109 se
989 1049 1065 1129 ipsis
1088 1050 1341 1133 imperceptibiles
1364 1051 1414 1114 di-

57 1136 195 1199 stantiae
216 1136 282 1217 ipae
305 1136 516 1199 libationibus
540 1136 602 1199 suis
631 1135 784 1216 pervenit,
817 1137 943 1217 bnicqne
957 1138 1113 1200 >diametro
1138 1139 1220 1203 Solis
1252 1140 1415 1204 variandae

59 1244 97 1287 ex
111 1224 373 1289 demonstratione
395 1225 530 1305 proxime
553 1225 695 1306 expedita
711 1227 847 1306 regulam
865 1227 971 1288 demus
986 1234 1017 1288 et
1040 1245 1210 1290 mensuram
1233 1251 1253 1291 a
1275 1231 1416 1310 planetae
1529 1252 1532 1257 ·

59 1323 160 1377 mente
182 1312 407 1396 percipiendam
430 1315 610 1377 anomaliam
633 1314 762 1376 eccentri
787 1323 995 1395 coaequatam,
1026 1315 1056 1377 iu
1080 1317 1232 1379 schemate
1257 1318 1342 1384 DAC
1367 1319 1417 1381 vel

59 1403 163 1484 potina
187 1402 293 1469 KDA:
312 1403 492 1485 jam'igitnr
514 1413 629 1467 stamus
651 1403 773 1466 rectius.
811 1405 889 1467 Nam
911 1412 1038 1485 utraque
1062 1405 1150 1484 signa
1174 1416 1244 1469 aunt
1265 1407 1417 1488 percepti-

60 1490 152 1555 bilia:
177 1510 217 1555 ex
238 1499 324 1574 parte
347 1493 528 1567 librationis,
552 1508 691 1555 crescens
714 1499 746 1554 et
768 1494 946 1555 decrescens
968 1492 1143 1573 magnitudo
1165 1495 1303 1559 diametri
1316 1496 1415 1571 Solis;

61 1589 212 1662 exparte
234 1600 392 1644 mensurae
416 1601 469 1645 seu
493 1582 610 1662 auguli,
643 1583 703 1643 tria
725 1589 837 1661 puncta
858 1582 1035 1663 corporibus
1057 1583 1181 1647 vestita.
1226 1585 1305 1648 Nam
1332 1585 1365 1648 in
1385 1588 1417 1649 A

63 1672 128 1752 ipae
151 1668 206 1735 so
229 1678 288 1746 est,
311 1671 342 1733 iu
365 1673 394 1734 D
416 1671 549 1753 planeta,
572 1671 603 1734 in
626 1670 656 1733 K
678 1671 747 1746 tina,
772 1671 863 1732 index
885 1671 1006 1751 aphelii.

147 1760 305 1824 Fortassis
327 1758 427 1841 itaque
444 1760 600 1822 dicendum
619 1759 686 1836 crit,
710 1760 805 1840 (qnod
819 1760 936 1841 quidem
952 1760 1056 1841 etjam
1072 1779 1163 1841 snpra
1178 1780 1243 1842 cap.
1258 1761 1412 1838 XXXIX,

60 1849 160 1930 posito
184 1867 274 1920 eun,
306 1849 386 1931 quod
408 1858 533 1913 naturae
556 1850 637 1912 vires
663 1868 723 1911 uon
755 1849 901 1911 sufficiant
924 1849 1054 1913 motibus
1077 1849 1259 1913 coelestibus
1281 1850 1412 1915 admini-

61 1937 203 2014 strandis,
227 1956 329 2001 sumus
343 1937 488 2018 amplexi)
504 1939 644 2018 planetae
666 1939 810 1999 tributum
826 1957 893 2000 esse
917 1956 1038 2002 sensum
1061 1939 1136 2002 lueis
1159 1941 1287 2002 fixam
1307 1940 1408 2003 Solis-

62 2045 125 2110 que,
150 2027 238 2109 euius
258 2026 460 2090 radiationum
481 2047 627 2090 concursu
657 2027 736 2107 apud
759 2034 892 2089 centrum
919 2027 1079 2107 planetarii
1103 2029 1238 2108 corporis
1268 2030 1411 2110 angulum

61 2117 136 2181 bunc
157 2114 535 2198 anomaliaecoaeqnatae
558 2117 707 2179 aestimet.

145 2206 217 2271 Una
239 2204 307 2268 sola
328 2206 488 2268 difficultas
510 2215 559 2268 est
581 2205 785 2286 expedienda:
810 2222 899 2284 quam
922 2203 960 2266 ob
984 2222 1047 2266 rem
1068 2224 1129 2266 non
1151 2205 1200 2268 hie
1224 2206 1288 2284 ipse
1312 2224 1411 2287 augu-
1519 2234 1522 2240 ·

63 2294 105 2358 lua
134 2296 193 2358 ilat
221 2312 363 2358 mensura
388 2296 470 2376 operi
502 2294 687 2375 planciano,
719 2293 797 2375 quod
828 2300 877 2355 est
904 2292 952 2355 bic
983 2310 1093 2372 augere
1122 2293 1303 2357 diametrum
1326 2295 1409 2359 Solis

62 2384 184 2449 mese
205 2383 247 2446 ad
269 2382 383 2459 Solem,
406 2384 459 2446 sed
483 2400 537 2464 pro
560 2385 670 2464 angulo
693 2383 758 2463 cJus
782 2382 864 2444 siuns
888 2377 1064 2456 verens?*)
1107 2382 1150 2445 Et
1172 2382 1280 2464 quibus
1303 2383 1411 2446 mediis

63 2473 183 2553 planeta
204 2469 301 2535 sinum
323 2471 492 2536 anomaliae
515 2481 700 2555 coaequatae
729 2469 899 2551 percipiat?
942 2471 1052 2534 Utrum
1082 2470 1148 2551 ipse
1177 2491 1295 2553 qnoque
1327 2491 1410 2535 more

64 2561 212 2627 lominum
234 2561 441 2624 ratiocinando
464 2562 495 2624 iu
517 2562 708 2642 geometricis
731 2559 892 2640 proficiat?
915 2579 981 2623 cum
1003 2568 1104 2622 mmen
1128 2560 1243 2623 nullum
1266 2561 1411 2624 hactenus

63 2669 165 2716 munna
187 2658 289 2714 motus
307 2649 456 2714 coelestes
484 2650 715 2713 administrandi
739 2651 768 2712 in
790 2649 932 2729 planctae
955 2655 1085 2711 mentem
1108 2651 1306 2732 competierit,
1331 2649 1410 2732 quod

64 2758 118 2804 uon
139 2740 286 2805 instinctu
309 2739 421 2816 divine,
445 2740 514 2803 inde
538 2761 558 2802 a
581 2740 733 2821 primaevo
755 2756 855 2800 rernm
876 2738 997 2800 conditu
1019 2738 1077 2801 huc
1096 2759 1191 2822 usqne
1210 2741 1410 2822 pertingente,

65 2830 137 2895 citra
156 2828 422 2893 ratiocinationem
443 2831 537 2892 ullam
560 2829 635 2891 obiri
658 2835 772 2909 posset.

142 2917 356 3001 Repetendum
383 2918 485 3000 itaque
508 2937 546 2980 ex
572 2919 664 3000 paulo
688 2915 883 2998 supradictis,
917 2915 996 2996 quod
1019 2915 1102 2979 sinus
1125 2917 1293 2980 anomaliae
1317 2936 1408 2980 coae-

62 3016 167 3090 quatae
194 3007 238 3071 eit
266 3007 358 3070 index
383 3008 569 3071 fortitudinis
598 3007 774 3088 angulorum
806 3004 913 3080 ΚΒΑ,
946 3005 983 3064 de
1015 3004 1123 3086 quibus
1152 3006 1337 3068 Aristoteles
1376 3007 1408 3070 iu

62 3096 259 3167 ldeciranicis.
282 3103 315 3159 et
334 3097 392 3159 boc
415 3098 520 3160 eodem
543 3097 641 3176 eapite
664 3096 754 3176 paulo
778 3112 884 3174 supra
915 3094 995 3156 Nam
1018 3094 1076 3157 duo
1100 3094 1223 3158 brachia
1245 3095 1409 3159 commissa

61 3187 167 3270 augule
191 3185 299 3250 obtuso
322 3186 441 3249 facilius
465 3187 640 3266 diriguntur,
666 3202 755 3266 quam
785 3182 894 3263 angulo
917 3190 1017 3258 recto,
1049 3182 1138 3264 idque
1161 3182 1192 3245 in
1214 3184 1408 3267 proportione

62 3279 183 3340 sinuum.
228 3274 272 3338 m
301 3274 435 3338 vicissim
463 3276 522 3338 dno
555 3273 680 3338 brachia
710 3272 820 3352 angulo
852 3280 941 3334 acuto
976 3280 1188 3351 coagmentata
1226 3273 1345 3335 facilius
1377 3274 1408 3335 in

62 3384 146 3429 mam
166 3371 283 3428 rectam
304 3372 451 3445 coguntur
473 3362 621 3446 capitibus
644 3360 822 3442 conjunctis,
846 3380 934 3443 quam
956 3361 984 3423 si
1006 3361 1116 3441 angulo
1138 3370 1222 3424 recto
1245 3379 1408 3442 coagmen-

62 3461 202 3518 tarantur.
247 3454 364 3535 Repete
387 3453 673 3517 demonstrationem
696 3452 794 3532 ipsam
816 3469 854 3512 cx
876 3449 966 3530 paulo
990 3450 1173 3529 praemissis.
1372 3440 1376 3449 ’

144 3544 253 3626 Itaque
274 3560 334 3606 uuo
357 3545 455 3620 modo,
480 3545 506 3607 si
529 3547 664 3618 constet,
688 3542 840 3623 planetam
862 3539 972 3601 habere
996 3557 1118 3600 sensum
1142 3538 1328 3601 fortitudinis
1351 3559 1409 3600 an-

64 3634 204 3713 gulorum,
226 3630 301 3696 nibil
324 3631 383 3695 erit
404 3633 526 3696 absurdi
550 3631 576 3694 si
599 3631 733 3695 dicemus
757 3632 876 3703 (nosue
898 3628 1051 3690 hominum
1073 3629 1244 3709 conceptu),
1268 3627 1406 3690 innotes-

66 3732 126 3787 eete
146 3722 194 3786 illi
227 3722 312 3785 ainus
333 3722 518 3802 angulorum.
565 3722 611 3783 At
633 3741 685 3784 cur
715 3720 766 3781 ille
798 3716 976 3778 sentisceret
1001 3716 1169 3778 naturalem
1197 3716 1405 3779 fortitudinem

66 3811 257 3893 angulorum?
301 3809 448 3874 Nimimm
475 3810 514 3872 ad
537 3810 687 3872 naturalia
708 3805 890 3869 revolvimur
907 3803 1061 3886 principia.
1095 3804 1164 3868 Sint
1177 3805 1257 3869 enim
1272 3815 1306 3868 ut
1322 3806 1407 3888 prius

66 3906 171 3964 tactus
202 3899 280 3963 certi
305 3899 441 3979 eorporis
462 3897 640 3979 planetarii,
672 3896 779 3980 quibus
801 3894 875 3958 insit
902 3893 950 3956 vis
980 3892 1151 3974 magnetica
1172 3895 1347 3959 directionis
1375 3895 1406 3957 in

67 3987 181 4067 luem,
194 4006 283 4072 ¹qnae
303 3987 403 4050 tendit
423 3988 455 4052 in
477 3989 589 4053 Solem.
635 3986 685 4051 Sit
707 3993 808 4048 autem
825 3985 889 4066 jem
912 4002 987 4059 nou,
1015 3991 1050 4045 nt
1070 3983 1164 4065 prius,
1188 3992 1312 4047 naturae
1335 4004 1407 4047 cor-

10 4132 12 4137 '
68 4076 377 4244 ffieuppp
398 4072 1406 4247 {tilletqttlttt‘tttttttddtt,lt

206 4215 216 4244 a
495 4188 511 4231 θ
655 4212 663 4242 r
1387 4196 1405 4215 '¹

10 4404 12 4409 ¹
142 4406 172 4484 *)
190 4412 330 4469 Placetne
354 4427 445 4475 mens,
471 4408 603 4481 siquidem
629 4407 736 4461 intenta
760 4413 805 4461 cst
824 4407 859 4460 ad
884 4404 1038 4460 anomaliae
1065 4410 1236 4476 coaequatae
1261 4401 1402 4477 angulum,

71 4504 115 4547 toa
130 4491 263 4549 aestimat
288 4491 349 4562 ejus
368 4489 596 4563 magnitudinem,
626 4488 674 4543 sed
694 4486 789 4542 sinum.
810 4515 846 4527 -
887 4485 1115 4549 Quemadmodum
1134 4480 1221 4554 paulo
1241 4488 1306 4539 ante
1327 4484 1402 4539 sinna

72 4576 148 4629 metm
178 4570 335 4629 anomaliae
363 4569 484 4626 ementri
509 4563 568 4640 (vel
592 4567 619 4623 ei
638 4564 828 4637 respondentis
849 4558 1034 4637 coaequatae)
1055 4562 1108 4618 mit
1127 4563 1211 4618 index
1236 4562 1402 4619 fortitudinis

72 4646 224 4719 ibadam,
255 4651 331 4707 ainus
356 4669 421 4707 vero
441 4647 717 4706 versus·anomaliae
747 4644 865 4700 eccentri
885 4643 939 4700 buit
963 4645 1045 4699 index
1070 4644 1212 4698 coniectae
1237 4643 1400 4709 librationis,

73 4727 104 4785 ita
118 4732 161 4789 blo
184 4732 262 4790 ainus
286 4731 373 4805 ipsius
399 4729 553 4788 anomaliae
579 4733 749 4800 coaequatae
770 4732 814 4780 est
833 4725 917 4780 index
943 4724 1107 4788 celeritatis,
1136 4739 1191 4796 qua
1211 4725 1308 4779 crescit
1328 4725 1400 4780 Solis

73 4808 201 4879 tuear,
227 4811 305 4870 alum
325 4826 390 4868 vere
417 4824 513 4883 retent
541 4808 695 4864 anomaliae
720 4810 891 4878 coaequatae
912 4811 956 4860 eat
975 4805 1057 4859 index
1085 4802 1228 4877 augment
1248 4804 1309 4876 ,iam
1328 4820 1400 4861 cem·

10 4916 13 4981 ς
72 4893 150 4959 mli
167 4906 219 4966 pst
238 4906 333 4951 mu
353 4891 511 4948 calciam
531 4887 735 4945 auuaedentea.
