3368 5534
161 297 228 368 2³4
647 296 812 354 uenam·
831 296 926 353 sanae
942 296 1032 353 nas·

249 479 327 543 Hinc
348 477 464 555 videas,
487 477 598 541 nullam
612 478 730 540 omuino
745 478 774 541 in
792 478 907 542 usitato
921 479 1037 542 calculo
1056 480 1146 561 (puta
1162 476 1320 562 iullagiui
1332 476 1517 562 premeri-

162 570 266 644 dibus)
298 569 473 649 contingere
496 569 735 650 conjunctionem
758 568 868 632 Martis
891 577 923 631 et
945 567 1043 646 Solis,
1069 589 1144 652 quae
1168 588 1225 632 uon
1250 572 1290 634 sit
1314 570 1373 644 (nti
1397 570 1518 643 dicunt)

161 679 216 744 per
239 677 357 740 corpus.
404 655 493 728 Quod
517 658 542 719 si
565 676 669 720 vemm
691 658 742 734 sit,
767 659 881 721 frustra
902 667 1010 729 natura
1034 667 1305 741 temperamentum
1320 656 1518 723 latitudinum

162 747 347 819 confinxerit,
371 766 408 810 ne
423 745 628 827 corporalibus
643 748 898 828 conjunctionibus
912 747 1017 811 crebro
1031 749 1273 830 contingentibus
1287 748 1399 813 nimias
1413 755 1521 812 esseut

162 838 383 920 excogitationes
406 836 609 899 sublunarium
631 837 785 903 virtutum.

252 925 445 1009 (lopemicus,
470 926 641 989 divitiarum
664 946 785 989 suarum
807 927 874 1008 ipse
894 927 1027 1009 ignams,
1049 927 1256 991 Ptolemaeum
1269 928 1329 991 sibi
1343 927 1518 1009 exprimen-

162 1018 232 1083 dum
255 1015 373 1080 omniuo
396 1015 522 1090 sumsit,
546 1035 605 1078 uon
629 1034 727 1078 rerum
749 1024 904 1094 naturam,
928 1019 967 1079 ad
991 1036 1079 1099 quam
1101 1026 1204 1081 tamen
1227 1018 1357 1081 omniurn
1381 1018 1518 1101 proxime

162 1113 345 1172 accesserat.
382 1103 451 1176 Qua
473 1105 510 1166 de
532 1124 565 1167 re
588 1105 655 1186 lege
677 1105 839 1169 Rheticum
860 1107 891 1168 iu
916 1106 1150 1183 „Narratione.“
1183 1105 1316 1171 Gavisns
1339 1107 1431 1182 euim,
1456 1108 1519 1169 suis

164 1195 504 1279 appropinquatiouibus
528 1195 657 1257 Telluris
679 1195 719 1257 ad
742 1196 842 1258 sidera
860 1196 1049 1259 latitudinum
1071 1196 1188 1278 species
1204 1197 1317 1277 augeri,
1340 1205 1518 1259 nontamen

163 1306 254 1350 ausus
278 1292 341 1359 est,
377 1284 500 1347 residua
522 1284 714 1346 latitudinum
744 1294 907 1365 augment-a
928 1286 1116 1349 Ptolemaica
1138 1287 1231 1369 (quae
1252 1287 1329 1349 haec
1352 1286 1519 1368 appropin-

163 1375 265 1459 quatio
290 1374 420 1436 Telluris
434 1391 492 1436 non
513 1376 739 1456 assequeretur)
754 1375 889 1454 rejicere,
914 1376 968 1438 sed
987 1377 1083 1450 (utet
1099 1377 1154 1439 illa
1168 1376 1364 1458 exprimeret)
1379 1375 1519 1438 libratio-

163 1485 218 1531 nes
247 1463 404 1546 planorum
436 1464 671 1526 ecceutricorum
701 1465 861 1538 confinxit,
886 1464 991 1546 quibus
1014 1464 1217 1529 inclinationis
1241 1466 1370 1546 angulus
1393 1465 1518 1539 (Ptole-

164 1574 251 1619 maeo
275 1560 418 1616 constans
446 1561 477 1614 et
500 1547 590 1631 fixus)
615 1552 797 1628 variaretur,
827 1562 917 1634 atque
940 1555 967 1617 is
991 1556 1085 1636 (quud
1108 1556 1233 1619 monstri
1256 1555 1355 1618 simile
1379 1555 1435 1630 sit)
1460 1573 1518 1615 uou

164 1646 204 1708 ad
227 1645 310 1725 leges
333 1650 466 1704 motuum
490 1641 651 1704 ecceutrici
673 1643 800 1723 proprii,
829 1644 883 1706 sed
906 1644 1035 1707 Telluris
1066 1644 1146 1708 orbis
1172 1644 1264 1727 plane
1288 1644 1391 1709 alieni.
1438 1643 1519 1705 Vide

163 1732 361 1816 Oopemicum
385 1730 452 1794 libr.
477 1731 534 1792 VI.
559 1748 624 1810 cap.
652 1729 680 1794 1.

252 1821 407 1887 Cum-hac
430 1820 633 1901 impertineuti
656 1820 842 1882 diversorum
865 1820 978 1883 orbium
1001 1821 1193 1902 colligatione
1217 1840 1312 1884 cansa
1333 1829 1436 1885 motus
1455 1820 1519 1894 (iu-

164 1913 343 1978 credulitate
359 1929 426 1972 mea
441 1912 590 1985 armatus)
611 1928 729 1990 semper
742 1910 882 1990 pugnavi,
906 1911 1034 1973 noudum
1050 1911 1142 1973 etiam
1164 1911 1237 1973 visis
1258 1910 1520 1975 observationibus

164 2001 324 2087 Tychouis.
370 1998 438 2071 Quo
461 1999 623 2079 impensius
647 1999 718 2061 mihi
741 2000 891 2080 gratulor,
915 2001 1143 2064 observationes
1166 2020 1283 2064 mecum
1305 2009 1406 2078 stare,
1431 1999 1519 2063 utin

164 2093 266 2157 multis
289 2090 357 2154 aliis
379 2089 608 2171 praeconceptis
631 2087 831 2171 opinionibus.

252 2180 315 2245 Sed
338 2198 374 2242 ne
399 2179 464 2260 quis
487 2178 524 2241 ob
542 2180 598 2242 hoc
622 2178 719 2260 ipsum
741 2178 813 2240 milri
836 2179 924 2241 fidem
947 2178 1088 2260 deroget,
1113 2179 1192 2260 quod
1207 2179 1437 2243 observationes
1454 2198 1521 2243 eum

163 2270 348 2356 praejudicio
371 2277 508 2345 tractem,
532 2288 570 2330 en
589 2269 653 2349 jam
677 2267 859 2330 solidissime
882 2269 1103 2345 demonstravi,
1138 2268 1314 2332 libratioues
1342 2269 1521 2332 inclinatio·

163 2381 235 2427 rrum
267 2359 397 2423 scceutri
427 2358 525 2421 nullas
553 2378 630 2420 esse.
688 2358 795 2420 Tribus
827 2359 905 2420 euim
938 2359 1033 2420 modis
1056 2358 1285 2438 investigandae
1308 2358 1521 2422 inclinationis

165 2450 313 2515 maximae
339 2447 521 2530 propositis,
553 2448 583 2511 in
611 2448 705 2527 primo
729 2446 783 2509 Sul
810 2454 877 2509 erat
903 2447 983 2512 circa
1012 2448 1137 2511 sextiles
1164 2456 1196 2510 et
1228 2448 1370 2529 quintiles
1393 2449 1519 2523 Martis,

164 2543 222 2605 hoc
245 2546 294 2602 eet
306 2546 370 2601 tam
383 2538 566 2618 propinquus
581 2537 781 2618 conjunctioni
795 2537 915 2613 Martis,
940 2557 1027 2620 quam
1043 2556 1136 2619 prope
1151 2536 1236 2600 Mars
1249 2537 1345 2600 videri
1360 2547 1393 2601 st
1407 2538 1520 2602 obser-

163 2631 228 2694 vari
252 2626 390 2708 expedite
413 2634 530 2707 potest3
554 2626 739 2689 insecundo
763 2634 828 2689 erat
850 2628 880 2689 iu
905 2628 1051 2708 quadrato
1073 2628 1175 2702 Mars;
1203 2626 1233 2689 iu
1257 2626 1349 2690 tertio
1373 2628 1466 2710 plane
1490 2629 1520 2690 iu

164 2718 303 2803 opposito
326 2717 401 2798 ejus.
447 2717 492 2778 At
514 2717 544 2778 iu
568 2717 704 2778 omuibus
727 2716 823 2779 tribus
846 2717 921 2780 locis
945 2716 1016 2780 Sole
1039 2724 1196 2793 versante,
1231 2716 1309 2788 diu
1334 2719 1442 2781 eodem
1467 2736 1521 2780 ec·

166 2807 290 2873 eeutrici
313 2807 358 2869 sui
383 2806 448 2868 loco
471 2805 653 2882 consistens,
668 2816 675 2831 ·
690 2825 778 2868 uuam
808 2814 839 2868 et
861 2808 986 2869 eandem
1009 2807 1232 2869 inclinationem
1255 2806 1360 2869 limitis
1383 2802 1442 2881 (¹⁰
1465 2804 1523 2871 50‘

166 2898 301 2972 circiter)
334 2896 362 2958 in
390 2895 522 2972 boream,
553 2904 585 2958 et
612 2895 641 2957 iu
672 2896 810 2977 oppositu
845 2896 909 2958 loco
939 2897 1115 2959 tantundem
1147 2895 1176 2957 in
1201 2902 1336 2959 austrum
1358 2895 1522 2978 prodebat.

166 2987 219 3055 Sic
241 2987 340 3068 capite
363 2985 436 3049 ΧΗ.
461 2986 561 3048 Marte
584 2993 666 3048 motu
690 2985 855 3048 eccentrico
879 2986 910 3047 iu
934 2987 1020 3047 nodis
1042 2993 1185 3047 versante
1208 2985 1359 3067 apparuit,
1383 3006 1523 3069 quocun·

166 3098 223 3163 que
247 3079 312 3140 loco
336 3076 381 3138 sui
404 3075 484 3138 orbis
508 3073 561 3138 Sol
585 3074 775 3137 constitisset
798 3078 866 3148 (seu
889 3075 1042 3156 proximus
1057 3074 1150 3137 Marti
1174 3094 1227 3136 seu
1251 3074 1290 3137 ab
1313 3094 1350 3138 eo
1373 3082 1525 3145 remotus)

165 3168 278 3233 nnllam
300 3184 429 3246 uuquam
453 3164 549 3227 visam
572 3182 638 3226 esse
655 3164 763 3226 Martis
778 3165 976 3227 latitudinem.
1015 3164 1058 3227 Et
1070 3165 1149 3227 iufra
1161 3172 1248 3245 parte
1267 3165 1372 3246 quinta
1386 3166 1525 3246 pluribus

166 3256 351 3340 probabitur,
366 3262 555 3317 constantem
565 3273 631 3315 esse
643 3254 871 3316 declinationem
882 3255 987 3336 cuique
997 3255 1063 3316 loco
1074 3253 1305 3316 orbitaeMartis
1316 3254 1355 3317 ab
1365 3255 1521 3337 ecliptica

255 3348 362 3426 ltaque
396 3344 452 3406 hoc
483 3344 652 3405 firmissime
676 3345 905 3418 concludamus,
939 3344 1161 3406 inclinationem
1190 3343 1345 3424 planorum
1370 3347 1524 3410 eccentri-

168 3455 269 3500 corum
298 3435 337 3496 ad
366 3433 537 3514 eclipticam
560 3434 627 3506 (cur
650 3432 728 3495 enim
750 3452 808 3494 uon
832 3433 861 3494 iu
884 3452 992 3512 genere
1016 3434 1207 3506 concludam,
1231 3433 1308 3513 quod
1332 3443 1366 3496 ut
1389 3435 1437 3497 uui
1465 3436 1524 3500 soli

168 3527 309 3608 planetae
333 3523 420 3599 insit,
446 3542 567 3585 causam
591 3522 701 3583 nullam
725 3523 840 3584 habet?
871 3523 1005 3604 quamvis
1029 3523 1107 3584 idem
1131 3531 1161 3584 et
1186 3522 1213 3583 iu
1239 3522 1358 3587 Venere
1382 3534 1413 3587 et
1435 3525 1524 3588 Mer-

169 3615 251 3678 curio
288 3633 326 3676 ex
357 3611 615 3676 observationibus
648 3612 886 3674 demonstratum
917 3612 1058 3686 habeam)
1087 3612 1176 3693 plane
1204 3610 1277 3673 nihil
1305 3614 1425 3677 variam
1481 3616 1525 3678 Et

169 3705 219 3786 qni
241 3704 446 3765 Ptolemaeum
470 3701 613 3783 sequitur,
638 3700 663 3762 is
687 3701 754 3762 hinc
777 3701 884 3775 discat,
909 3702 1029 3782 planum
1053 3701 1179 3783 epicycli
1203 3700 1369 3780 parallelou
1392 3724 1463 3767 esse
1484 3705 1524 3766 ad

168 3790 289 3876 pluuium
312 3791 468 3871 eclipticae
492 3799 645 3872 perpetuo.
678 3790 758 3852 Nam
781 3791 810 3852 id
829 3791 857 3852 in
882 3789 1025 3853 limitibus
1044 3799 1146 3853 centro
1162 3800 1302 3852 versante
1312 3792 1375 3872 jam
1393 3793 1523 3856 demon-

169 3890 298 3946 stratum
327 3890 393 3942 est:
428 3882 457 3944 iu
480 3881 567 3943 nodis
589 3899 660 3942 vero
684 3889 826 3941 versante
849 3889 965 3956 centro,
995 3880 1159 3962 epicyclum
1181 3880 1271 3963 plane
1295 3880 1324 3942 iu
1349 3883 1522 3964 eclipticam

169 3972 305 4037 omuibus
327 3971 462 4052 partibus
486 3977 655 4051 competere
679 3986 770 4048 supra
792 3986 858 4048 cap.
882 3969 953 4031 XlI.
977 3969 1136 4049 probatum
1159 3978 1215 4031 eat.

257 4061 328 4123 Jam
351 4061 417 4141 quis
440 4059 511 4122 mihi
536 4061 647 4121 iontem
669 4058 803 4137 porriget
826 4058 1027 4128 lacrimarum,
1060 4059 1166 4141 quibus
1194 4076 1231 4119 ex
1253 4057 1361 4120 merito
1384 4076 1439 4122 sno
1463 4064 1522 4125 de-

169 4152 284 4235 plorem
306 4149 505 4214 miserabilem
528 4148 685 4229 Apiaui
709 4147 896 4224 iudustriam,
921 4149 970 4228 qui
993 4148 1022 4210 iu
1039 4167 1093 4210 suo
1116 4146 1240 4227 Opere
1265 4145 1521 4226 Caesareo‘)

172 4240 338 4305 Ptolemaei
360 4240 447 4301 iidem
471 4249 591 4303 secutus
615 4246 662 4300 tot
683 4237 778 4299 bonas
802 4237 890 4300 horas
914 4237 1071 4317 impendit,
1103 4246 1150 4298 tot
1172 4236 1430 4316 ingeniosissimus
1454 4258 1521 4303 ma-

170 4330 334 4394 ditationes
356 4329 502 4410 perdidit,
532 4336 565 4389 nt
597 4326 686 4408 spiris
716 4335 748 4388 et
770 4327 889 4389 corollis
914 4335 945 4388 et
968 4326 1111 4388 helicibus
1136 4335 1167 4388 et
1188 4325 1299 4388 volutis
1322 4334 1355 4388 et
1377 4327 1521 4393 universo

170 4420 222 4484 illo
244 4420 534 4483 intricatissimorum
558 4418 687 4479 flexuum
710 4416 879 4499 labyrintho
904 4418 1046 4496 figmenta
1063 4415 1213 4477 homiuum
1227 4414 1418 4494 exprimeret,
1442 4438 1521 4501 quae

171 4518 279 4574 natura
305 4528 402 4572 rerum
424 4507 559 4589 proauis
582 4507 671 4586 plane
695 4526 753 4567 nou
778 4506 940 4585 agnoscit?
978 4504 1039 4568 Sed
1063 4503 1195 4567 ostendit
1217 4502 1304 4566 nobis
1327 4504 1374 4566 vir
1394 4505 1463 4583 ille,
1489 4526 1522 4572 se

172 4599 281 4661 divinis
310 4597 420 4678 ingenii
451 4594 703 4678 perspicacissimi
737 4594 856 4657 dotibus
887 4596 975 4657 facile
1002 4603 1127 4656 naturae
1151 4611 1253 4674 parem
1276 4611 1345 4655 esse
1367 4597 1521 4676 potuisse:

173 4688 210 4749 de
232 4695 332 4750 cetero
356 4687 485 4749 animum
509 4683 673 4747 oblectavit
696 4703 781 4746 suum
803 4684 974 4765 praestigiis
989 4682 1070 4746 hisce
1086 4684 1130 4755 (iu
1146 4681 1251 4764 quibus
1265 4691 1405 4749 naturam
1419 4685 1519 4767 ipsam

172 4779 402 4856 provocaverat)
426 4775 589 4838 fortissime
614 4774 764 4854 superatis
788 4782 820 4835 et
841 4775 871 4837 in
894 4774 1051 4837 schemata
1069 4771 1225 4852 conjectis,
1246 4773 1435 4857 palmamque
1449 4776 1521 4840 iude

175 4864 273 4927 lamae
296 4864 435 4946 perennis
458 4872 508 4928 est
530 4863 675 4943 adeptus,
705 4860 843 4944 quicquid
867 4864 1006 4947 operibus
1028 4862 1102 4944 ipsis
1122 4861 1241 4926 reama
1263 4860 1325 4925 ista
1346 4862 1523 4931 detrimenti
