3368 5534
578 1352 1081 1456 cancamum

286 1698 337 1741 uae
361 1678 393 1739 in
415 1678 472 1741 hoc
496 1695 584 1758 opere
599 1677 735 1758 Kepleri,
759 1677 839 1758 qnod
854 1677 978 1740 exhibet
1000 1680 1166 1742 studiorum
1190 1675 1411 1759 septennalium
1432 1695 1507 1758 pro-

186 1768 400 1830 fundissimomm
432 1767 627 1840 documenta,
651 1767 856 1841 continentur,
887 1767 952 1848 ipse
975 1769 1118 1849 proponit
1144 1775 1250 1831 auctor
1272 1786 1339 1830 enm
1361 1765 1393 1827 in
1415 1786 1506 1846 prae-

184 1857 270 1918 latione
292 1877 362 1931 sua,
388 1864 450 1918 tum
473 1855 505 1917 in
526 1855 625 1918 iudice
655 1875 742 1937 quem
764 1856 922 1936 praemisit
951 1856 1197 1938 locupletissimo.
1245 1856 1453 1922 Fundamenta
1475 1857 1507 1919 in

182 1965 208 2005 eo
227 1946 293 2025 jecit
320 1944 523 2008 astronomiae
556 1963 626 2006 vere
661 1946 812 2019 ,novae,“
848 1945 1057 2026 legislatorem
1087 1965 1120 2007 se
1149 1944 1291 2026 praebuit
1319 1963 1507 2026 per-omnes

180 2045 312 2115 sequentes
335 2039 457 2096 aetates
479 2033 599 2114 ingenio
624 2053 678 2096 suo
697 2035 881 2098 astronomis
902 2035 1134 2115 praelucentem.
1172 2035 1269 2097 Nemo
1292 2052 1431 2113 unquam,
1456 2035 1506 2116 qni

177 2125 320 2204 penetralia
341 2124 431 2203 hujus
457 2122 600 2185 scientiae
630 2123 821 2204 ingressurus
845 2132 911 2198 est,
940 2144 999 2186 non
1031 2122 1229 2206 perlustrabit
1254 2123 1312 2186 hoc
1335 2121 1506 2185 immortale

178 2233 244 2293 opus,
273 2212 477 2275 testimoninm
507 2213 685 2292 sagacitatis
715 2220 748 2274 et
769 2212 934 2276 industriae
964 2214 1096 2277 humana
1122 2211 1256 2292 majoris.
1303 2210 1508 2294 Quodcunque

176 2303 272 2364 adimus
301 2321 376 2383 opus
410 2302 610 2383 posteriorum
645 2309 898 2377 astronomorum,
934 2302 1048 2366 nullum
1082 2301 1346 2383 deprehendimus,
1372 2300 1417 2363 'iu
1446 2319 1505 2382 qno

174 2392 367 2471 praetermissa
396 2390 438 2452 sit
464 2390 576 2453 mentio
607 2390 828 2466 inventionum,
863 2412 938 2473 qnas
966 2391 1068 2471 prodit
1089 2391 1241 2472 Keplems
1264 2389 1296 2452 in
1321 2386 1508 2464 „commen-s

175 2481 244 2542 teriis
270 2480 400 2542 Martis“
435 2480 588 2562 ipsiusque
619 2479 801 2561 procedendi
833 2481 969 2543 rationis.
1017 2481 1132 2545 Omnes
1159 2480 1191 2542 in
1220 2478 1283 2541 illis
1315 2479 1508 2544 consentiunt

173 2570 322 2644 laudandis,
345 2587 442 2650 neque
466 2588 537 2630 vero
557 2588 660 2631 omues
684 2588 777 2651 aeque
800 2571 969 2651 ponderant
991 2571 1068 2634 hauc
1084 2569 1184 2651 ipsam
1206 2567 1354 2630 rationem
1376 2576 1409 2630 et
1430 2588 1506 2633 con-

173 2659 295 2720 ditionem
318 2666 487 2740 temporum
509 2677 675 2740 rerumque,
699 2678 776 2739 qnae
799 2660 932 2741 Keplero
954 2660 986 2722 in
1008 2658 1189 2740 perficiendo
1212 2658 1269 2720 hoc
1293 2676 1382 2738 opere
1406 2657 1504 2739 impe-

173 2748 284 2809 dimento
314 2748 445 2809 fuerunt.
491 2748 639 2823 Quidam,
670 2767 776 2829 parum
806 2757 1024 2828 cognoscentes
1047 2748 1105 2811 viri
1127 2747 1288 2828 ingenium,
1312 2747 1390 2809 sorte
1413 2749 1507 2811 etiam

173 2837 252 2898 minus
273 2835 377 2898 imbuti
408 2837 505 2917 ipsius
529 2837 662 2917 scriptis,
694 2837 884 2900 inventiones
915 2837 1040 2920 Kepleri
1070 2837 1157 2918 qnasi
1188 2837 1328 2899 fortunae
1357 2835 1504 2900 tribuunt.

173 2925 232 3000 ulii,
252 2945 428 3007 quamquam
452 2934 637 3006 cognoscunt
659 2926 855 2990 excellentem
870 2928 981 3005 ingenii
999 2926 1164 2989 bonitatem
1182 2944 1307 3007 eamque
1323 2925 1404 2987 hand
1418 2925 1506 3006 parvi

173 3013 274 3090 habent,
296 3027 398 3076 tamen
420 3015 519 3078 minus
542 3035 631 3097 qnam
649 3035 706 3096 par
724 3024 773 3078 est
790 3016 956 3097 respiciunt
978 3016 1133 3079 literarum
1157 3015 1267 3090 studia,
1291 3013 1399 3095 quibus
1417 3015 1505 3080 initio

174 3104 248 3164 seculi
274 3104 378 3167 XVII.
410 3111 601 3167 astronomus
631 3104 719 3167 inniti
749 3106 857 3187 potuit.
903 3107 939 3168 In
966 3103 1200 3179 mathematicis,
1223 3111 1258 3166 ut
1290 3102 1411 3183 saepius
1439 3105 1506 3184 jam

173 3192 265 3255 dictum
294 3202 360 3267 est,
394 3193 525 3274 cognitio
556 3201 589 3256 et
620 3194 748 3257 scientia
784 3214 890 3276 parum
924 3195 1111 3257 excedebant
1150 3212 1206 3268 ea,
1241 3211 1317 3274 quae
1347 3192 1504 3270 Euclides,

171 3282 371 3358 Archimedes,
403 3283 586 3364 Apollonius
615 3284 868 3365 suppeditabant,
901 3282 1098 3365 compendia;
1130 3301 1206 3363 quae
1238 3282 1294 3344 s'ub
1321 3281 1409 3344 finem
1438 3284 1505 3363 ejus

172 3372 248 3433 seculi
269 3372 431 3453 cuicunque
454 3373 628 3435 matheseos
651 3374 755 3453 generi
778 3374 912 3436 subsidio
935 3375 1074 3447 suerunt,
1098 3371 1199 3434 omnia
1220 3378 1284 3434 tum
1307 3371 1442 3448 deerant,
1466 3391 1504 3434 ne

170 3459 347 3538 legarithmos
379 3461 499 3543 quidem
522 3480 558 3523 eo
581 3481 639 3544 quo
663 3482 738 3544 opus
762 3483 848 3525 snum
870 3463 1001 3527 confecit
1031 3470 1166 3542 tempore
1189 3459 1340 3541 Keplerus
1363 3481 1450 3524 snum
1472 3460 1505 3524 in

169 3568 240 3611 osum
260 3558 378 3617 vertere
400 3552 508 3631 potnit.
556 3551 658 3624 Quare
682 3553 792 3628 omnia,
816 3572 891 3634 qnae
915 3553 945 3614 in
968 3552 1022 3614 illo
1045 3550 1126 3613 haud
1148 3568 1245 3631 panca
1267 3568 1321 3630 per
1345 3549 1505 3613 scientiam

168 3639 395 3702 mathematicam
418 3641 606 3704 absolvenda
628 3651 724 3718 erant,
747 3643 917 3704 revocanda
939 3649 1026 3704 erant
1044 3640 1084 3702 ad
1101 3639 1297 3721 geometriam
1317 3639 1504 3721 ettrigono·

168 3729 287 3791 metriam
310 3729 540 3807 elementarem,
565 3731 608 3793 ita
622 3740 665 3794 nt
686 3732 739 3794 vix
760 3731 808 3794 bis
831 3740 915 3794 terve
937 3730 1088 3811 Keplems
1117 3749 1210 3791 ausus
1239 3728 1331 3790 fuerit
1359 3728 1503 3792 adhibere

167 3817 297 3880 calculum
320 3818 525 3899 algebraioum
548 3820 810 3902 aequationesque
849 3819 1088 3885 Observationes
1110 3818 1342 3893 astronomicae,
1366 3818 1503 3899 quamvis

167 3908 334 3988 aTyohone
358 3917 501 3989 qnantum
523 3917 587 3971 tum
608 3911 673 3973 fieri
692 3910 795 4013 potuit
815 3910 963 3985 excultae,
986 3909 1076 3989 longe
1098 3916 1201 3971 tamen
1223 3906 1383 3970 abfuerunt
1404 3909 1443 3971 ab
1466 3926 1506 3975 eu

166 3997 246 4075 gradu
267 3997 481 4078 perfectionis,
509 4019 597 4080 quem
618 3994 698 4063 hio
691 4019 755 4081 rpse
780 4018 889 4080 scopus
917 3998 1072 4079 exigebat,
1105 4016 1193 4079 quem
1214 3996 1248 4060 in
1270 3995 1504 4061 Commentariis

166 4085 194 4146 de
213 4101 293 4149 motu
316 4084 429 4151 Martis
452 4089 611 4169 spectabat
631 4090 791 4171 Keplems.
838 4088 940 4151 Tnbns
964 4087 1082 4169 opticus
1104 4087 1235 4150 nondum
1262 4086 1404 4150 inventus
1425 4092 1502 4161 erat,

164 4175 325 4239 mechanica
347 4177 613 4242 instmmentorum
630 4177 899 4243 astronomicomm
920 4177 1066 4259 perfectio
1081 4177 1171 4257 longe
1189 4174 1289 4238 abfuit
1301 4175 1340 4238 ab
1356 4194 1402 4251 ea,
1425 4192 1503 4255 quae

164 4263 347 4341 mminimis,
371 4265 402 4326 in
425 4267 532 4349 qnibns
554 4267 732 4331 versabatur
753 4268 904 4349 Keplerus
931 4267 1085 4348 inquirens
1112 4272 1225 4328 motum
1249 4265 1355 4328 stellae
1378 4261 1500 4339 Martis,

164 4355 271 4417 omnino
304 4356 480 4419 necessaria
501 4355 568 4420 ruit.
614 4356 717 4429 Quare
740 4357 962 4438 comparatione
981 4363 1099 4419 tantum
1122 4354 1297 4417 difficillima
1323 4362 1356 4417 et
1381 4351 1502 4415 taedio-

164 4443 282 4521 sissima,
308 4452 340 4507 et
362 4444 413 4505 via
434 4447 607 4528 plerumque
628 4447 719 4527 plane
742 4467 821 4510 nova
844 4454 876 4508 et
897 4446 1013 4508 intacta
1037 4445 1217 4526 explendum
1239 4451 1320 4518 erat,
1343 4442 1423 4523 quod
1445 4440 1503 4503 de-

162 4532 271 4596 ficiebat
293 4534 422 4635 singulis
447 4535 718 4599 observationibus
755 4536 892 4617 Denique
914 4535 1035 4598 minime
1059 4535 1240 4616 negligenda
1261 4540 1333 4596 sunt
1354 4549 1401 4606 ea,
1424 4548 1501 4611 qnae

164 4621 194 4683 de
214 4622 427 4687 astronomicis
456 4624 672 4708 hypothesibus
701 4623 765 4688 illis
796 4624 981 4706 temporibus
1013 4631 1164 4687 constant.
1212 4620 1372 4704 Oopemioi
1401 4619 1500 4702 hypo-

163 4710 249 4776 thesis
270 4714 353 4775 viam
380 4714 500 4796 quidem
523 4715 641 4796 apernit
663 4714 704 4779 ad
724 4733 827 4778 vemm
850 4715 1099 4796 cognoscendum,
1123 4721 1156 4777 et
1181 4712 1246 4792 ipse
1269 4709 1419 4791 Keplerus
1441 4728 1502 4791 qua

163 4804 251 4880 potnit
280 4805 475 4868 veneratione
507 4804 744 4886 prosequebatur
775 4804 884 4867 merita
907 4803 1097 4886 Oopemici
1089 4824 1121 4868 m
1143 4800 1338 4866 emendandis
1368 4799 1502 4885 priorum

1248 4901 1289 4955 1st
