3368 5534
255 310 301 379 90
677 314 777 365 literae
794 314 897 379 Kepleri
915 315 1065 382 aliorumqm
1084 321 1185 367 numae

254 508 275 550 a
298 486 338 568 Q
363 490 412 552 vel
434 490 501 571 ejus
525 509 660 572 apogaeo
683 492 875 571 pendentem.
922 491 1001 562 Quin
1027 494 1132 568 eham,
1166 492 1216 555 ubi
1242 492 1307 572 jam
1339 498 1441 555 certus
1472 510 1558 553 sum-
1574 489 1613 552 de

255 579 481 642 ecceutricitate
506 578 558 657 Θ,
582 596 704 658 possum
723 582 802 660 jam,
838 580 864 643 si
895 582 1023 644 maxime
1047 582 1237 663 acrouychiis
1260 599 1409 657 carerem,
1442 579 1614 644 ecceutrica

255 666 323 730 loca
345 669 531 750 investigare
556 680 743 750 quotcunque
766 689 841 749 opus
865 680 913 733 est
936 690 973 732 er
996 671 1075 734 binis
1099 670 1294 752 acrouychiis.

344 755 407 820 Sed
430 776 524 838 pergo
548 759 577 820 in
611 759 769 821 ecceutrici
802 759 971 833 distantiis3
1005 761 1054 822 ubi
1086 762 1197 823 multas
1230 759 1394 822 distantias
1425 777 1479 839 per
1512 764 1614 820 totum

255 846 415 910 ecceutrici
440 847 585 910 ambitum
607 848 840 929 investigavero,
866 849 955 911 facile
980 858 1067 928 petet
1089 857 1122 911 et
1144 849 1193 911 ubi
1213 850 1255 911 sit
1269 867 1436 930 apogaeum
1451 854 1484 909 et
1497 854 1615 929 quanta

255 935 466 1000 ecceutricitas
489 944 522 999 et
544 956 582 998 au
605 938 656 998 via
679 938 784 1000 uvalis.
828 939 911 1000 Tunc
934 938 1026 1017 igitur
1049 938 1226 1022 hypothesis
1248 938 1427 999 invenienda
1451 944 1511 1009 eet,
1533 954 1614 1017 quae

257 1043 363 1088 omues
387 1025 479 1088 hasce
499 1026 662 1088 distantias
679 1036 898 1105 repraesentet.
936 1027 1022 1089 Hauc
1037 1027 1228 1110 hypothesin,
1252 1028 1331 1111 quud
1351 1036 1433 1090 recte
1449 1033 1483 1087 tu
1496 1042 1614 1099 moues,

254 1121 377 1195 oportet
399 1115 444 1176 sic
458 1130 526 1178 esse
541 1124 758 1196 comparatam,
783 1124 817 1177 ut
831 1124 960 1192 constet,
982 1137 1074 1198 posse
1097 1136 1152 1198 per
1171 1117 1297 1179 eundem
1310 1116 1404 1179 etiam
1418 1115 1488 1178 luce
1501 1133 1614 1177 eccen-

255 1203 335 1266 trica
362 1203 458 1266 reddi.
503 1204 549 1266 At
571 1223 628 1266 nou
659 1213 707 1266 est
736 1225 850 1267 summe
880 1205 1083 1269 necessarium
1113 1214 1145 1268 et
1167 1205 1320 1269 calculari.
1366 1204 1466 1267 Multa
1484 1202 1615 1266 'eminus

256 1291 449 1373 edspicimus,
483 1294 524 1354 ad
553 1312 629 1373 quae
653 1294 691 1354 ob
715 1294 865 1356 defectum
888 1295 1052 1358 mediorum
1074 1316 1133 1359 nou
1155 1294 1363 1375 pertingimus.
1409 1292 1476 1374 Ego
1508 1300 1614 1355 tamen

254 1381 414 1462 plurimum
437 1382 556 1456 laboro,
588 1390 623 1447 ut
652 1384 767 1445 calculo
798 1384 866 1445 loca
888 1383 1071 1456 ecceutrica,
1104 1385 1135 1445 id
1159 1393 1208 1447 est
1230 1384 1365 1447 tabulam
1398 1383 1615 1463 aequatiouuur

256 1470 387 1555 ecceutri
411 1490 448 1533 ex
472 1471 685 1535 distantiarum
708 1472 868 1554 hypothesi
892 1474 1028 1536 condam
1065 1474 1201 1552 Despero
1217 1473 1334 1556 quidem
1350 1472 1470 1553 singula
1484 1470 1614 1533 seorsim

254 1578 376 1636 eruere,
409 1567 443 1622 ut
474 1560 543 1623 aliis
566 1561 782 1644 hypothesibus
806 1563 870 1625 fieri
893 1571 1005 1645 potest.
1052 1561 1163 1625 Omnia
1185 1582 1256 1625 vero
1280 1562 1383 1625 ordine
1413 1561 1451 1623 ab
1482 1559 1614 1640 apogaei

254 1649 350 1730 gradu
373 1667 462 1730 spero
484 1669 532 1712 me
556 1650 626 1712 olim
651 1659 881 1713 exstmctnmm.

291 1746 295 1753 '
345 1736 407 1801 Cur
430 1758 468 1801 ex
491 1738 756 1820 proethaphaeresi
780 1748 806 1811 d
829 1758 966 1820 apogaeo
981 1738 1063 1802 Solis
1083 1740 1215 1822 propiori
1240 1739 1326 1802 detur
1349 1739 1479 1819 simplex
1503 1756 1616 1803 ecceu-

254 1826 373 1891 tricitas
397 1828 502 1907 major,
527 1830 647 1910 quaeris
674 1836 708 1900 (ι.
727 1852 747 1887 ι.
767 1853 791 1903 p.
821 1835 888 1900 ss).
936 1828 1002 1909 Ego
1032 1848 1103 1890 vero
1134 1828 1236 1891 dubito
1260 1830 1297 1891 de
1321 1829 1378 1892 hoc
1401 1839 1453 1890 tuo
1477 1846 1613 1908 pronun-

253 1917 346 1980 ciato.
392 1918 458 1979 Hoc
477 1917 554 1993 scio,
579 1919 606 1980 si
629 1926 772 2000 tauquam
797 1919 826 1980 iu
851 1919 979 1999 simplici
1002 1918 1153 1998 triangulo
1177 1918 1272 1980 utaris
1295 1917 1615 1998 prosthaphseresid

254 2005 451 2088 longitudinis
473 2008 601 2078 mediae,
626 2009 768 2088 majorem
792 2007 926 2070 invenies
951 2008 1205 2070 ecceutricitatem
1221 2008 1306 2088 quasi
1322 2007 1499 2086 simplicem,
1523 2024 1615 2086 quam

254 2093 282 2158 si
304 2096 399 2158 utaris
423 2096 746 2178 prosthephaeresibus
770 2117 905 2180 apogaeo
925 2099 998 2170 (uon
1015 2093 1055 2174 Q
1071 2098 1141 2172 sed)
1156 2105 1181 2167 (ς
1196 2096 1397 2160 vicinioribus.
1434 2096 1507 2159 Jam
1529 2112 1614 2168 vero,

253 2202 321 2247 cum
345 2185 375 2246 iu
398 2184 427 2260 ὅ
451 2193 483 2248 et
504 2190 537 2259 Π
559 2187 602 2249 sit
624 2186 779 2267 longitudo
794 2195 820 2258 d
834 2186 943 2261 medie,
970 2182 1009 2263 Q
1035 2204 1202 2268 apogaeum
1224 2186 1254 2248 in
1278 2198 1322 2260 ee,
1346 2183 1458 2247 accidit
1480 2192 1515 2245 ut
1536 2183 1614 2245 haec

253 2272 296 2336 sit
318 2270 360 2351 Q
385 2274 493 2337 vicine.
541 2275 603 2339 Cur
626 2284 726 2338 autem
749 2275 846 2338 minor
869 2285 900 2338 et
923 2276 1020 2355 major
1042 2275 1099 2337 huc
1131 2284 1221 2356 pacto
1254 2276 1366 2337 evadat
1389 2271 1614 2346 ecceutricum,

253 2380 349 2426 causa
362 2373 419 2438 est,
445 2364 515 2445 quia
531 2365 640 2427 falsum
653 2366 934 2445 praesupponimus,
958 2365 1125 2445 simplicem
1139 2374 1171 2427 et
1193 2365 1408 2445 geometricam
1432 2361 1614 2425 ecceutrioi-

254 2459 360 2526 tatem,
386 2471 462 2535 quae
486 2461 589 2516 tamen
612 2473 650 2516 ex
674 2453 798 2516 dimidia
824 2463 911 2534 parte
939 2462 987 2517 est
1010 2454 1138 2535 physica
1161 2455 1329 2535 aequantia.
1377 2454 1412 2516 Id
1436 2451 1560 2515 uberius
1583 2451 1613 2513 in

253 2540 400 2622 proximis
423 2541 520 2604 literis
543 2543 682 2623 explicui.

343 2628 392 2692 h
415 2631 541 2713 apogaei
567 2629 613 2710 Θ
632 2632 713 2694 linea
735 2631 807 2694 nihil
831 2631 861 2694 in
886 2640 912 2702 d
936 2632 1133 2694 ecceutricum
1158 2631 1316 2717 redundat,
1341 2631 1368 2693 si
1392 2631 1430 2692 ad
1455 2625 1497 2707 Θ
1514 2629 1614 2709 ipsum

252 2720 380 2784 referas.
415 2720 476 2784 Sed
499 2721 525 2784 si
548 2722 588 2783 ad
610 2731 752 2802 punctum
776 2740 828 2784 eeu
843 2722 939 2783 locum
960 2722 1089 2783 medium
1106 2720 1163 2800 Q:
1189 2721 1307 2784 omuino
1323 2720 1474 2783 redundat
1487 2718 1613 2800 aliquid,

256 2817 290 2873 at
312 2809 345 2872 id
367 2828 425 2872 uou
450 2828 591 2889 magnum
614 2811 693 2893 quod
716 2811 784 2872 loca
807 2811 933 2883 attinet,
957 2812 1054 2891 majus
1090 2812 1169 2892 quod
1203 2810 1376 2873 distantias.
1423 2808 1518 2889 quue
1556 2827 1613 2889 ego

251 2896 333 2961 iuter
355 2918 465 2963 causes
488 2898 588 2970 habui,
620 2919 673 2962 cur
705 2900 851 2962 theoriam
885 2900 962 2960 hauc
987 2899 1155 2963 ordinarem
1186 2901 1226 2963 ad
1257 2918 1360 2963 verum
1394 2895 1434 2976 Q
1465 2906 1614 2963 centrum.

251 2984 419 3052 Praeterea
447 2988 597 3050 redundat
624 2990 717 3051 etiam
741 2989 853 3069 aliquid
881 3007 919 3049 ex
947 3007 1082 3068 apogaeo
1107 2987 1147 3067 Q
1173 2991 1202 3052 in
1227 2990 1324 3071 ipsum
1348 2988 1450 3053 orbem
1472 3006 1615 3063 annuum,

251 3085 286 3141 ut
307 3077 369 3159 jam
394 3078 516 3159 saepius
539 3079 766 3161 dictumquod
790 3078 941 3139 diversum
965 3088 1014 3140 est
1035 3079 1138 3159 ajam
1163 3081 1251 3142 modo
1276 3080 1367 3142 dicto.

341 3167 387 3230 De
410 3166 604 3230 Martialibus
628 3168 778 3250 Tychonis
802 3167 948 3247 quomodo
972 3168 1157 3246 processerit
1179 3169 1253 3231 nihil
1276 3169 1358 3238 seio,
1392 3165 1490 3228 solum
1512 3164 1614 3247 hypo·

252 3256 352 3320 thesin
377 3265 409 3319 et
432 3257 658 3318 observationes
681 3257 879 3338 acrouychias
904 3256 1013 3318 haheo.

342 3345 583 3426 Schema'ponis
607 3356 638 3408 et
660 3347 691 3408 iu
715 3366 750 3407 eo
770 3346 871 3408 varias
890 3346 1124 3426 speculationes,
1151 3366 1226 3427 quas
1241 3363 1288 3408 me
1303 3343 1497 3406 considerare
1511 3341 1613 3422 jubes.

254 3434 377 3498 literae
401 3454 458 3497 uon
482 3454 604 3515 possum
628 3436 839 3508 internoscere,
864 3455 919 3498 nec
944 3436 1013 3515 quid
1032 3435 1108 3497 velis
1128 3429 1253 3512 scio.¹¹)
1290 3433 1356 3496 Nee
1374 3453 1449 3513 opus
1464 3440 1521 3507 est,
1547 3450 1616 3494 cnm

253 3524 297 3588 nil
321 3521 450 3587 habeam
473 3524 552 3604 quod
575 3525 717 3588 dubitem.
764 3524 888 3587 Summa
911 3537 1012 3587 tamen
1037 3545 1073 3586 eo
1096 3523 1185 3600 redit,
1211 3524 1359 3604 quasdam
1377 3520 1615 3602 inaequalitate·

253 3632 293 3677 ex
316 3632 451 3695 apogeeo
476 3609 516 3690 Q
542 3614 572 3676 iu
594 3614 794 3676 ecceutricum
819 3622 845 3684 (ς
868 3613 979 3690 venire,
1005 3615 1083 3695 quod
1103 3614 1169 3693 jam
1192 3613 1367 3694 expeditum
1390 3611 1468 3674 dedi.

343 3704 401 3765 Ad
423 3702 566 3765 tertiae
592 3702 648 3766 ll.
672 3705 763 3784 Aug.
798 3709 833 3772 (v.
853 3727 877 3777 p.
898 3709 966 3774 et).
1013 3703 1097 3765 Nihil
1124 3722 1171 3764 me
1202 3711 1305 3764 moret
1334 3700 1480 3779 ἀνομαλια
1507 3699 1616 3762 htitu·

254 3792 357 3857 diuum
386 3800 425 3867 d,
459 3801 492 3854 ut
523 3812 631 3855 novaru
659 3794 688 3855 iu
721 3793 921 3855 ecceutricum
949 3792 1130 3854 anomalium
1168 3792 1368 3855 introducam.
1420 3789 1545 3852 Etenim
1578 3807 1617 3850 ex

254 3881 481 3962 simplicissime
503 3882 695 3946 inclinatione
719 3891 761 3958 (ς,
792 3881 906 3944 additis
930 3880 1136 3961 parallaxibus
1159 3890 1253 3943 autea
1276 3879 1447 3962 requisitis,
1479 3879 1618 3960 sequitur

254 3970 331 4035 hue
354 3971 450 4033 omnis
474 3971 633 4034 anomalia
680 3971 761 4034 Ecce
789 3970 868 4033 euim
895 3971 952 4032 hoc
985 3971 1051 4050 ipso
1083 3991 1160 4032 anuo
1190 3968 1243 4032 27.
1268 3970 1358 4032 Febr.
1389 3971 1440 4032 vel
1463 3964 1494 4032 8.
1518 3967 1614 4030 Mart.

255 4059 378 4125 octiduo
410 4066 480 4122 aute
513 4069 545 4121 et
575 4068 644 4140 post
675 4062 734 4123 erit
763 4060 894 4122 maxima
922 4059 1051 4122 latitudo
1082 4070 1161 4141 sept
1196 4056 1235 4121 2θ
1265 4057 1337 4134 ete
1367 4055 1421 4123 27.
1451 4056 1540 4138 Sept.
1565 4059 1616 4119 rel

256 4148 289 4216 7.
304 4146 375 4214 Oct.
399 4149 531 4213 maxima
552 4145 741 4212 austrinal⁰
754 4145 824 4212 36‘:
850 4148 929 4229 quod
946 4148 1037 4228 plane
1061 4168 1119 4211 nou
1143 4150 1275 4231 quadrat
1298 4167 1365 4211 cum
1388 4150 1415 4221 00
1435 4148 1484 4208 vel
1502 4148 1534 4223 ό
1547 4164 1616 4209 cum

257 4236 299 4319 Q
323 4258 378 4303 uec
400 4257 468 4303 cum
491 4239 619 4301 transitu
641 4247 667 4311 d
689 4258 743 4319 per
766 4256 932 4340 apogaeum
955 4247 986 4300 et
1008 4239 1180 4318 perigeeum
1203 4237 1338 4301 ecceutri
1361 4256 1416 4300 nec
1440 4254 1507 4299 cum
1526 4244 1615 4299 tran·

257 4331 319 4395 situ
341 4348 397 4412 per
417 4328 538 4403 limites,
563 4327 726 4391 miscentur
749 4328 859 4390 omnia.

345 4418 403 4481 Ad
434 4428 586 4499 quartas
616 4414 668 4479 22.
701 4417 774 4480 Dec.
823 4418 857 4479 Iu
888 4416 1042 4478 schemate
1073 4425 1146 4479 ate
1174 4416 1301 4498 primum
1338 4415 1450 4495 scripto
1483 4414 1615 4496 quaerb,

259 4509 407 4592 quomodo
437 4506 497 4569 ΑΚ
520 4524 558 4568 ex
586 4505 844 4568 observationibus
868 4506 1060 4568 innotescat?
1101 4506 1300 4586 Respondeo,
1331 4525 1369 4567 ex
1403 4504 1481 4566 binis
1508 4504 1616 4585 peral-

258 4596 377 4661 luibns
412 4596 538 4670 sunnis,
577 4602 608 4656 et
644 4596 875 4676 praesupposita
911 4596 1139 4658 ecceutricitate
1178 4593 1218 4672 Q
1257 4594 1471 4674 distantiisque
1509 4590 1549 4671 Q
1584 4594 1618 4655 et

258 4686 379 4749 Terrae.
426 4686 497 4750 Sint
526 4683 593 4759 AB,
617 4685 673 4745 Ar
696 4683 910 4746 distantiae
883 4682 923 4761 Q
955 4695 987 4746 et
1010 4684 1131 4748 Terrae
1179 4684 1264 4745 ΕΑΒ
1295 4684 1422 4764 angulus
1445 4685 1524 4747 iuter
1547 4683 1617 4746 loca

258 4774 379 4839 Tema
424 4772 505 4856 Ergo
528 4794 567 4838 ex
589 4772 734 4837 lateribus
757 4781 789 4836 et
811 4774 921 4852 angulo
944 4774 1055 4837 dantur
1068 4773 1172 4856 auguli
1187 4773 1280 4849 AEF,
1305 4773 1390 4837 Aru
1408 4770 1507 4837 etEF
1521 4773 1615 4835 latus.

258 4861 322 4931 seu
344 4864 441 4942 ΚΕΛ,
461 4865 547 4929 KFA
569 4871 640 4928 snut
662 4862 765 4945 auguli
786 4863 866 4927 iuter
887 4864 956 4927 loca
977 4863 1047 4929 visa
1068 4860 1111 4943 Q
1136 4873 1169 4928 et
1191 4868 1234 4939 d.
1258 4861 1447 4929 suerrus
1469 4859 1615 4931 sture.
