3368 5534
162 2702 230 2745 cum
253 2651 439 2757 temporibus
463 2677 727 2739 intercedentibus.
776 2678 939 2741 lllethodus
962 2681 1049 2758 hujus
1073 2679 1190 2759 negotii
1212 2678 1242 2740 iu
1266 2679 1446 2740 Ptolemaeo
1473 2679 1517 2739 in·

161 2770 283 2831 reuitur
307 2768 358 2829 lib.
384 2766 440 2828 IX.

251 2858 328 2919 Esto
365 2857 430 2933 jam
468 2856 608 2915 conlecta
643 2857 815 2937 pragmatia
851 2867 882 2918 et
921 2858 1053 2936 prodeat
1095 2859 1175 2918 linea
1211 2856 1350 2937 apsidum
1387 2853 1518 2919 eccentri

162 2950 293 3018 KAAX,
319 2949 510 3024 dpunctum
534 2944 755 3024 aequatorium‚
789 2956 924 3007 centrum
947 2947 1106 3007 eccentrici
1131 2947 1160 3007 in
1184 2946 1242 3007 hac
1262 2945 1343 3006 linea
1359 2950 1516 3025 stpuucto

161 3042 199 3110 A,
224 3048 257 3098 et
279 3035 464 3095 eccentricus
488 3037 563 3104 XZ,
587 3044 619 3093 et
642 3035 824 3112 respondeat
848 3037 921 3095 haec
945 3035 1121 3114 hypothesis
1145 3035 1283 3096 omnibus
1308 3034 1383 3094 locis
1410 3032 1517 3094 obser·

162 3128 244 3188 vatis
267 3126 322 3185 sub
346 3124 489 3184 articulos
513 3121 709 3200 oppositionis
733 3125 874 3200 planetae
903 3144 969 3183 cum
992 3124 1072 3185 Solis
1098 3125 1163 3185 loco
1188 3123 1300 3185 medio.

250 3214 309 3276 llic
342 3233 418 3294 quae
452 3210 617 3290 Copernico
651 3211 747 3288 objeci
777 3212 814 3271 de
844 3213 1047 3272 concinnitate
1071 3223 1169 3274 motus
1193 3211 1321 3293 physici,
1348 3230 1408 3270 uon
1429 3210 1518 3287 plane

163 3304 247 3365 etin
272 3302 477 3363 Ptolemaeum
503 3299 661 3378 quadrant.
708 3300 785 3360 Nam
810 3311 944 3362 centrum
968 3303 1088 3380 quidem
1115 3301 1260 3383 epicycli,
1293 3300 1342 3379 qui
1368 3299 1519 3359 secundae

163 3393 261 3454 servit
291 3389 510 3471 inaequalitati,
547 3389 594 3448 hic
619 3407 712 3467 aeque
737 3410 771 3449 ar
796 3390 879 3467 prius
902 3391 967 3469 ipse
990 3391 1116 3470 planeta
1137 3391 1319 3452 transfertur
1344 3389 1445 3459 tarde,
1469 3408 1519 3448 ce-

163 3480 284 3552 leriter,
316 3499 370 3559 pro
402 3498 456 3538 suo
492 3477 530 3538 ad
555 3477 583 3537 K
608 3478 730 3538 Terram
759 3498 882 3539 accessu
911 3482 958 3540 vel
983 3499 1102 3541 recessu
1127 3480 1156 3540 in
1180 3479 1290 3540 circulo
1316 3479 1396 3539 XZ:
1424 3478 1521 3538 inesse

164 3578 267 3630 sutem
301 3570 329 3630 in
355 3569 383 3628 K
407 3568 501 3628 Terra
531 3569 580 3638 (ut
610 3568 692 3643 prius
723 3570 802 3646 aprud
840 3567 1039 3646 Copemicum
1081 3570 1110 3630 iu
1143 3567 1231 3642 Sole,
1280 3567 1371 3628 corde
1407 3566 1522 3629 muudil

165 3658 225 3719 rim
255 3657 427 3729 motricem‚
474 3676 551 3735 quae
593 3668 699 3716 centra
737 3657 905 3734 hujusmodi
953 3658 1156 3738 epicyclorum
1189 3655 1420 3733 circumagam,
1465 3654 1521 3715 ab·

163 3748 285 3809 surdum
314 3757 345 3808 et
376 3755 576 3807 monstrosum
605 3756 652 3805 est
682 3754 828 3808 statuere.
876 3747 948 3807 Alia
972 3765 1041 3807 vero
1069 3747 1118 3807 ria
1141 3746 1310 3826 impugnari
1334 3762 1373 3803 ex
1395 3744 1522 3824 physica

163 3846 267 3914 potest
291 3836 365 3897 haec
400 3834 585 3915 hypothesis.
632 3833 690 3894 Est
720 3836 796 3895 euim
822 3836 888 3896 huic
913 3837 1027 3896 formae
1052 3836 1272 3916 quodammodo
1298 3833 1423 3913 propria
1446 3833 1520 3893 suli·

164 3925 244 3985 ditas
268 3926 393 3996 orbium,
417 3942 476 4002 qua
500 3930 568 4000 (per
588 3922 739 4004 Tychonis
758 3925 857 3985 Brahe
873 3925 1102 3985 observationes
1128 3925 1327 3993 cometamm)
1353 3922 1522 3991 destmeta‚

165 4013 240 4075 llaec
272 4032 325 4092 per
357 4032 425 4073 sese
457 4012 673 4090 quodammodo
708 4013 815 4073 cadere
850 4014 969 4075 ridetur
1003 4014 1199 4094 hypothesis;
1232 4022 1421 4073 statueretur
1446 4013 1522 4072 enim

164 4103 212 4163 vis
235 4103 344 4163 rnntrix
368 4101 395 4161 in
421 4110 523 4161 centro
552 4101 676 4180 epieycli
705 4103 749 4173 (in
774 4122 831 4163 non
856 4122 978 4181 corpore
1004 4104 1058 4163 sed
1082 4114 1191 4182 puncto
1214 4101 1450 4165 mathematico)
1475 4120 1523 4162 re·

165 4192 264 4252 sidero
295 4203 326 4251 et
358 4192 474 4268 agitare
504 4212 537 4249 sc
563 4189 658 4267 ipsam
682 4192 719 4252 do
744 4193 808 4252 loco
833 4193 862 4253 in
887 4193 983 4253 locum
1008 4193 1206 4265 transeundo,
1232 4192 1319 4269 idque
1344 4190 1523 4268 aequalibus

166 4281 350 4360 temporibus
374 4278 592 4358 inaequaliter3
624 4279 712 4343 simul
737 4300 807 4341 rero
832 4290 864 4341 et
888 4299 990 4342 secum
1013 4281 1183 4343 attraheret
1207 4281 1361 4360 planetam
1385 4280 1425 4339 ad
1450 4296 1522 4357 pro-

166 4370 368 4450 pinquitatem
402 4369 539 4429 diametri
569 4368 695 4447 epit-reli
724 4371 863 4449 illumque
887 4370 975 4431 simul
999 4370 1079 4431 circa
1103 4392 1171 4431 sese
1196 4378 1318 4450 gyraret
1344 4366 1523 4449 aequalibus

167 4458 352 4537 temporibus
394 4458 567 4536 aequaliter.
634 4459 716 4517 llaec
754 4470 841 4519 tanta
869 4460 1001 4519 varietas
1034 4459 1062 4521 in
1096 4480 1184 4520 unam
1207 4458 1366 4519 motricem
1391 4470 1522 4518 mentem

167 4550 276 4610 cadere
308 4567 366 4606 nnn
391 4554 508 4623 potest,
537 4545 594 4605 nisi
618 4545 701 4605 Deus
725 4549 782 4621 sit,
807 4550 990 4625 sntl'ragante
1014 4550 1181 4610 Aristotele
1206 4548 1256 4609 lib.
1282 4549 1304 4609 l.
1328 4546 1521 4626 Metaphysi-

166 4657 267 4697 comm
298 4656 364 4715 cap.
390 4633 431 4707 8,
464 4634 510 4693 cni
539 4634 649 4713 placet,
676 4637 801 4703 sindulis
832 4638 962 4698 motibus
994 4638 1212 4718 aequalissimis
1243 4646 1274 4698 et
1298 4634 1522 4715 simplicissime

167 4727 364 4787 circularibus
388 4724 523 4801 singulas
548 4725 720 4800 praesidere
745 4738 876 4787 mentes:
903 4737 1070 4806 praeterea,
1097 4728 1145 4807 qui
1169 4727 1264 4789 virtus
1284 4725 1387 4804 aliqua
1404 4724 1520 4785 sedebit

166 4814 199 4877 iu
233 4835 289 4875 uon
320 4832 457 4893 corpore,
492 4814 595 4873 ellluet
625 4833 661 4874 ex
690 4834 747 4876 uou
771 4834 894 4898 corpore
920 4816 947 4877 in
971 4816 1153 4895 planetam?
1198 4813 1315 4886 Quodsi
1345 4813 1441 4875 etiam
1474 4813 1520 4873 di·
