3368 5534
171 308 233 381 156
532 312 562 365 la
580 311 766 364 commentaris
783 309 814 363 da
832 310 937 362 :notibus
955 307 1044 361 stellae
1062 307 1155 360 llsrtis·

168 500 279 559 certus,
300 511 330 549 se
352 511 407 548 noo
426 492 556 548 minorem
576 494 637 548 Deo
658 492 762 546 cultum
781 494 942 561 praestare,
972 505 1053 560 quam
1074 493 1276 556 astronomum,
1306 489 1350 545 oui
1369 489 1448 545 Deus
1468 490 1523 545 hoe

167 574 256 640 dedit,
277 581 312 630 ut
329 573 429 629 mentis
450 574 529 627 oculo
550 571 735 644 perspicacius
756 570 859 636 rideat,
881 587 1006 641 quaeque
1027 569 1146 635 invenlt,
1176 587 1259 642 super
1278 569 1312 625 iis
1331 571 1423 625 Deum
1442 588 1522 626 suum

167 664 198 711 et
217 654 278 726 ipse
298 654 441 711 celebrare
461 653 550 723 possit
569 661 600 706 et
619 653 694 708 velit

247 734 307 798 Quo
328 733 435 789 nomine
455 733 636 798 mediocriter,
658 751 711 786 non
733 747 830 802 parum
851 728 927 794 sant,
949 729 1036 783 doctis
1050 732 1240 785 commendata
1252 747 1314 785 esse
1328 731 1414 787 debet
1427 731 1522 803 opinio

166 814 269 871 Brahei
290 816 324 869 de
345 814 433 868 torma
453 814 556 867 mundi:
583 813 684 884 quippe
712 828 783 883 quae
810 810 927 865 mediam
947 811 1143 881 quodammodo
1163 811 1236 866 viam
1256 810 1385 867 incedens
1405 830 1444 867 ex
1464 829 1523 867 una

166 902 248 968 parte
277 901 462 959 astronomos,
493 896 583 965 quoad
613 893 674 963 ejus
703 892 762 946 fieri
791 897 902 962 potest,
937 890 1028 946 inutili
1058 897 1101 945 tot
1129 891 1315 961 epicyelorum
1344 892 1522 963 supellectile

166 977 284 1038 liberat,
315 991 414 1028 causas
436 980 566 1039 motuum,
587 974 732 1046 ignoratas
746 972 916 1034 Ptolemaeo,
939 978 1000 1026 eum
1016 970 1167 1042 Copornico
1185 972 1375 1042 ampleoh‘tur:
1399 972 1523 1045 physicis

166 1053 400 1128 speculationibus
420 1054 540 1125 aliquem
561 1056 650 1108 locum
669 1055 731 1116 dat,
751 1052 815 1107 Sole
837 1051 865 1107 in
886 1060 1008 1107 centrum
1027 1051 1188 1123 systematis
1215 1052 1366 1122 planetarii
1390 1061 1521 1124 recepte:

166 1155 202 1193 ex
224 1136 315 1191 altera
334 1153 400 1197 vero
429 1144 510 1204 parte
540 1136 625 1206 vulgo
655 1133 829 1188 literatorum
858 1132 957 1205 servit,
977 1139 1143 1202 motumque
1164 1132 1291 1196 Telluris,
1322 1135 1392 1197 adeo
1414 1134 1522 1190 creditu

165 1216 310 1279 difficilem,
333 1214 471 1270 eliminat:
502 1215 568 1271 licet
588 1231 638 1285 per
659 1230 721 1269 eam
748 1212 873 1267 theoriae
899 1214 1072 1285 planetarum
1092 1212 1120 1267 in
1129 1213 1330 1269 :astronomicis
1350 1214 1522 1286 speenlatm·

166 1297 246 1353 nihus
275 1302 305 1351 et
333 1296 611 1351 demonstrationibus
641 1293 735 1349 multis
765 1292 928 1348 intricentur
955 1292 1165 1348 difficultatibus
1195 1311 1246 1347 nec
1272 1310 1371 1365 pamm
1391 1295 1523 1350 turbetur

186 1379 205 1433 h
226 1376 285 1431 sica
304 1375 440 1434 coelestis.

166 1394 339 1527 1''Atque
364 1456 434 1511 haec
459 1457 492 1509 do
521 1471 659 1510 securum
688 1454 831 1510 literarum
861 1452 1035 1510 auctoritato.
1076 1456 1119 1509 ad
1144 1455 1252 1526 placita
1271 1470 1336 1509 sero
1357 1452 1523 1509 sanatorum

167 1540 201 1592 de
231 1536 274 1592 his
303 1534 476 1591 naturalibus
508 1553 562 1590 uno
592 1537 677 1590 verbo
697 1535 865 1605 respondeo:
895 1535 923 1588 in
954 1533 1099 1608 theologia
1127 1535 1234 1607 quidem
1255 1534 1461 1596 auctoritatum,
1494 1533 1523 1589 in

164 1615 344 1691 philosophia
363 1634 428 1671 vero
454 1616 591 1671 rationum
612 1633 673 1671 esse
701 1621 839 1670 momenta
864 1616 1050 1685 ponderanda.
1091 1616 1209 1671 Sanctus
1239 1615 1325 1688 igitur
1344 1613 1520 1677 lactantius,

165 1698 212 1772 qui
231 1697 345 1752 Terram
365 1697 482 1770 negavit
501 1714 564 1751 esse
584 1697 741 1751 rotundam:
772 1702 885 1751 sanctrn
912 1694 1099 1768 augustinus,
1130 1696 1176 1768 qui
1196 1696 1367 1752 rotunditate
1389 1711 1523 1749 concam

164 1777 281 1851 :negavit
301 1788 394 1832 tamen
414 1778 578 1847 antipodas:
606 1784 731 1831 sanetum
754 1775 878 1830 Officium
898 1775 1097 1843 hodiernorum,
1120 1777 1167 1849 qui
1186 1777 1316 1832 exilitate
1330 1776 1435 1839 Terrae
1455 1792 1520 1829 oon·

164 1874 244 1913 cessa
263 1866 371 1929 negant
390 1867 483 1912 tamen
504 1857 564 1926 ejus
586 1866 695 1912 motum.
737 1861 776 1911 st
797 1856 886 1928 magis
915 1853 981 1910 mihi
1008 1867 1108 1912 sancta
1135 1858 1255 1920 veritas,
1283 1857 1329 1928 qui
1354 1856 1470 1911 'lemn
1491 1864 1522 1911 et

163 1938 309 1993 rotundam
339 1945 369 1992 et
399 1937 576 2008 antipodibus
607 1936 862 1992 circumhabitatam
889 1944 923 1992 et
952 1938 1183 1993 contentissimae
1219 1937 1367 2009 parvitatis
1397 1952 1460 1990 esse
1491 1943 1521 1990 et

164 2018 280 2089 denique
294 2035 345 2088 per
358 2019 450 2074 sidera
464 2018 538 2083 ierri,
560 2020 639 2073 salso
653 2019 793 2071 doctorum
807 2016 941 2071 ecclesiae
955 2025 1094 2087 respectu,
1108 2037 1146 2074 ex
1160 2017 1337 2090 philosophia
1350 2018 1518 2071 demonstro.

245 2107 299 2162 Sed
321 2107 391 2161 satis
411 2110 445 2162 de
466 2108 653 2179 hypotheseos
672 2107 878 2178 Copernicanae
898 2106 1027 2162 veritate.
1069 2109 1271 2165 Revertendum
1291 2107 1364 2161 enim
1384 2107 1420 2160 ad
1440 2104 1519 2160 insti·

166 2194 265 2252 tutum,
287 2204 305 2242 a
324 2205 378 2258 quo
399 2188 519 2243 iacerem
539 2188 646 2243 initium
666 2188 749 2258 hujus
770 2186 987 2242 introductionis.
1030 2189 1115 2261 Coepi
1135 2189 1235 2253 dicere,
1256 2206 1300 2244 roe
1321 2194 1409 2242 totam
1429 2194 1521 2240 astro-

165 2268 283 2326 nomiam
303 2286 357 2322 non
377 2268 579 2340 hypothesibus
599 2268 715 2333 fictitiis,
746 2269 793 2322 sed
820 2267 942 2338 physicis
963 2269 1054 2323 causis
1074 2272 1127 2326 hoc
1147 2286 1231 2340 opere
1252 2271 1377 2325 tradere:
1410 2267 1521 2321 adhoc

164 2367 230 2404 rere
264 2348 408 2419 fastigium
428 2367 485 2403 ·me
514 2350 687 2405 contendisse
717 2350 822 2403 duobus
846 2348 997 2420 gradibus:
1033 2350 1138 2415 altero,
1174 2351 1244 2422 quod
1274 2349 1520 2420 deprehenderam,

165 2430 193 2484 in
223 2445 337 2498 corpme
366 2428 439 2484 Solis
470 2446 632 2484 concurrere
661 2430 837 2500 planetarum
867 2429 1049 2494 eccentricos,
1083 2432 1205 2503 reliquo,
1241 2432 1311 2502 quod
1346 2429 1375 2483 in
1409 2427 1521 2481 theona

165 2507 283 2564 Telluris
305 2508 493 2564 intellexerim
512 2509 603 2564 inesse
624 2510 753 2565 circulum
773 2516 938 2580 aequantem
956 2508 1072 2581 ejusque
1087 2510 1322 2567 eocentrimtatem
1335 2508 1520 2564 hiseoandasn.

102 2590 105 2597 ’
164 2588 256 2661 Igitur
275 2587 320 2643 hic
340 2588 377 2644 sit
403 2590 502 2644 tertius
530 2592 648 2662 gradus,
679 2591 751 2660 quod
780 2589 985 2659 comparatione
1012 2590 1143 2647 instituta
1173 2591 1261 2662 partis
1290 2590 1429 2645 secundae
1458 2605 1546 2642 cum.

165 2677 267 2742 quarta
294 2668 445 2723 certimime
475 2672 692 2725 demonstratum
720 2670 785 2733 fuit,
826 2669 910 2726 etiarn
938 2671 1077 2726 Martialis
1108 2671 1252 2744 aequantia
1283 2668 1520 2725 eocentricitatem

166 2749 341 2805 hissosndam
362 2749 501 2820 praecise,
532 2753 602 2822 quod
623 2751 750 2805 Braheus
778 2750 823 2804 diu
851 2758 882 2805 et
901 2751 1067 2821 Copernicue
1093 2753 1203 2808 dubium
1225 2753 1383 2806 effecerunt.
1426 2749 1519 2812 Quare

165 2828 321 2889 inductione
343 2830 419 2884 iacta
439 2832 476 2885 ab
497 2831 621 2887 omnibus
641 2830 762 2902 planetis
784 2837 864 2901 parte
885 2830 970 2885 tertia
990 2850 1027 2886 ex
1048 2832 1202 2903 anticipato
1222 2834 1439 2888 demonstratum
1466 2839 1518 2893 est,

163 2909 379 2982 quandoquidem
399 2911 479 2967 solidi
499 2913 590 2976 orbes,
615 2919 646 2966 ut
666 2912 792 2966 Braheus
813 2929 849 2965 ex
876 2911 1085 2981 trajectionibus
1113 2920 1279 2969 cometarum
1309 2910 1518 2973 demonstravit,

163 2988 234 3045 nulli
254 2998 326 3054 sunt,
347 2990 420 3046 Solis
440 2992 528 3065 igitur
548 3009 647 3063 eorpus
668 3010 730 3046 esse
745 2991 847 3045 fontem
861 2991 980 3055 virtutis,
1003 3010 1074 3062 quae
1089 2997 1218 3066 planetas
1234 3009 1327 3049 omnes
1342 2990 1516 3062 circumagit.

162 3070 273 3127 lindum
293 3070 378 3126 etiam
397 3072 505 3128 deliniri
527 3073 700 3144 argumentis
721 3070 819 3134 talem,
850 3079 883 3126 ut
902 3071 949 3126 Sol
970 3088 1084 3130 manens
1106 3075 1212 3147 quidem
1232 3091 1282 3127 suo
1304 3073 1378 3133 loco.
1408 3078 1518 3125 rotetur

163 3158 256 3207 umen
277 3167 328 3205 ceu
348 3150 375 3205 in
396 3159 491 3218 torno,
519 3154 631 3208 emittat
657 3170 722 3206 vero
752 3170 790 3205 ex
811 3169 872 3205 sese
894 3152 921 3206 in
942 3154 1033 3209 mundi
1054 3155 1260 3226 amplitudinem
1280 3151 1400 3222 speeiem
1421 3151 1516 3206 imma·

162 3231 294 3286 teristam
314 3233 435 3302 corporis
457 3234 513 3298 sui,
534 3236 685 3305 analogum
707 3231 808 3302 speciei
830 3232 1032 3288 immateriatae
1053 3235 1122 3289 lucis
1143 3252 1225 3290 suae:
1257 3250 1330 3305 quae
1350 3232 1459 3302 species
1480 3233 1516 3284 ad

163 3311 329 3366 rotationem
359 3314 479 3384 corporis
509 3314 615 3369 Solaris
645 3320 752 3368 rotetur
782 3312 844 3381 ipsa
873 3329 980 3383 quoque
1011 3315 1099 3371 instar
1128 3314 1292 3385 rapidissimi
1322 3311 1434 3367 vorticis
1467 3329 1518 3382 per

163 3399 251 3447 tetam
272 3392 361 3446 mundi
384 3395 603 3465 amplitudinem:
625 3393 830 3463 transieratque
851 3408 907 3446 una
928 3409 1018 3448 secum
1040 3396 1066 3450 in
1087 3413 1187 3467 gyrum
1201 3410 1318 3465 corpora
1341 3388 1518 3464 planets'rum

165 3472 274 3528 intenso
295 3473 340 3527 rel
362 3474 474 3528 remisso
495 3483 587 3545 raptu,
609 3481 692 3546 prout
712 3473 820 3527 densior
841 3474 884 3526 vel
906 3475 993 3528 rarior
1014 3476 1077 3546 ipsa
1096 3477 1215 3531 effluxus
1237 3477 1301 3547 lege
1323 3474 1415 3528 luerit

244 3563 387 3633 Expedita
406 3565 538 3619 communi
560 3565 614 3618 hac
632 3563 751 3626 virtute,
773 3579 829 3633 qua
849 3578 941 3617 omnes
963 3566 1095 3635 planetae
1115 3584 1166 3620 suo
1187 3565 1300 3637 quisque
1321 3563 1423 3618 circulo
1443 3563 1518 3616 ciros

166 3644 260 3699 Seleia
278 3643 461 3707 invehuntur:
483 3644 681 3700 consectarium
701 3648 764 3697 erat
784 3643 851 3697 meis
872 3646 1175 3715 argumentationibus,
1204 3654 1237 3701 ut
1256 3643 1373 3717 singulis
1394 3643 1518 3713 planetis

167 3723 271 3795 singuli
292 3724 480 3779 tribuerentur
500 3733 633 3789 motores,
660 3724 688 3778 in
709 3722 775 3793 ipsis
796 3723 971 3793 planetarum
990 3726 1081 3798 globis
1103 3727 1269 3782 insidentes:
1290 3725 1393 3796 quippe
1414 3722 1517 3778 solidos

166 3805 247 3860 orbes
263 3802 323 3873 ,iam
344 3823 380 3858 ex
401 3806 541 3861 sententis
561 3805 662 3860 Brahei
685 3803 777 3872 rejeci.
818 3808 910 3875 Atque
936 3807 988 3861 hoc
1015 3807 1103 3877 ipsum
1124 3825 1231 3878 quoque
1252 3814 1332 3878 parte
1353 3804 1440 3859 tertis
1459 3804 1515 3875 egi.

243 3894 304 3947 Hac
325 3896 535 3965 argumentandi
558 3894 605 3949 via
624 3893 767 3948 constituti
788 3900 908 3948 meteres
928 3895 973 3948 isti
999 3895 1157 3951 incredibile
1187 3896 1261 3951 dictu
1291 3901 1424 3967 quantum
1450 3893 1517 3948 mihi

163 3972 267 4029 laboris
288 3974 467 4031 exhibuerint
487 3981 568 4046 parte
590 3983 699 4045 quarta,
721 3976 784 4028 dum
804 3973 952 4030 diceneo:
974 3976 1105 4045 planetae
1127 3977 1235 4040 aSole,
1257 3978 1320 4030 dum
1334 3974 1516 4045 uqustiorms

162 4054 283 4109 sccentri
305 4057 419 4125 prodere
436 4056 517 4125 jussi,
538 4055 653 4110 vitiosas
675 4056 800 4126 produnt
814 4062 843 4109 et
856 4057 892 4110 ab
914 4056 1152 4113 observationibus
1166 4055 1346 4112 dissentiunt:
1368 4072 1423 4109 non
1444 4056 1517 4125 quod

163 4135 236 4191 false
257 4134 360 4190 luerim
379 4135 534 4201 introducti,
556 4138 603 4190 sed
625 4135 691 4207 quis
710 4135 872 4190 circulorum
892 4137 971 4207 quasi
991 4137 1114 4207 pistrinis
1134 4138 1197 4192 illos
1219 4138 1411 4209 alligaveram,
1434 4135 1515 4189 lasei-

162 4221 244 4271 oatus
266 4215 393 4285 opinione
414 4216 540 4289 vulgari:
562 4217 660 4286 quibus
681 4216 720 4270 illi
743 4216 918 4285 compedibus
939 4217 1004 4272 nexi
1019 4235 1088 4288 opus
1101 4235 1180 4273 suum
1195 4218 1287 4272 iacere
1307 4234 1359 4270 son
1375 4223 1514 4285 poterant

242 4296 300 4350 Neo
319 4296 380 4351 duis
401 4297 454 4352 fuit
475 4296 648 4368 fatigationis
669 4312 746 4350 meae
768 4296 843 4366 prius
865 4314 947 4369 quam
967 4305 1094 4369 quartum
1121 4301 1155 4352 ad
1181 4298 1352 4370 hypotheses
1383 4295 1515 4368 physicas

163 4374 252 4431 struxi
273 4379 405 4448 gruum:
428 4375 647 4432 laboriosissimis
665 4376 942 4432 demonstrationibus
957 4379 1233 4452 observationumque
1247 4377 1425 4450 plurimarum
1440 4384 1515 4431 trac·

162 4457 313 4512 tatiombus
327 4459 509 4529 deprehenso,
531 4456 583 4511 iter
597 4458 728 4527 planetae
743 4455 770 4509 in
784 4458 862 4512 coelo
879 4476 933 4512 non
948 4475 1009 4514 esse
1023 4460 1161 4524 circulum,
1184 4462 1232 4514 sed
1251 4458 1343 4513 riam
1362 4458 1513 4521 evalem,

162 4538 285 4610 periente
306 4537 520 4609 ellipticam.

241 4617 367 4673 Accessit
387 4617 542 4691 geometria
561 4617 714 4688 docuitque,
736 4618 790 4671 iter
811 4617 868 4672 tale
889 4619 969 4686 affin,
991 4619 1013 4673 si
1034 4619 1152 4690 propriis
1167 4622 1342 4692 planetarum
1361 4616 1514 4674 motoribus

163 4699 286 4753 laborem
307 4698 380 4755 huno
399 4700 581 4773 assignemus,
602 4697 720 4753 librandi
741 4715 839 4769 corpus
853 4716 932 4753 suum
947 4699 974 4753 in
988 4698 1063 4755 linea
1076 4708 1154 4757 reeta
1167 4718 1262 4756 versus
1275 4701 1367 4756 Solem
1381 4708 1509 4754 extensa

163 4778 258 4849 Neque
278 4778 330 4833 hoo
350 4783 453 4845 solum,
482 4781 530 4835 sed
551 4786 581 4835 et
600 4777 779 4849 aequatione:
801 4779 944 4835 ecoentrici
972 4780 1068 4852 justae
1088 4789 1118 4838 et
1138 4781 1376 4839 observationibus
1396 4796 1512 4834 consen·

163 4866 265 4916 “usu
284 4859 477 4921 cudebantur
497 4877 548 4935 per
568 4861 653 4916 talem
672 4858 857 4917 librationem.
