3374 5528
535 334 597 388 Pars
615 335 720 399 Quarta.
758 334 840 402 Caput
856 326 935 388 uvtt
1345 322 1410 404 309

62 511 243 573 retentionis
276 531 343 573 esse
376 513 480 574 multis
513 515 651 593 partibus
682 515 833 576 fortiorem
868 535 955 595 quam
980 521 1122 577 annutum
1149 515 1217 577 axis
1240 515 1279 577 ad
1302 514 1413 587 Solem.

63 608 155 681 atque
186 599 230 662 ita
259 600 342 662 illam
372 602 410 662 ab
434 603 608 664 adversario
636 613 698 666 tam
722 604 862 666 imbecilli
887 604 940 664 vel
959 603 1032 665 nihil
1056 603 1104 664 vel
1127 623 1231 684 parum
1255 606 1414 667 admodum

64 688 211 768 fatigari?
256 690 434 769 Exemplum
464 709 579 753 rursum
610 695 762 772 capiamus
793 713 831 754 ex
854 701 1003 772 magnete.
1051 693 1084 754 ln
1109 712 1144 753 eo
1168 693 1414 755 manifestissime

60 777 231 858 permixtae
263 787 332 839 sunt
356 779 431 839 duae
456 780 600 853 virtutes,
626 782 722 847 altera
745 782 920 843 directionis
944 782 981 842 ad
1005 781 1116 860 pulum,
1142 784 1238 843 altera
1262 782 1334 844 ferri
1358 802 1413 861 ap-

61 875 181 947 petens.
228 868 334 947 Itaque
365 868 390 928 si
424 869 537 948 lingula
570 890 622 931 seu
646 892 718 932 aeus
742 872 863 933 nautica
886 871 1034 949 dirigatur
1057 890 1161 931 versus
1184 871 1299 952 polum,
1324 890 1413 933 acce-

62 957 119 1017 dat
151 975 222 1017 vero
245 957 356 1018 ferrum
379 977 397 1017 a
419 956 528 1032 latere,
563 979 633 1019 acus
658 982 676 1020 a
697 962 766 1040 pulo
781 960 912 1021 declinat
934 978 1093 1039 parumper
1117 967 1148 1019 et
1170 959 1208 1020 ad
1232 962 1341 1023 ferrum
1365 960 1413 1021 in-

62 1042 169 1118 clinat,
195 1054 285 1125 atque
308 1047 352 1106 ita
371 1047 502 1108 nonnihil
519 1049 655 1128 indulget
674 1049 870 1111 familiaritati
891 1048 975 1121 ferri,
1001 1049 1044 1108 sic
1066 1056 1175 1122 tamen,
1201 1049 1413 1129 utplurimum

61 1132 136 1214 polo
159 1134 283 1196 tribuat.
329 1135 407 1196 Hinc
431 1136 506 1197 adeo
529 1137 594 1199 fieri
615 1146 704 1219 putat
728 1138 939 1210 Gilbertus
966 1144 1001 1198 ut
1022 1137 1134 1216 lingula
1150 1158 1168 1196 a
1183 1139 1252 1217 polo
1269 1138 1306 1197 ad
1322 1157 1412 1217 prae-

61 1222 170 1302 cipuae
194 1223 407 1302 magnitudinis
431 1226 619 1288 continentes
642 1227 787 1302 declinet,
814 1237 903 1307 atque
927 1226 970 1287 ita
994 1245 1086 1287 causa
1102 1226 1312 1287 declinationis
1326 1226 1415 1306 hujus

61 1311 142 1373 insit
172 1312 200 1372 in
224 1313 383 1374 Terrarum
408 1314 568 1388 tractibus,
593 1326 683 1396 prout
706 1338 724 1377 a
748 1317 862 1378 dextris
886 1316 932 1375 vel
957 1336 975 1375 a
998 1315 1129 1376 sinistris
1152 1314 1292 1390 altiores,
1316 1315 1414 1396 majo-

60 1419 114 1462 res
139 1408 171 1461 et
193 1402 303 1462 virtute
327 1401 520 1480 pollentiores
543 1404 573 1464 in
596 1407 761 1487 propinquo
785 1405 855 1467 sint.

155 1490 300 1571 Adeoque
334 1490 438 1552 eadem
471 1510 562 1573 opera
594 1502 625 1555 et
656 1495 843 1573 aequabilem
875 1493 992 1573 utrique
1023 1492 1158 1553 facultati
1183 1491 1314 1566 naturali
1338 1512 1412 1575 ope-

61 1578 214 1640 rationem
236 1579 410 1659 permittere
434 1600 609 1660 possumus,
633 1593 664 1645 et
686 1582 959 1663 contemperatione
982 1581 1136 1661 utriusque
1163 1601 1221 1643 non
1256 1582 1413 1644 obscuram

61 1687 161 1749 neque
193 1668 360 1729 mehercule
391 1689 499 1732 vanam
536 1673 693 1734 ostendere
717 1692 838 1736 causam
863 1670 1072 1732 translationis
1094 1670 1288 1750 aplreliorum.
1335 1670 1412 1734 Esto

63 1759 156 1831 enim,
179 1765 214 1818 ut
236 1757 310 1818 haec
333 1757 380 1818 vis
404 1759 549 1839 dirigendi
574 1762 639 1822 axis
663 1762 692 1822 in
718 1763 821 1825 Solem
845 1762 971 1838 deroget
983 1758 1116 1821 nonnihil
1136 1759 1239 1821 virtuti
1260 1760 1413 1823 retentrici

61 1865 120 1927 pro
148 1846 268 1908 modulo
301 1865 372 1906 snae
406 1848 443 1908 ad
472 1848 555 1910 illam
578 1852 789 1931 proportionis.
836 1852 870 1912 ln
895 1848 1081 1911 semicirculo
1105 1848 1196 1928 igitur
1219 1848 1343 1928 aphelii,
1381 1857 1415 1910 ut

62 1936 98 1996 in
124 1935 321 2010 (inrigua),
345 1954 445 1997 mucro
469 1957 573 2000 versus
596 1941 625 2000 H
649 1950 759 2001 annuet
781 1957 954 2022 parumper,
987 1938 1043 1998 hoe
1072 1945 1119 1998 est
1141 1937 1170 1997 in
1196 1937 1414 2013 antecedentia,

63 2024 166 2086 canda
191 2044 261 2086 vero
285 2025 396 2086 abnuet
419 2047 437 2085 a
460 2026 540 2102 Sole,
564 2029 685 2089 vincens
709 2048 868 2110 parumper
886 2029 945 2088 vim
961 2025 1162 2089 retentricem.
1201 2026 1415 2107 Itaqueaphe·

63 2113 141 2176 lium
163 2114 214 2175 fiet
236 2114 453 2193 retrogradum.
499 2117 544 2179 At
566 2118 595 2178 in
620 2116 805 2179 semicirculo
829 2116 979 2197 perihelii,
1017 2124 1051 2175 ut
1073 2114 1102 2175 in
1126 2117 1168 2190 F,
1203 2124 1315 2178 annuet
1336 2115 1416 2178 idem

63 2221 169 2265 mucro
193 2222 297 2264 versus
324 2201 362 2278 G,
387 2203 444 2264 hoc
467 2213 515 2267 est
533 2207 562 2268 in
586 2208 807 2288 consequentia,
832 2224 931 2268 rusum
955 2206 1077 2266 vincens
1101 2205 1160 2265 vim
1179 2204 1370 2267 retentricem
1385 2205 1415 2267 io

62 2292 258 2354 contrarium.
305 2292 389 2353 'Iunc
413 2293 504 2372 igitur
527 2296 676 2376 aphelium
693 2298 745 2357 fiet
764 2297 908 2358 directum
924 2303 955 2356 et
972 2293 1070 2354 velox.
1113 2291 1193 2364 Quia
1210 2312 1281 2354 vero
1297 2293 1416 2356 brevior

64 2391 117 2444 est
139 2383 196 2444 AF
219 2401 306 2462 qnam
330 2381 407 2456 AC,
441 2392 472 2444 et
496 2383 549 2445 Sol
573 2385 694 2465 propior
717 2385 775 2465 ipsi
798 2386 823 2446 F
846 2404 934 2466 qnam
957 2382 1016 2464 ipsi
1041 2379 1084 2457 C,
1118 2382 1185 2443 ideo
1215 2390 1246 2443 et
1268 2384 1316 2445 vis
1340 2402 1414 2446 con-

64 2469 218 2532 versionis
250 2469 317 2532 aris
350 2473 511 2550 magnetici
543 2475 581 2536 ad
605 2473 707 2537 Solem
741 2475 848 2537 fortior
878 2474 907 2534 in
931 2474 957 2535 F
979 2474 1067 2553 quam
1090 2469 1120 2532 in
1145 2469 1180 2532 O.
1226 2471 1300 2534 Plus
1323 2471 1416 2552 igitur

64 2559 264 2639 derogabitur
286 2559 440 2621 retentrici
463 2562 493 2622 in
516 2563 540 2623 F
563 2582 652 2645 quam
674 2564 704 2624 in
729 2563 763 2627 O.
803 2564 870 2625 Non
889 2570 1005 2623 tantum
1026 2560 1118 2639 igitur
1133 2568 1309 2640 compensat
1325 2568 1416 2623 nutus

63 2648 233 2731 peribolius
262 2649 291 2710 in
322 2651 536 2730 consequentia
565 2661 668 2715 nutum
692 2651 841 2733 aphelium
865 2652 894 2713 in
918 2648 1145 2724 antecedentia,
1170 2651 1222 2711 sed
1247 2650 1338 2712 etiam
1363 2670 1416 2713 su-

64 2745 157 2820 peret
180 2756 255 2799 eum.
301 2740 403 2819 Atque
426 2741 470 2801 ita
493 2760 584 2803 causa
605 2750 700 2822 patet,
724 2761 776 2802 eur
799 2740 921 2821 apsides
942 2737 1182 2820 progrediantur,
1205 2759 1264 2801 non
1282 2749 1415 2803 retroce-

65 2828 153 2889 dant.
200 2828 304 2908 Itaque
329 2828 479 2907 aphelium
502 2851 521 2890 a
544 2831 629 2892 nobis
652 2831 806 2892 inventum
829 2830 944 2891 valebit
965 2835 1081 2889 tantum
1103 2828 1134 2888 in
1158 2828 1309 2889 anomalia
1325 2847 1416 2891 coae-

65 2925 162 2998 quata
185 2912 246 2979 90⁰
268 2925 299 2977 et
321 2912 419 2991 270⁰,
448 2920 566 3000 quando
594 2920 659 2981 axis
683 2921 835 2981 virtuosus
859 2920 888 2979 in
913 2917 1015 2981 Solem
1039 2918 1136 2996 ipsum
1158 2916 1336 2996 porrigitur,
1364 2918 1415 3000 qni

66 3014 118 3067 est
137 3005 327 3085 justus·ejus
352 3006 447 3079 situs,
485 3009 600 3090 eritque
624 3017 722 3070 motus
746 3007 856 3089 aphelii
882 3006 1014 3087 spiralis,
1037 3013 1071 3067 ut
1089 3005 1167 3067 infra
1185 3025 1250 3086 cap.
1266 3007 1414 3071 LXVIII.

68 3094 164 3156 etiam
193 3095 229 3155 de
262 3102 344 3156 motu
375 3097 595 3176 praecessionis
627 3098 881 3179 aequinoctiorum
914 3096 950 3158 oh
981 3113 1102 3156 causam
1136 3094 1226 3157 aliam
1254 3095 1414 3160 existentis

66 3182 196 3264 patebit.
242 3184 377 3246 Directio
409 3186 499 3265 igitur
522 3187 588 3248 axis
611 3187 772 3266 magnetici
796 3187 934 3253 insitum
957 3184 1150 3265 parallelum,
1175 3204 1227 3245 seu
1248 3185 1308 3259 vis,
1331 3184 1414 3247 illius

67 3282 183 3346 custos,
207 3292 266 3333 non
288 3274 430 3353 respiciet
452 3277 527 3338 fixas
551 3277 606 3337 has
629 3276 676 3337 rel
701 3277 784 3348 illas,
809 3276 861 3336 sed
885 3283 1001 3336 tantum
1025 3273 1114 3335 situm
1140 3272 1186 3334 sui
1210 3273 1357 3354 corporis,
1381 3283 1415 3336 ut

67 3363 96 3424 is
125 3370 175 3423 est
201 3361 334 3442 quolibet
363 3372 504 3444 tempore.
556 3365 596 3426 Et
623 3384 654 3425 re
683 3364 859 3444 simpliciter
886 3382 1050 3443 perpensa,
1089 3362 1158 3442 qnia
1188 3362 1314 3424 directio
1338 3363 1413 3425 haec

67 3450 164 3532 quieti
187 3451 312 3512 similior
335 3461 382 3514 est
404 3473 492 3533 quam
514 3454 618 3529 motui,
642 3455 672 3515 in
690 3453 816 3514 materia
838 3453 926 3533 inque
943 3450 1075 3530 corporis
1091 3449 1288 3532 dispositione
1302 3451 1414 3532 potiori

63 3541 135 3621 jure
159 3541 321 3621 quaeritur,
346 3561 433 3621 quam
456 3543 486 3603 in
509 3543 610 3623 aliqua
632 3551 740 3603 mente.

160 3630 228 3710 Age
251 3649 331 3702 vero,
356 3632 531 3693 arctioribus
562 3631 699 3711 vestigiis
731 3648 944 3710 persequamur
968 3628 1043 3689 hanc
1070 3627 1294 3691 similitudinem
1317 3630 1413 3692 libra·

70 3718 165 3782 tionis
197 3719 384 3801 planetariae
408 3740 474 3782 oum
503 3730 585 3783 mutu
615 3721 780 3799 magnetis,
812 3719 899 3799 idque
931 3717 1183 3778 demonstratione
1215 3718 1413 3797 pulcherrima

69 3808 271 3888 geometrica:
295 3817 328 3870 ut
350 3816 504 3890 appareat,
528 3820 684 3890 magnetes
706 3809 797 3870 talem
822 3807 929 3868 habere
953 3814 1074 3879 mutum,
1098 3806 1216 3886 qualem
1239 3807 1269 3868 in
1291 3809 1415 3888 planeta

70 3897 330 3978 deprehendimus.
378 3898 426 3961 Sit
447 3900 532 3962 DFA
556 3908 620 3973 (mg.
641 3904 703 3967 tlt)
729 3898 774 3959 vel
798 3915 920 3976 magnes
948 3895 1091 3957 rutundus
1114 3895 1163 3956 vel
1186 3897 1283 3976 ipsum
1307 3915 1413 3977 corpus

70 3987 203 4049 Martis:
236 3987 294 4048 DA
319 3987 412 4062 linea,
439 3989 597 4050 secundum
621 4008 708 4069 qnam
730 3986 892 4067 porrigitur
921 3985 1016 4046 virtus
1048 3984 1233 4064 magnetica:
1270 3985 1298 4046 D
1325 3986 1412 4066 polus

70 4074 155 4138 Solis
179 4084 343 4155 appetens,
374 4076 404 4137 A
427 4078 512 4155 polus
541 4078 653 4140 aSole
683 4078 808 4157 fugiens.
860 4073 991 4136 Primum
1021 4073 1153 4148 notabis,
1189 4074 1268 4134 idem
1292 4093 1360 4136 esso
1383 4073 1414 4134 in

70 4165 129 4227 bac
160 4164 380 4244 speculatione,
416 4166 479 4226 sive
512 4167 732 4228 consideremus
764 4166 913 4247 integrum
935 4164 1054 4243 globum
1083 4162 1217 4242 corporis
1242 4162 1413 4242 magnetioi‚

71 4254 136 4316 sive
160 4273 249 4316 unam
273 4254 368 4316 solam
393 4255 457 4333 ejus
481 4255 588 4317 lineam
613 4255 767 4337 physicam
791 4253 912 4314 virthtis
936 4252 994 4333 ipsi
1017 4252 1075 4315 DA
1099 4253 1275 4331 parallelon.

163 4342 239 4406 Cum
268 4342 346 4404 enim
376 4344 473 4405 virtus
502 4345 577 4405 haec
600 4344 770 4423 magnetica
792 4342 833 4403 sit
856 4341 1020 4422 corporalis
1044 4349 1163 4402 etcum
1187 4358 1311 4419 corpore
1334 4339 1414 4400 divi·

71 4432 142 4506 dua,
166 4438 200 4493 nt
215 4431 357 4512 probavit
370 4432 576 4495 Gilbertus
590 4434 718 4513 Anglus,
742 4434 778 4495 Β.
795 4428 962 4504 Porta⁸⁵)
986 4439 1018 4492 et
1030 4430 1099 4505 alii;
1122 4438 1203 4491 certe
1223 4429 1292 4509 quia
1306 4429 1414 4509 globus

72 4528 197 4584 constat
229 4538 266 4581 ex
294 4520 417 4584 infinitis
441 4523 527 4603 quasi
549 4523 638 4583 lineis
660 4520 792 4602 physicis
815 4519 873 4600 ipsi
895 4520 959 4583 DA
977 4518 1149 4601 parallelis,
1173 4537 1297 4598 quarum
1320 4517 1416 4580 virtus

72 4611 103 4673 in
126 4620 242 4673 rectum
265 4618 297 4672 et
318 4631 407 4673 unam
430 4612 531 4674 mundi
553 4613 674 4692 plagam
698 4609 877 4684 extenditur,
901 4609 938 4670 de
963 4604 1089 4687 singulis
1113 4606 1239 4668 seorsim
1261 4606 1341 4668 idern
1358 4607 1418 4669 erit

69 4699 215 4780 judicium
247 4699 328 4761 cirea
359 4699 535 4782 qualitatem
558 4707 675 4775 motus,
708 4699 786 4781 qnod
809 4706 857 4761 est
879 4698 915 4759 de
938 4695 1088 4760 universis
1111 4695 1291 4775 conjunctim
1315 4704 1347 4756 et
1368 4694 1417 4756 vi-

74 4788 170 4852 cisim.
223 4788 272 4852 Sit
304 4808 375 4869 ergo
405 4791 469 4852 loco
492 4791 585 4852 totins
609 4789 744 4869 corporis
767 4787 951 4868 omniumque
976 4787 1040 4866 ejus
1064 4784 1280 4847 filamentorum
1303 4785 1419 4849 medius

75 4879 141 4942 axis
165 4880 225 4942 DA
249 4877 288 4940 ad
311 4879 523 4961 speculandum
545 4879 727 4960 propositus.
774 4879 931 4940 Biseceour
953 4877 1012 4939 DA
1036 4874 1065 4934 in
1088 4875 1113 4935 B
1139 4883 1170 4935 et
1192 4875 1250 4954 ipsi
1265 4875 1324 4940 DA
1346 4893 1420 4957 per-
