3368 5534
165 295 231 367 334
650 299 817 353 merosum
836 299 1036 354 surranum

161 479 228 560 jam
251 495 319 558 cap.
341 475 427 541 XLI.
451 496 506 538 nos
530 475 567 537 de
591 495 626 539 eo
655 478 750 558 jussit
773 480 921 544 dubitare.
962 479 1064 552 Quare
1088 481 1118 542 iu
1138 480 1289 543 anomalia
1311 480 1444 543 eceentri
1462 476 1527 545 900

166 565 392 641 eccentricitas,
416 565 514 645 capite
534 565 634 629 XLII.
660 569 783 631 inventa
799 566 897 644 9264,
921 571 977 634 erit
999 579 1137 652 tangens,
1163 590 1239 652 quae
1253 571 1396 633 ostendet
1406 579 1525 650 partem

166 656 358 738 aequationis
382 655 513 734 opticam
537 649 576 717 50
602 655 652 720 170
677 654 752 721 3400.
803 660 845 721 Et
873 659 943 738 quia
965 661 994 723 in
1019 661 1171 722 anomalia
1198 660 1330 723 eccentri
1361 654 1426 725 900
1452 679 1527 723 area

165 745 310 826 trianguli
337 753 385 807 est
399 744 584 824 rectangnla,
609 747 698 807 ducto
718 747 809 826 igitur
824 750 908 811 radio
922 749 952 811 in
967 749 1120 811 dimidium
1136 749 1384 823 eccentricitatis,
1404 749 1527 811 seilicet

164 831 263 908 4632,
282 834 422 914 provenit
432 853 504 896 area
518 834 662 914 trianguli
672 833 880 902 463200000.
910 840 954 901 Ut
967 849 1068 901 autem
1083 858 1155 900 area
1165 840 1267 901 circuli
1279 833 1527 903 31415926530

165 925 203 987 ad
229 919 311 987 3600
334 924 398 985 sive
426 917 609 995 12960000,
633 926 676 986 sic
700 925 774 986 haec
793 928 858 1006 jam
882 929 1005 991 inventa
1029 949 1100 990 area
1119 923 1319 992 4153200000
1335 928 1373 989 ad
1393 924 1527 992 191080

165 1034 219 1079 seu
239 1009 278 1075 5⁰
297 1009 347 1075 180
367 1010 432 1076 2800
447 1020 563 1091 partem
579 1015 768 1094 aequationis
783 1017 948 1096 physicam.
971 1016 1079 1098 ltaque
1091 1027 1155 1078 tota
1167 1018 1307 1097 aequatio
1326 1012 1385 1080 100
1400 1012 1456 1081 360
1471 1014 1525 1091 200,

165 1112 199 1166 ut
230 1103 276 1164 ita
299 1102 467 1165 anomaliae
491 1101 607 1164 mediae
637 1099 697 1166 95⁰
724 1103 773 1167 180
799 1103 863 1169 2800
888 1107 1070 1185 respondeat
1092 1117 1260 1186 coaequata
1283 1102 1344 1170 840
1366 1104 1422 1170 420
1446 1102 1523 1170 260.

137 1210 140 1215 ·
165 1194 210 1257 At
233 1192 396 1254 secundum
419 1191 592 1254 methodum
617 1193 724 1274 capitis
747 1193 867 1258 XVIII.
891 1195 1006 1258 vicaria
1030 1197 1219 1279 hypothesis,
1244 1205 1294 1257 sat
1317 1195 1378 1258 fida
1401 1195 1431 1258 in
1457 1197 1526 1258 lon·

166 1282 317 1363 gitudine,
352 1280 487 1343 ostendit
517 1281 618 1354 nobis,
651 1285 729 1362 quod
761 1284 858 1346 eidem
887 1285 1054 1347 anomaliae
1079 1285 1195 1348 mediae
1221 1281 1281 1349 950
1307 1282 1358 1348 180
1381 1281 1449 1347 280
1474 1303 1525 1346 re-

167 1372 316 1453 spondere
340 1371 452 1433 debeat
475 1379 643 1451 coaequata
665 1369 726 1435 840
749 1373 803 1437 420
827 1372 878 1438 200.
925 1375 1104 1437 Differentia
1127 1373 1202 1438 240.

261 1459 405 1523 Sumatur
433 1461 499 1540 jam
530 1462 680 1523 anomalia
704 1464 834 1526 eccentri
863 1465 959 1527 nostri
982 1459 1043 1527 450
1065 1473 1097 1526 et
1122 1461 1212 1528 1350.
1257 1463 1301 1526 Et
1322 1471 1357 1525 ut
1379 1470 1465 1525 totus
1488 1463 1526 1523 ad

170 1551 255 1613 sinus
286 1551 389 1612 horum
418 1549 608 1631 angulomm,
648 1551 691 1613 ita
723 1574 795 1616 area
828 1550 956 1618 191080
982 1553 1104 1615 maximi
1127 1552 1268 1632 trianguli
1293 1552 1461 1633 aequaturii
1487 1554 1526 1612 ad

166 1660 268 1703 aream
301 1640 389 1718 hujus
423 1639 480 1700 loci
523 1636 652 1702 135120
684 1641 747 1703 sire
781 1638 820 1705 30
850 1637 904 1705 450
942 1640 1021 1717 120,
1060 1652 1093 1705 ut
1125 1642 1278 1704 additione
1311 1642 1399 1721 hujus
1427 1642 1527 1722 partis

167 1729 358 1808 aequationis
382 1727 525 1810 physicae
550 1728 587 1788 ad
612 1732 790 1794 anomaliam
814 1733 947 1794 eccentri
970 1732 1193 1794 constituantur
1215 1731 1384 1793 anomaliae
1407 1731 1526 1792 mediae

166 1814 228 1884 480
255 1813 310 1882 450
343 1815 405 1879 120
439 1826 469 1878 et
501 1814 581 1881 1380
608 1815 663 1882 450
690 1817 761 1884 1200.
808 1821 898 1883 Datis
923 1840 994 1883 vero
1018 1821 1152 1883 cruribus
1176 1820 1350 1900 angulorum
1376 1821 1526 1893 datorum,

167 1909 316 1988 prodeunt
345 1905 446 1986 anguli
485 1906 652 1969 anomaliae
686 1918 869 1990 coaequatae
903 1911 950 1972 his
982 1910 1087 1973 mediis
1118 1908 1275 1972 anomaliis
1303 1909 1525 1990 respondentes

167 1995 228 2062 410
241 1995 295 2060 280
311 1993 386 2071 540,
414 1991 561 2060 1300590
577 1993 640 2059 250
653 1992 706 2074 00).
741 2002 786 2063 At
798 2020 852 2081 per
868 2000 1011 2062 vicariam
1027 2000 1218 2082 hypothesin,
1242 2008 1275 2061 ut
1289 1999 1391 2078 capite
1400 1996 1525 2061 XVlll.

170 2087 280 2169 operis,
306 2085 451 2148 assumtis
470 2086 575 2147 iisdem
591 2090 748 2151 anomaliis
765 2090 950 2171 simplicibus
964 2085 1025 2152 480
1047 2086 1102 2154 450
1129 2088 1189 2152 1200
1214 2096 1245 2150 et
1270 2082 1351 2151 138⁰
1373 2080 1429 2152 450
1454 2086 1527 2161 120,

166 2177 315 2258 prodeunt
345 2184 530 2254 coaequatae
564 2175 625 2238 illic
653 2175 714 2241 410
742 2177 795 2242 200
820 2176 901 2251 330,
933 2179 1031 2241 minus
1055 2199 1144 2260 quam
1167 2197 1221 2260 per
1244 2195 1346 2239 aream
1368 2175 1526 2257 trianguli,

167 2285 309 2330 excessus
342 2262 374 2328 80
408 2262 490 2340 210,
522 2263 570 2327 1ιίε
603 2262 684 2329 1310
715 2267 746 2332 70
768 2266 848 2344 260,
877 2270 945 2349 plus
967 2287 1057 2353 quam
1079 2289 1134 2350 per
1157 2286 1261 2331 aream
1283 2264 1445 2346 trianguli,
1470 2267 1526 2327 de·

167 2356 266 2420 iectus
290 2353 332 2418 80.
380 2355 487 2434 ltaque
511 2373 576 2416 curn
600 2364 714 2418 certum
739 2359 796 2427 sit,
830 2358 963 2423 vicarias
988 2365 1113 2423 nostrae
1141 2364 1260 2420 tantum
1283 2373 1413 2418 errorem
1437 2355 1528 2418 tribui

167 2464 226 2509 non
249 2462 351 2526 posse,
375 2462 500 2505 necesse
524 2444 596 2506 mihi
620 2445 678 2508 fuit
692 2447 825 2522 credere,
849 2448 927 2510 hanc
944 2444 1095 2511 rationem
1109 2444 1259 2530 aequandi
1278 2445 1443 2508 etiamnum
1459 2450 1527 2508 esse'

168 2534 386 2615 imperfectam.
433 2533 476 2595 Et
499 2533 599 2613 capite
623 2536 742 2616 quidem
765 2537 853 2600 XIX.
878 2555 944 2598 cnm
967 2536 1163 2599 bisectionem
1188 2537 1216 2596 in
1243 2536 1342 2597 Marte
1365 2542 1527 2607 tentarem,

169 2632 203 2687 et
223 2642 278 2703 per
302 2621 454 2684 immobile
477 2630 618 2702 punctum
642 2627 799 2706 aequantis
822 2646 904 2689 more
928 2627 1113 2688 Ptolemaico
1146 2625 1342 2706 aequationes
1366 2633 1527 2706 computa-

170 2730 246 2788 rem,
279 2712 406 2774 inventa
433 2719 481 2774 est
514 2712 683 2777 differentia
717 2716 797 2777 circa
827 2711 889 2779 450
910 2716 1091 2778 anomaliam
1115 2715 1244 2777 eccentri
1266 2732 1343 2794 pene
1366 2722 1471 2787 tanta,
1498 2715 1528 2775 in

170 2810 277 2885 partes
314 2808 415 2863 tamen
449 2802 627 2864 contrarias.
684 2806 761 2868 Nam
790 2806 818 2867 in
853 2804 997 2886 superiori
1021 2805 1188 2885 quadrante
1211 2805 1337 2885 planeta
1361 2803 1527 2885 appropin-

170 2892 284 2975 quabat
304 2883 452 2971 'aphelio,
496 2891 525 2952 in
556 2891 691 2956 inferiori
714 2895 873 2973 perihelio,
910 2895 979 2975 plus
1010 2915 1097 2976 quam
1128 2914 1184 2974 par
1216 2901 1299 2967 erat;
1340 2891 1390 2955 bic
1413 2893 1444 2955 iu
1475 2913 1528 2956 su·

167 2981 278 3064 periori
303 2981 469 3062 quadrante
495 2980 624 3044 discedit
647 2983 766 3063 longius
790 2985 828 3046 ab
853 2984 982 3063 aphelio,
1007 2983 1036 3045 in
1060 2984 1194 3045 inferiori
1217 3004 1236 3045 a
1258 2982 1413 3063 perihelio,
1440 3002 1528 3065 quarn

168 3090 225 3154 par
248 3078 305 3135 est.
352 3071 460 3152 Itaque
485 3089 577 3150 supra
599 3071 638 3133 ab
662 3074 781 3154 aphelio
806 3081 854 3134 est
876 3073 964 3135 nimis
988 3074 1086 3143 uelox,
1113 3073 1190 3136 infra
1209 3095 1228 3134 a
1247 3071 1391 3154 perihelio
1413 3071 1528 3134 itidem.

170 3158 272 3235 Quare
297 3160 412 3222 tardior
431 3160 516 3239 justo
540 3161 597 3222 erit
620 3162 650 3223 in
675 3162 911 3240 longitudinibus
935 3163 1052 3226 mediis.

258 3249 356 3315 Credo
384 3249 449 3328 jam
481 3250 584 3312 lectori
618 3251 774 3327 incidisse,
813 3272 850 3315 an
881 3253 958 3314 sorte
988 3272 1121 3315 errorum
1145 3271 1238 3313 cansa
1262 3251 1330 3313 inde
1355 3249 1412 3326 sit,
1450 3251 1528 3332 quod

170 3340 269 3421 capite
292 3339 359 3401 XL.
381 3339 493 3401 dictum
517 3348 580 3416 est,
604 3339 708 3403 vitium
732 3343 856 3404 subesse
880 3342 948 3404 huic
973 3341 1140 3423 operationi
1170 3360 1224 3421 per
1247 3358 1351 3412 areas,
1384 3358 1420 3401 eo
1446 3338 1530 3421 quod

169 3449 259 3493 areae
291 3448 349 3490 non
382 3428 606 3510 aequipolleant
629 3431 800 3506 distantiis,
834 3431 1001 3494 celeritatis
1034 3440 1066 3494 et
1089 3449 1240 3494 morarum
1262 3408 1537 3495 moderatricibuu'

169 3518 263 3600 Atqui
287 3535 347 3581 non
369 3516 438 3579 hinc
462 3537 529 3580 esse
552 3527 655 3600 potest
676 3539 821 3601 praesens
845 3540 937 3584 error.
982 3520 1117 3584 Primum
1132 3520 1210 3583 enim
1230 3524 1375 3597 excecat
1391 3534 1529 3585 sumu

169 3609 379 3672 distantiamm
402 3627 494 3687 supra
517 3627 616 3670 aream
637 3610 742 3672 circuli
765 3629 876 3691 parvus
901 3618 958 3686 est,
982 3611 1145 3691 spatiolum
1168 3626 1275 3690 nempe
1290 3598 1536 3675 intumi&

169 3700 233 3774 des,
257 3715 382 3779 parvum
405 3697 584 3760 admodum:
609 3699 715 3761 deinde
740 3720 812 3762 area
835 3700 957 3762 exhibet
986 3700 1151 3763 distantias
1175 3716 1279 3761 omnes
1302 3694 1424 3778 quidem
1443 3694 1529 3779 jusu

168 3786 344 3862 breviores,
365 3785 494 3849 maxime
516 3805 588 3850 vero
612 3808 680 3864 eas,
707 3808 782 3871 quae
807 3798 876 3852 sunt
899 3790 930 3851 in
953 3788 1189 3871 longitudinibus
1211 3785 1327 3850 mediis.
1374 3782 1479 3867 Ergo,
1502 3784 1531 3851 si

169 3876 236 3960 quis
260 3895 343 3939 error
366 3875 434 3938 hinc
458 3883 571 3953 manat,
595 3877 622 3939 is
645 3879 675 3941 in
698 3878 754 3941 hoc
779 3886 842 3955 est,
868 3879 947 3960 qnod
967 3899 1026 3942 non
1045 3879 1123 3943 satis
1141 3879 1248 3958 longas
1262 3892 1364 3939 morsa
1382 3872 1527 3957 planetae

169 3965 296 4029 iacimus
319 3966 350 4029 in
373 3965 610 4047 longitudinibus
633 3967 749 4032 mediis.
796 3969 841 4031 At
864 3987 998 4044 errores,
1028 3988 1103 4049 qnos
1122 3969 1188 4049 jam
1211 3962 1474 4048 deprehendimus,
1497 3966 1530 4029 iu

170 4056 353 4119 contrarium
376 4056 507 4118 abeunt:
532 4056 619 4118 nimis
644 4058 722 4121 enim
745 4058 853 4138 longas
867 4077 968 4120 moras
983 4059 1108 4121 lecimus
1121 4059 1261 4137 planetae
1280 4055 1311 4116 in
1330 4053 1529 4137 longitudini·

170 4146 226 4208 bns
250 4145 366 4209 mediis.
413 4145 497 4208 ldem
521 4145 564 4208 illi
589 4166 704 4229 quoque
726 4156 830 4228 potest
853 4147 953 4227 objici,
979 4149 1028 4229 qui
1053 4146 1255 4228 suspicionem
1276 4142 1347 4207 inde
1368 4143 1529 4226 aucupen

171 4235 318 4310 voluerit,
348 4235 444 4316 quod,
475 4236 567 4298 misso
591 4234 752 4318 Copernici
784 4246 815 4300 et
837 4237 987 4318 Tychonis
1011 4237 1121 4318 duplici
1145 4234 1293 4319 epicyclo,
1326 4230 1376 4316 qui
1399 4232 1531 4299 orbitam

170 4325 314 4408 planetae
347 4324 423 4386 facit
455 4326 590 4401 evalem,
625 4346 680 4388 nos
711 4325 930 4390 Ptolemaicnm
958 4326 1124 4407 perfectum
1152 4325 1292 4388 circulum
1323 4322 1353 4385 in
1382 4340 1531 4403 praesens

169 4413 400 4495 susceperimus.
456 4414 535 4476 Nam
560 4414 671 4478 dictum
696 4424 744 4478 est
767 4417 796 4478 in
820 4416 876 4478 fine
900 4416 1009 4495 capitis
1033 4415 1149 4519 quarti,
1182 4414 1265 4477 illam
1289 4409 1530 4493 Cupernicansm

170 4504 302 4568 orbitam
326 4522 385 4565 non
409 4503 561 4566 incurrere
584 4505 625 4567 ad
647 4514 791 4581 centmm,
817 4507 894 4586 quod
918 4504 967 4567 hic
989 4505 1076 4568 nobis
1100 4511 1183 4568 esset
1199 4504 1275 4578 usui,
1299 4502 1354 4564 sed
1368 4521 1530 4566 excurrere

170 4613 190 4656 a
212 4602 317 4656 centro
340 4592 498 4673 particulis
521 4589 597 4669 246,
623 4596 701 4675 quod
722 4595 772 4657 hic
794 4595 894 4676 potins
919 4602 1043 4676 augeret
1066 4613 1209 4670 errorem,
1236 4593 1284 4677 qui
1309 4592 1366 4654 hoc
1384 4592 1453 4673 jam
1476 4612 1529 4656 ee-

171 4683 296 4765 qnimnr‚
322 4700 424 4745 morus
448 4702 517 4745 esse
541 4691 575 4745 ut
598 4683 771 4747 distantias.

258 4772 303 4836 Ut
327 4779 426 4835 antem
445 4773 485 4834 ad
499 4775 616 4837 oculum
628 4781 744 4863 pateat,
770 4792 896 4855 parsum
920 4773 1080 4837 admodum
1101 4771 1178 4833 effici
1201 4771 1332 4853 spatium
1355 4771 1534 4835 conehoidis

168 4879 239 4945 esp
260 4861 337 4939 XL,
372 4862 542 4945 perpendes
580 4863 660 4947 quod
697 4882 806 4929 secam
844 4864 948 4947 anguli
984 4857 1102 4930 50190
1137 4860 1303 4935 (mimae
1340 4861 1533 4944 mutina
