3368 5534
168 315 231 386 154
530 323 561 376 Ῑιι
580 324 763 378 Commentario
781 326 812 378 do
830 327 935 378 noctes
956 326 1044 378 stellae
1063 326 1151 377 Martis

163 503 269 557 Josuae
291 517 397 556 masma
417 504 472 557 huc
485 505 602 568 redibat
625 513 657 560 ut
671 507 723 560 hoc
736 507 776 561 sio
789 507 842 564 sibi
864 508 977 564 rideri
1001 512 1112 580 posset,
1136 502 1385 578 quioquidinterim
1404 509 1519 559 esset·

165 583 266 655 quippe
290 583 342 636 hoc
365 582 450 638 videri
473 602 572 641 vanum
596 595 625 641 et
647 587 753 640 irritum
776 606 831 643 noo
854 589 915 654 tuit,
937 591 985 643 sed
1009 588 1184 658 conjunctum
1208 602 1269 641 oum
1289 587 1390 641 effectu
1409 590 1518 655 optato.

244 670 297 725 Sed
321 670 382 725 vide
406 673 497 743 Caput
518 675 553 729 X
583 676 775 732 Astronomiae
802 679 891 750 partis
915 679 1044 750 Opticae;
1072 677 1194 732 invenies
1216 675 1349 738 rationes,
1373 688 1425 729 cur
1447 674 1519 727 adeo

159 747 288 807 bmnibus
309 751 463 807 hominibus
487 753 534 831 θοι
557 756 660 810 moveri
683 757 818 823 videatur,
842 779 896 815 non
919 777 984 815 vero
1007 759 1109 814 Terra:
1133 755 1240 811 scilicet
1260 772 1321 810 cum
1344 754 1392 811 Sol
1416 768 1520 825 partus

101 862 104 867 ⁴
164 839 317 903 appareat,
346 834 432 886 Terra
459 851 524 888 vero
548 853 663 907 mogum
692 856 780 910 neque
803 839 875 895 Solis
896 848 986 896 motus
1014 837 1261 908 comprehendatur
1282 835 1345 889 risu
1367 835 1404 888 ob
1431 831 1519 888 tardi-

164 920 252 968 tatem
279 919 477 982 apparentem
506 917 554 969 sed
581 917 793 973 ratiocinatione
822 921 924 985 solum,
953 922 988 975 ob
1015 925 1151 974 ιιιιιιαιαιιι
1178 924 1244 988 post
1269 921 1379 986 tempus
1407 913 1520 984 aliquod

164 992 396 1065 propinquitatem
418 996 453 1047 ad
474 1004 589 1050 montes.
631 999 801 1069 Impossibile
823 1000 910 1074 igitur
930 1007 986 1065 est,
1008 1007 1041 1054 ut
1064 999 1137 1054 ratio
1162 1014 1217 1052 non
1242 996 1318 1066 prius
1338 993 1446 1049 monita
1467 992 1520 1046 sibi

164 1074 239 1129 aliud
260 1073 439 1166 imaginetur,
467 1092 548 1146 quam
573 1078 711 1134 Tellurem
738 1097 798 1135 cum
818 1081 945 1152 imposito
976 1079 1044 1134 coeli
1072 1077 1175 1133 fornice
1200 1093 1262 1132 esse
1287 1073 1366 1147 quasi
1387 1088 1520 1145 maguam

164 1140 284 1218 domum,
311 1154 339 1207 in
365 1172 420 1225 qua
441 1155 570 1210 immobili
590 1158 637 1212 Sol
659 1166 717 1214 tam
737 1177 826 1231 parra
846 1161 952 1233 specie,
983 1160 1072 1215 instar
1091 1154 1246 1212 volucris'
1237 1174 1266 1211 ιιι
1291 1160 1357 1210 adra
1377 1152 1521 1226 vagantis,

164 1236 202 1288 ab
221 1249 278 1288 una
297 1234 413 1306 plaga
406 1253 433 1289 ιιι
454 1235 537 1290 αΙὶαιιι
558 1244 693 1294 transeat.
736 1242 813 1304 Quae
834 1245 904 1296 adeo
924 1239 1088 1312 imaginatio
1107 1237 1246 1292 hominum
1266 1234 1383 1291 omnium
1403 1233 1521 1305 primam

163 1313 265 1368 lineam
285 1315 387 1368 dedit
379 1333 407 1368 m
428 1332 508 1370 sacra
528 1319 642 1389 pagiua
677 1321 765 1385 lnitio,
787 1322 876 1393 inquit
888 1322 988 1385 Moses,
1010 1319 1116 1374 meavit
1128 1320 1205 1373 Deus
1219 1317 1333 1373 coelum
1346 1322 1377 1369 et
1389 1314 1521 1375 Terram

165 1393 231 1466 quia
250 1395 357 1448 scilicet
376 1396 431 1449 hae
460 1398 531 1450 duae
561 1406 657 1468 partes
687 1401 808 1470 potiores
835 1408 980 1456 occurrunt
1005 1401 1145 1454 oculorum
1164 1396 1267 1452 sensui.
1310 1395 1397 1459 Quasi
1417 1394 1525 1448 diecret

164 1474 256 1529 Moses
277 1474 393 1529 homini:
416 1476 513 1531 Totum
535 1478 586 1533 boc
608 1480 759 1535 aedificium
771 1485 946 1546 mundanum,
969 1483 1038 1553 quod
1055 1480 1139 1544 rides,
1160 1477 1280 1532 lucidum
1296 1491 1390 1546 supra
1410 1474 1522 1546 nigrum

164 1554 352 1626 latissimeque
373 1564 528 1625 porrectum
550 1560 629 1623 inira,
652 1561 694 1614 cui
716 1561 819 1615 insistis
840 1571 943 1633 etque
964 1561 1078 1633 tegeris,
1100 1559 1205 1615 cressit
1224 1559 1310 1612 Deus.

244 1644 318 1697 Alibi
340 1645 483 1715 quaeritur
503 1664 539 1701 ex
561 1648 677 1714 homine,
700 1668 762 1704 num
783 1652 976 1724 pervestigare
997 1651 1105 1706 noverit
1125 1647 1299 1704 altitudinem
1319 1643 1390 1699 ooeli
1413 1658 1522 1699 sursum

165 1730 196 1778 et‘
214 1725 430 1794 protlsnditatem
452 1733 543 1780 terrae
564 1730 704 1785 deorsum:
735 1730 801 1802 quia
829 1731 935 1786 scilicet
963 1733 1049 1804 vulgo
1079 1729 1215 1784 hominum
1242 1726 1352 1781 ridetur
1370 1730 1518 1794 utrumque

164 1820 253 1876 aeque
273 1804 385 1859 infinitis
406 1823 553 1860 excurrere
574 1810 681 1879 spatiis.
714 1812 809 1883 Neque
831 1820 923 1867 tamen
944 1812 1062 1874 exstitit,
1085 1811 1130 1882 qui
1144 1825 1228 1864 sanus
1248 1804 1365 1869 audiret
1380 1809 1412 1859 et
1431 1810 1521 1858 astro·

165 1902 304 1940 momorum
325 1885 498 1956 diligentiam
520 1888 616 1943 souin
638 1893 808 1946 ostendenda
827 1892 946 1947 Telluris
968 1890 1183 1946 contentissima
1203 1885 1331 1943 exilitate
1357 1885 1393 1938 ad
1415 1884 1521 1938 coelum

164 1973 356 2036 wmpssffliter
379 1983 427 2020 teu
448 1966 475 2020 in
496 1969 718 2040 pervestigandis
739 1973 928 2027 astronomicis
948 1971 1115 2033 intervallis,
1138 1986 1188 2041 per
1208 1969 1279 2022 haec
1299 1965 1387 2019 rerba
1406 1964 1520 2018 eircum-

165 2046 307 2108 scriberet,
330 2063 389 2100 oum
410 2064 463 2100 non
483 2046 633 2119 loquantur
646 2053 679 2104 de
694 2045 904 2108 ratiocinatoris
916 2052 1091 2114 dimensione,
1114 2051 1161 2104 sed
1175 2051 1209 2103 de
1222 2046 1301 2110 reali,
1316 2060 1389 2116 quae
1401 2045 1522 2100 humano

164 2126 270 2195 corpori
292 2126 372 2180 terris
394 2126 480 2181 affixo
506 2133 652 2200 aeremque
681 2132 798 2188 liberum
827 2132 966 2187 haurienti
995 2132 1107 2202 penitus
1136 2136 1182 2184 est
1210 2124 1396 2199 impossibilis.
1441 2125 1521 2196 Lege

164 2213 252 2260 totum
281 2206 344 2259 lobi
375 2215 461 2277 caput
490 2208 647 2268 XXXVIll.
677 2219 707 2266 et
736 2231 866 2284 compara
895 2230 955 2267 cum
985 2212 1030 2277 iis,
1061 2227 1133 2283 quae
1163 2209 1191 2264 iu
1221 2206 1407 2264 astronomica
1425 2205 1520 2276 inque

164 2285 281 2357 physica
301 2286 486 2356 disputantur.

244 2365 272 2420 Si
303 2367 362 2437 quis
393 2368 503 2437 allegat
532 2386 567 2422 ex
589 2369 700 2424 Psalmo
722 2371 823 2428 XXIV.
849 2373 961 2427 Terram
991 2388 1075 2443 super
1103 2370 1215 2425 flumina
1244 2362 1457 2438 praeparatam,
1489 2370 1522 2417 ot

165 2462 263 2501 novom
286 2447 395 2517 aliquod
416 2448 626 2519 philosophema
645 2451 772 2506 stabiliat
791 2453 939 2508 absurdum
967 2453 1078 2516 auditu,
1109 2450 1247 2506 Tellurem
1275 2447 1403 2502 ἰιιιιαιαια
1432 2443 1520 2499 dumi·

165 2526 259 2587 nibus:
290 2545 379 2581 nonne
409 2528 461 2581 hoc
490 2528 529 2581 illi
560 2536 636 2582 recte
665 2532 815 2596 diceretur,
846 2534 956 2588 missum
976 2533 1063 2588 iaciat
1083 2531 1215 2602 Spiritum
1235 2533 1360 2582 sanctum
1381 2540 1474 2597 neque
1494 2524 1521 2578 in

165 2607 275 2660 scholas
295 2607 425 2678 physicas
454 2624 513 2661 cum
540 2609 656 2662 ludibrio
686 2613 844 2681 pertraham
875 2614 943 2668 nihil
973 2613 1044 2667 enim
1072 2611 1147 2666 aliud
1167 2609 1206 2664 ibi
1226 2607 1308 2662 loci'
1300 2621 1417 2660 sonuere
1446 2606 1521 2659 velle

164 2686 293 2751 Psalten,
324 2687 376 2741 nisi
407 2689 477 2759 quod
507 2688 630 2743 homines
659 2698 745 2744 antea
768 2692 858 2747 sciant
885 2699 916 2747 et
942 2693 1062 2763 quotidie
1087 2690 1285 2760 experiantur,
1313 2687 1415 2741 Terras
1443 2680 1522 2755 (post

163 2767 368 2838 separationem
390 2784 522 2839 aquamm
543 2769 570 2823 in
591 2771 678 2825 altum
699 2770 838 2837 sublatas)
861 2773 1019 2827 interfluere
1040 2768 1167 2844 ingentia
1187 2768 1305 2831 flumina,
1328 2766 1517 2821 circumfluere

162 2847 258 2903 marla.
298 2848 430 2902 Nimirum
451 2851 564 2903 eandem
586 2867 648 2904 esse
669 2851 833 2908 locutionem
854 2852 937 2916 alibi,
964 2869 1023 2906 cum
1045 2868 1106 2905 sese
1128 2865 1211 2920 super
1231 2847 1345 2902 flumina
1363 2845 1520 2918 Babylonis

162 2928 309 2983 Israelitae
330 2929 433 2982 sedisse
454 2937 565 2994 cauum,
587 2931 613 2984 id
635 2940 679 2986 est
694 2932 782 3000 juxta
802 2935 914 2988 flumina
934 2933 979 2986 rel
1001 2935 1035 2986 ad
1057 2932 1133 3001 ripas
1153 2928 1305 3000 Euphratis
1327 2933 1358 2980 et
1377 2926 1481 2999 Tigris.

242 3017 270 3072 Si
291 3018 344 3072 hoc
364 3018 484 3075 libenter
503 3020 564 3091 quis
585 3020 697 3090 recipit,
727 3038 775 3075 cur
795 3040 848 3077 non
870 3031 900 3076 et
920 3022 987 3077 illud
1008 3021 1134 3091 recipiat,
1155 3019 1235 3073 utin
1257 3016 1319 3072 aliis
1341 3015 1424 3079 locis,
1448 3032 1520 3087 quae

163 3096 247 3153 motui
268 3098 386 3153 Telluris
407 3101 508 3170 opponi
530 3100 633 3164 solent,
665 3102 759 3156 eodem
789 3105 867 3158 modo
899 3103 992 3158 oculos
1014 3120 1032 3156 a
1053 3099 1170 3172 physica
1199 3100 1233 3153 ad
1255 3096 1413 3152 institutum
1434 3095 1519 3167 scrip·

163 3185 244 3233 turae
265 3185 475 3234 convertamus?

244 3260 395 3313 Generatio
416 3261 554 3330 praeterit
575 3255 630 3327 (ait
650 3255 850 3327 Ecclesiastes)
871 3269 901 3316 et
919 3260 1066 3334 generatio
1097 3258 1220 3320 advenit,
1250 3257 1338 3311 Terra
1366 3261 1462 3310 autem
1493 3256 1520 3309 in

165 3346 307 3393 aeternum
329 3347 395 3395 stat.
432 3341 515 3403 Quasi
531 3341 659 3396 Salomon
675 3341 719 3395 hic
734 3341 858 3411 disputet
871 3360 930 3396 cuns
951 3339 1131 3401 astronomis,
1154 3355 1187 3392 ac
1208 3354 1261 3391 nou
1280 3335 1373 3407 potius
1395 3336 1519 3391 homines

165 3435 234 3473 suae
248 3418 443 3474 mutabilitatis
459 3423 626 3475 admoneat?
648 3439 707 3474 com
721 3422 816 3484 Terra,
836 3423 999 3476 domicilium
1013 3420 1124 3475 humani
1142 3417 1262 3491 generis,
1284 3433 1394 3486 semper
1408 3425 1519 3471 maneat

165 3502 277 3562 eadem,
298 3499 371 3553 Solis
392 3507 480 3555 motus
511 3509 646 3572 perpetuo
675 3502 702 3555 iu
723 3519 753 3556 se
775 3503 885 3566 redeat,
917 3501 1063 3556 ventosis
1087 3499 1217 3553 circulum
1238 3504 1343 3569 agatur
1367 3498 1519 3568 redeatque

164 3581 270 3644 eodem,
308 3580 420 3634 humina
440 3599 459 3635 a
479 3582 600 3636 fontibus
630 3582 657 3636 in
679 3598 754 3649 mare
775 3583 905 3646 effluant,
935 3581 1040 3636 amari
1071 3580 1097 3635 iu
1129 3579 1219 3633 ionas
1241 3579 1371 3631 redeant:
1401 3577 1518 3647 denique

165 3660 288 3715 homines
310 3661 353 3714 bis
374 3662 553 3731 pereuntibus
575 3670 726 3717 nascantur
756 3663 803 3716 alii
833 3679 995 3734 semperque
1024 3663 1121 3715 eadem
1151 3660 1187 3713 sit
1208 3658 1306 3713 sabula
1325 3656 1417 3712 ritae:
1451 3658 1518 3712 nihil

163 3741 215 3797 sub
235 3741 300 3796 Sole
321 3759 428 3796 norum.

244 3822 355 3877 Nullum
377 3822 454 3876 sudis
476 3825 577 3895 dogma
597 3823 748 3895 physicum.
789 3829 934 3878 Nooteoso
952 3828 996 3875 est
1016 3821 1129 3875 moralis
1149 3820 1198 3882 rei,
1220 3834 1292 3891 quae
1312 3832 1365 3888 per
1386 3834 1417 3871 se
1437 3824 1520 3887 patet

163 3908 193 3956 et
212 3903 376 3957 observatur
397 3904 513 3958 omnium
535 3903 630 3967 oculis,
652 3905 699 3958 sed
721 3919 817 3974 parum
838 3902 1024 3973 perpenditur.
1058 3902 1126 3955 Eam
1142 3901 1228 3972 igitur
1240 3898 1372 3953 Salomon
1386 3895 1516 3953 inculcat

164 3982 231 4047 Quis
252 3983 322 4036 enim
343 3984 439 4045 nescit,
461 3986 572 4039 Terram
594 4001 702 4054 semper
722 3985 837 4037 eandem
857 3988 937 4036 esset
958 3982 1017 4051 quis
1039 3999 1092 4035 non
1112 3981 1203 4042 videt,
1225 3979 1316 4033 Solem
1337 3977 1460 4049 quotidie
1481 3976 1518 4031 ab

163 4069 227 4118 ortu
248 4079 404 4135 resurgere,
426 4065 537 4118 flumina
557 4066 717 4134 perenniter
737 4067 881 4118 decurrere
904 4062 930 4116 io
952 4078 1035 4125 mare,
1056 4069 1200 4116 ventorum
1216 4066 1306 4113 statas
1326 4057 1418 4112 redire
1437 4057 1516 4112 vicis·

165 4142 311 4206 situdines,
342 4144 466 4197 homines
494 4145 565 4198 alios
587 4146 649 4199 aliis
671 4147 834 4199 succedere?
877 4142 943 4206 Quis
965 4158 1030 4196 vero
1052 4141 1210 4212 perpendit,
1241 4141 1356 4195 eandem
1386 4137 1434 4211 agi
1455 4154 1516 4208 per-

164 4230 249 4294 petuo
270 4224 345 4276 vitae
366 4224 488 4277 fabulam
511 4226 624 4279 mutatis
644 4226 784 4296 personis,
806 4241 858 4277 nec
879 4223 1022 4293 quicquam
1037 4223 1064 4276 in
1079 4224 1161 4277 rebus
1176 4219 1300 4274 humanis
1314 4234 1415 4273 novum
1435 4225 1517 4272 emet

165 4304 263 4374 ltaque
282 4303 411 4357 Salomon
431 4306 685 4359 commemoratione
706 4322 808 4368 eorum,
831 4321 902 4376 qssac
923 4304 1017 4357 vident
1036 4319 1138 4366 omues,
1161 4303 1291 4356 admorm
1311 4299 1381 4368 ejus,
1405 4301 1478 4371 qaod
1499 4313 1517 4352 a

165 4383 304 4454 plerisque
325 4399 470 4453 perperam
492 4385 653 4456 negligitur.

243 4463 354 4517 Psalmo
375 4479 441 4518 vero
462 4465 529 4520 ClV.
552 4472 653 4535 putant
678 4464 785 4520 omnino
813 4463 1026 4535 disputationem
1055 4460 1187 4517 contineri
1217 4460 1377 4531 physicam,
1408 4459 1517 4530 quando

165 4544 302 4598 derebus
323 4544 445 4615 physicis
467 4552 541 4598 totus
563 4555 614 4599 est.
656 4550 748 4616 Atque
769 4544 805 4598 ibi
826 4547 903 4600 Deus
924 4543 1024 4597 dicitur
1043 4543 1172 4598 fundasse
1189 4541 1303 4596 Terram
1324 4554 1409 4608 super
1429 4540 1516 4594 stabi·

166 4623 274 4678 litatem
295 4640 385 4687 suam:
416 4626 545 4697 illamque
576 4644 628 4679 non
660 4625 818 4680 inclinatum
847 4625 880 4680 iri
909 4625 935 4678 in
965 4624 1086 4678 seculum
1114 4622 1208 4677 semli.
1249 4620 1335 4691 Atqui
1357 4619 1517 4691 longissime

167 4704 249 4759 abeat
278 4705 389 4759 Psaltes
419 4722 438 4760 a
466 4707 656 4775 speculatione
686 4722 831 4761 causarum
860 4704 1045 4777 physicarum.
1087 4705 1173 4758 Totus
1202 4701 1273 4755 euim
1308 4699 1460 4771 acquiescit
1489 4700 1518 4755 in

166 4784 354 4856 magnitudine
375 4787 442 4850 Dei,
465 4786 510 4858 qui
531 4787 597 4840 iecit
617 4787 687 4841 haee
707 4786 805 4849 omnia,
827 4786 1010 4857 hymnumque
1031 4784 1132 4856 pangit
1152 4784 1213 4837 Deo
1234 4781 1382 4843 conditori,
1412 4778 1440 4833 in
1461 4796 1516 4852 qua

167 4867 302 4930 muudum
322 4873 355 4921 ut
374 4867 397 4921 is
419 4873 539 4939 apparet
557 4867 653 4933 oculis,
674 4865 811 4938 percurrit
830 4865 934 4922 ordine.
972 4863 1088 4929 Quodsi
1102 4866 1174 4920 tenc
1192 4863 1359 4934 perpendas,
1380 4873 1516 4918 ulmea·
