3368 5534
258 271 320 340 152
622 269 653 322 ln
670 222 855 320 Commentario
873 271 904 323 de
922 272 1027 322 mother
1046 268 1134 322 stellae
1152 267 1240 322 Martis

255 453 408 523 Episcopus
423 453 546 508 Arabiae
567 457 597 504 et
610 452 792 521 Taprobanae
813 451 908 523 utique
928 451 1044 517 vicinae,
1066 469 1121 507 nou
1140 467 1206 506 vero
1229 449 1286 507 500
1307 449 1474 508 milliaribus
1495 469 1611 525 germa-

254 533 322 588 nicis
343 529 410 598 (imo
431 549 497 586 vero
517 550 569 602 per
589 532 730 588 anfractus
751 531 792 586 illi
807 531 896 586 aetati
910 531 1027 587 usitatos
1042 532 1160 603 amplius
1174 526 1263 598 mille)
1283 532 1311 588 in
1325 532 1460 589 orientem
1472 544 1611 589 remon.

255 615 333 677 Quae
354 610 419 666 ve'ro
441 612 522 665 hodie
536 613 701 683 Taprobane
722 619 838 682 putatur
851 612 980 667 Sumatra
999 612 1099 676 insula,
1121 629 1182 667 eam
1201 611 1329 671 existimo
1343 611 1407 667 olim
1422 611 1612 669 fuisse'Cher·

255 710 401 748 sonuesum
422 709 534 747 auream
556 692 657 746 isthmo
678 692 770 747 Indiae
791 692 965 763 conjunctam
994 693 1029 747 ad
1058 694 1154 747 urbem
1174 692 1337 749 Halaesam
1379 692 1450 747 Nam
1471 692 1611 749 Cherson-

254 790 346 837 nesus,
368 786 448 844 quam
464 772 550 877 ²lqodie
569 772 702 827 credimus
717 788 812 838 aurea,
834 790 889 827 uon
902 773 989 828 multo
1003 773 1092 844 magis
1107 773 1312 828 Chersonnesus
1326 772 1378 828 dici
1391 788 1475 843 posse
1489 772 1612 840 ridetur,

271 870 334 908 uam
357 853 449 908 ltalia.
491 849 502 913 t

254 872 271 926 q
334 934 412 999 Quae
433 933 557 1005 quamvis
578 938 659 986 erant
678 931 750 986 alius
771 933 833 996 loci,
856 932 895 1007 sic
916 950 970 988 uno
991 937 1124 987 contextu
1145 931 1288 1001 explicare
1309 932 1398 998 volui,
1421 940 1453 988 nt
1472 934 1609 1005 majorem

253 1013 344 1069 aestui
365 1012 469 1067 marino
490 1020 520 1068 et
540 1029 590 1084 per
610 1012 682 1066 hunc
702 1011 799 1068 virtuti
821 1015 915 1069 Lunae
937 1012 1088 1068 tractoriae
1108 1013 1187 1067 tidem
1209 1011 1337 1067 facerem.

332 1093 462 1164 Sequitur
483 1092 567 1156 enim,
598 1091 622 1146 si
650 1092 737 1147 virtus
768 1094 900 1149 tractoria
919 1094 1015 1148 Lunae
1035 1092 1189 1165 porrigitur
1210 1091 1237 1146 in
1257 1092 1358 1147 Territs
1386 1111 1488 1166 usque,
1522 1095 1611 1151 multe

252 1172 341 1246 magis
363 1174 492 1227 virtutem
514 1172 673 1229 tractoriam
694 1175 813 1229 Telluris
835 1174 939 1247 porrigi
960 1174 987 1228 iu
1007 1173 1112 1229 Lunam
1142 1179 1172 1227 et
1191 1172 1275 1245 louge
1297 1173 1397 1236 ιΙιίιιι,
1429 1190 1463 1228 ao
1493 1175 1611 1244 proinde

254 1254 322 1309 nihil
343 1271 451 1317 eorum,
483 1256 553 1325 quod
574 1272 612 1307 cx
643 1261 754 1309 terrena
774 1255 892 1313 materia
912 1255 1154 1327 quomodocunque
1175 1259 1299 1317 constat,
1330 1250 1412 1325 idque
1432 1254 1523 1309 altum
1544 1257 1611 1310 sub-

252 1335 370 1398 uehitur,
392 1334 564 1403 complexum
585 1335 658 1389 hunc
679 1334 854 1389 fortissimum
876 1335 985 1389 virtutis
1005 1333 1156 1388 tractoriae
1176 1348 1296 1405 unquam
1316 1334 1449 1407 effugere.

331 1416 406 1468 Lere
426 1431 492 1468 vero
514 1413 581 1468 nihil
603 1421 647 1467 est
668 1416 809 1479 absolute,
840 1418 911 1487 quod
932 1430 1066 1485 corporea
1084 1412 1203 1469 materia
1224 1419 1347 1478 mustat,
1376 1416 1424 1469 sed
1445 1422 1611 1485 comparate

251 1494 339 1549 lerlus
361 1501 413 1556 est,
435 1497 507 1566 quod
527 1494 617 1549 rarius
640 1501 683 1549 est
703 1495 761 1548 sive
783 1503 885 1551 natura
904 1511 963 1558 sua,
986 1494 1044 1548 sive
1064 1511 1101 1548 ex
1123 1493 1265 1548 accidente
1285 1494 1387 1552 calore.
1421 1495 1527 1551 Rarum
1541 1513 1609 1550 vero

251 1575 310 1628 dico
332 1593 385 1629 non
407 1574 474 1628 illud
496 1582 618 1636 tantum,
647 1577 718 1646 quod
747 1592 875 1646 porosum
897 1583 941 1630 est
961 1582 991 1628 et
1011 1575 1038 1628 in
1059 1574 1160 1628 multas
1181 1573 1317 1628 caritates
1339 1573 1469 1638 dehiscit,
1500 1577 1552 1630 sed
1583 1576 1610 1630 in

251 1673 363 1728 genere,
387 1657 457 1726 quod
479 1657 530 1708 sub
551 1657 648 1709 eadem
668 1655 721 1708 loci
742 1655 931 1727 amplitudine,
953 1670 1034 1727 quam
1055 1661 1173 1724 occupat
1192 1653 1306 1727 gravius
1328 1654 1453 1728 al'pquod,
1475 1656 1609 1711 minorem

253 1735 439 1807 quantitatem
460 1735 594 1789 materiae
616 1752 765 1806 corporeae
786 1737 930 1792 concludit.

329 1815 444 1870 Levium
465 1815 648 1873 definitionem
663 1816 787 1887 sequitur
799 1823 830 1871 ct
843 1825 941 1871 motus.
981 1816 1042 1870 Non
1056 1815 1127 1870 enim
1142 1822 1187 1871 est
1199 1815 1420 1879 existimandam,
1442 1815 1495 1872 illa
1508 1816 1609 1890 liugero

251 1898 287 1950 ad
308 1896 479 1967 superficiem
501 1913 589 1967 usque
609 1896 709 1960 mundi,
732 1899 793 1952 dum
815 1897 940 1952 feruntur
960 1912 1075 1959 sursum,
1097 1902 1148 1950 aut
1168 1914 1221 1950 nou
1235 1897 1342 1951 attrahi
1363 1897 1498 1953 aTerra:
1518 1898 1608 1957 minus

251 1975 322 2032 enim
343 1976 523 2031 attrahuntur
544 1993 626 2047 quam
646 1977 754 2048 gravia,
776 1983 805 2031 et
826 1977 865 2031 sic
885 1978 1066 2048 expelluntur
1086 1991 1104 2030 a
1123 1976 1265 2048 gravibus,
1292 1992 1346 2050 quo
1367 1977 1441 2032 laeto
1462 1977 1610 2050 quieseunt

251 2057 458 2129 retinenturque
480 2073 499 2110 a
519 2057 607 2113 Terra
626 2058 687 2111 loco
708 2075 766 2113 suo.

329 2138 391 2192 Etsi
411 2154 477 2191 vero
499 2137 586 2191 virtus
608 2138 742 2193 tractoria
762 2139 878 2201 Terrae,
909 2144 941 2191 ιιι
967 2137 1081 2201 dictum,
1112 2137 1265 2210 porrigitur
1293 2136 1455 2210 longissime
1490 2152 1610 2203 sursum,

253 2225 346 2272 tamen
368 2217 391 2271 si
412 2217 484 2287 lapis
506 2217 606 2289 aliquis
628 2224 707 2272 tanto
729 2218 877 2272 intervallo
899 2218 1026 2280 abesset,
1058 2219 1129 2289 quod
1149 2218 1228 2272 deret
1248 2219 1283 2273 ad
1304 2219 1466 2274 diametrum
1486 2218 1609 2275 Telluris

251 2297 394 2360 sensibile,
425 2314 519 2353 verum
540 2305 597 2360 est,
620 2299 706 2352 Terra
731 2305 807 2353 mota
834 2296 954 2368 lapidem
981 2300 1067 2352 talem
1088 2316 1142 2352 non
1162 2299 1246 2368 plane
1267 2304 1441 2365 secuturum,
1472 2298 1529 2356 sed
1543 2316 1610 2355 suas

249 2377 396 2433 resistendi
416 2377 490 2431 vires
510 2378 710 2450 permixtumm
731 2395 791 2433 eum
811 2378 915 2432 viribus
937 2379 1039 2433 Terrae
1061 2376 1213 2445 tractoriis,
1244 2385 1328 2451 atque
1359 2380 1399 2435 ita
1428 2398 1459 2436 se
1480 2380 1609 2452 expliea-

250 2466 341 2514 turum
361 2457 485 2511 nonnihil
506 2474 525 2513 a
544 2464 627 2529 raptu
649 2457 698 2514 illo
717 2458 854 2513 Tellurise
885 2476 938 2511 non
967 2475 1046 2513 secus
1074 2465 1158 2530 atque
1179 2466 1269 2515 motus
1289 2459 1426 2516 violentus
1449 2460 1612 2532 projectitia

250 2537 373 2594 nonnihil
394 2553 413 2592 a
432 2544 517 2608 raptu
537 2539 656 2593 Telluris
677 2539 817 2609 explicat,
846 2545 878 2592 ut
905 2538 951 2591 vel
973 2546 1169 2608 praecurrant,
1196 2540 1325 2610 projecta
1344 2557 1441 2596 versus
1463 2542 1609 2608 orientem,

249 2617 513 2677 veldestituantur.
534 2618 558 2673 si
572 2618 607 2673 'iu
628 2619 797 2673 occidentem
817 2617 1012 2689 projiciantur:
1035 2626 1119 2690 atque
1141 2619 1183 2674 ita
1202 2620 1292 2674 locum
1312 2636 1405 2684 suum,
1428 2638 1447 2675 a
1467 2640 1522 2694 qao
1544 2641 1608 2694 pro·

245 2699 325 2769 jecta
345 2705 417 2762 sunt,
438 2698 466 2752 ri
487 2700 629 2769 compulsa
649 2701 792 2752 deserant:
814 2715 903 2770 noque
923 2706 1022 2769 rapt-us
1042 2701 1145 2754 Terrae
1166 2700 1239 2754 hauc
1260 2699 1420 2757 violentiam
1440 2702 1468 2757 in
1489 2703 1609 2761 solidum

249 2776 379 2850 impedire
400 2777 497 2848 pessit,
521 2796 601 2850 quarn
623 2780 669 2834 diu
690 2779 828 2833 violentus
849 2782 939 2832 motus
960 2779 987 2832 in
1008 2797 1058 2833 suo
1079 2778 1175 2852 rigore
1196 2788 1248 2836 est
1263 2773 1298 2843 '¹)

288 2864 295 2879 '
329 2867 385 2925 Sed
406 2868 471 2940 quia
490 2869 596 2923 nullum
616 2868 762 2940 projectilo
784 2868 888 2923 centies
909 2867 1079 2925 millesimam
1098 2868 1223 2925 diametri
1238 2870 1341 2924 Terrae
1355 2876 1463 2941 partem
1477 2887 1497 2924 a
1510 2888 1609 2945 super·

250 2948 309 3004 dcie
326 2949 433 3003 Terrae
454 2955 618 3020 separatur,
650 2949 783 3020 ipsaeque
804 2950 872 3003 adeo
894 2949 981 3002 nubes
1002 2956 1086 3021 atque
1107 2949 1186 3014 humi,
1214 2965 1285 3021 quae
1307 2949 1443 3005 minimum
1465 2953 1609 3009 terrestris

248 3028 382 3085 materiae
403 3028 538 3093 obtinent,
559 3047 612 3083 non
635 3029 781 3085 millesima
801 3028 994 3084 semidiametri
1014 3037 1096 3100 parte
1117 3030 1231 3085 evolant
1252 3031 1278 3084 iu
1299 3032 1401 3087 altura:
1430 3031 1498 3086 nihil
1521 3030 1609 3107 igitur

248 3116 342 3181 potest
361 3109 480 3173 nubium,
503 3109 637 3163 fumorum
658 3115 688 3163 et
708 3125 809 3172 eorum,
832 3125 903 3180 quae
918 3109 1184 3180 perpendiculariter
1198 3110 1225 3163 in
1240 3111 1327 3166 altum
1342 3111 1525 3182 projiciuntur
1538 3115 1609 3168 resi·

249 3190 354 3244 atentia
374 3197 404 3244 et
424 3189 561 3244 naturalis
583 3191 616 3242 ad
643 3189 762 3260 quietem
791 3188 946 3252 inclinatio,
979 3190 1046 3244 nihil
1077 3191 1186 3262 inquom
1216 3198 1310 3261 potest
1340 3193 1375 3246 ad
1407 3191 1609 3263 impediendum

248 3270 322 3324 hune
342 3269 383 3324 sui
404 3276 531 3339 reptum;
552 3276 651 3338 utpote
673 3270 708 3321 ad
730 3286 808 3339 quem
833 3270 902 3323 haec
923 3270 1082 3325 resistentia
1096 3272 1122 3326 in
1136 3271 1215 3325 nulla
1227 3273 1405 3343 proportione
1420 3279 1472 3328 est
1508 3274 1608 3347 ltaque

251 3352 321 3421 qnod
341 3349 610 3421 perpendiculariter
630 3365 737 3423 sursum
758 3356 803 3404 est
823 3349 984 3419 projectum,
1006 3352 1110 3406 recidet
1131 3352 1158 3405 in
1179 3353 1267 3406 locum
1288 3369 1380 3414 suum,
1402 3351 1470 3407 nihil
1492 3352 1608 3425 impedi·

248 3437 306 3485 tum
327 3435 402 3485 motu
422 3430 551 3492 Telluris,
573 3435 605 3482 ιιι
626 3446 697 3499 quae
719 3429 831 3482 subduci
852 3447 906 3484 non
928 3437 1029 3501 potest,
1051 3434 1099 3485 sed
1119 3448 1175 3486 uua
1192 3432 1268 3502 rapit
1290 3433 1316 3486 in
1341 3438 1407 3488 abre
1421 3434 1560 3503 volantia,
1580 3437 1607 3491 ri

248 3510 408 3583 magnetica
427 3509 479 3563 sibi
501 3527 554 3562 non
576 3509 663 3562 minus
685 3516 881 3573 concatenata,
903 3526 985 3582 quam
1006 3511 1028 3564 si
1049 3527 1166 3582 corpora
1186 3511 1235 3565 illa
1255 3513 1438 3586 contingeret

330 3590 414 3644 Hisce
435 3588 669 3659 propositionibus
689 3595 780 3644 mente
801 3590 1004 3661 comprehensis
1024 3598 1055 3645 et
1074 3591 1222 3664 diligenter
1242 3593 1399 3657 trutinatis,
1421 3611 1476 3649 uon
1497 3600 1608 3653 tantum

253 3671 395 3735 cranescit
415 3670 573 3723 absurditas
594 3677 624 3722 et
651 3670 722 3723 falso
749 3669 903 3741 imaginata
933 3671 1136 3741 impossibilitas
1162 3671 1280 3743 physica
1308 3681 1397 3729 motus
1418 3676 1531 3740 Terrae,
1561 3681 1610 3732 sed

252 3751 336 3807 etiam
357 3751 476 3821 patebit,
498 3748 562 3821 quid
583 3751 619 3803 ad
640 3749 753 3818 objecta
769 3750 890 3821 physica
910 3753 1148 3823 quomodocunque
1167 3751 1315 3809 informata
1328 3750 1365 3807 sit
1378 3757 1607 3826 respondendum.

330 3840 392 3895 Etsi
415 3838 566 3909 Copernico
587 3839 678 3911 magis
699 3841 800 3908 placet,
823 3840 934 3894 Terram
956 3849 985 3893 et
1005 3848 1118 3895 terrena
1137 3841 1244 3903 omnia,
1265 3842 1331 3897 licet
1351 3845 1452 3899 avulsa
1472 3861 1491 3901 a
1510 3846 1607 3911 Terra,

249 3938 307 3977 uua
327 3928 357 3976 et
376 3920 473 3974 eadem
494 3919 586 3974 anima
606 3920 719 3975 metrice
740 3919 892 3985 informari,
915 3937 985 3991 quae
1006 3921 1133 3987 Terram,
1160 3939 1258 3992 corpus
1286 3940 1377 3987 suum,
1408 3932 1504 3981 rotans
1531 3936 1609 3985 rotet

249 4002 334 4057 etiarn
354 4016 411 4055 una
431 3998 586 4069 particulas
608 4000 676 4054 istas
702 4014 721 4053 a
741 4016 853 4070 corpore
882 4019 931 4054 suo
958 4003 1084 4059 avulsas:
1114 4009 1146 4057 ιιι
1165 4002 1204 4056 sie
1224 4020 1275 4073 per
1295 4010 1384 4058 motus
1405 4005 1544 4062 violentos
1565 4010 1606 4064 ris

251 4084 301 4137 tat
332 4081 396 4136 huic
426 4078 534 4135 animae
565 4098 615 4152 per
646 4096 739 4134 omnes
768 4081 919 4150 particulas
949 4081 1076 4146 ditltrsae,
1107 4082 1329 4154 quemadmodum
1358 4101 1413 4157 ego
1442 4084 1517 4152 dico,
1553 4088 1606 4145 rim

249 4162 307 4217 llari
335 4161 464 4217 facultati
494 4178 644 4232 corporeae
675 4156 770 4234 (quarn
800 4160 968 4233 gravitatem
999 4163 1110 4218 dicimus
1129 4158 1189 4217 ¹sou
1215 4160 1413 4238 magnetieam)
1438 4164 1534 4223 itidem
1556 4185 1608 4240 per

249 4250 340 4298 motus
363 4241 509 4296 violentos.

328 4322 434 4377 Sufficit
454 4329 547 4377 tamen
568 4339 619 4393 pro
640 4323 737 4377 solutis
758 4339 776 4376 a
790 4323 878 4376 Terra
892 4322 1011 4375 facultas
1027 4321 1083 4376 ieta
1096 4336 1242 4392 corporum
1264 4325 1387 4380 abundat
1401 4325 1453 4382 illa
1467 4327 1605 4388 ιιιίιιιιίι

330 4414 407 4476 Quod
428 4429 494 4466 roro
516 4429 534 4467 a
553 4413 698 4468 celeritate
719 4420 807 4468 motus
828 4412 911 4481 hujus
932 4411 1009 4465 multi
1031 4410 1083 4465 sibi
1105 4417 1250 4483 terraeque
1270 4413 1448 4470 nasoeutibus
1476 4424 1608 4477 extrem

249 4499 383 4556 metuunt,
405 4509 517 4549 causam
537 4494 642 4547 nullam
663 4494 777 4548 habeut
819 4492 888 4546 Vide
909 4493 942 4544 de
963 4492 1017 4545 hac
1036 4504 1067 4545 re
1087 4490 1154 4562 Cap.
1175 4490 1235 4547 XV.
1258 4501 1288 4548 et
1307 4494 1382 4551 XVI.
1404 4494 1468 4551 libri
1489 4499 1543 4554 mei
1570 4500 1606 4556 de

247 4573 337 4629 Stella
358 4573 527 4642 Serpentarii
549 4574 596 4629 t'ol.
618 4571 664 4627 82.
687 4580 717 4627 et
736 4573 784 4628 84.
808 4578 854 4640 (ll,
873 4595 896 4643 p.
917 4574 968 4626 672
986 4576 1019 4635 ι.)

328 4654 431 4708 lbidem
452 4653 536 4707 etiam
558 4653 679 4706 iuvenies
700 4652 789 4721 plenis
810 4653 878 4706 velis
900 4651 1061 4724 navigatum
1076 4668 1127 4722 per
1139 4652 1351 4709 immensitatem
1368 4653 1443 4709 orbis
1464 4660 1606 4726 numani,

247 4750 319 4807 quae
341 4733 490 4806 Ceperuico
511 4733 584 4786 solet
604 4731 686 4800 objici
707 4737 739 4785 ιιι
759 4733 932 4806 prodigiosa:
956 4733 1159 4788 demonstratur
1177 4734 1257 4799 euim,
1277 4734 1349 4790 beno
1361 4738 1606 4809 promenus..
