3368 5534
164 338 228 410 512
694 343 726 396 n
746 343 913 412 mquam
930 341 976 398 aa

166 523 315 607 praebent
336 529 492 584 conatuum
515 542 578 586 rem
601 522 723 585 ulterius
747 524 948 600 continuandi,
961 523 1088 627 ‘singula
1110 523 1300 586 theoremata
1322 524 1373 586 rel
1386 523 1503 604 proble-

170 623 255 676 mata
278 611 401 693 digitum
424 612 582 674 intendunt
605 613 643 673 ad
666 613 843 693 praemissa,
867 613 985 675 omissis
1008 633 1079 676 vero
1095 613 1224 676 numeris
1238 613 1421 689 ordinariis;
1443 612 1504 674 cal·

170 703 228 764 culi
253 701 436 776 multiplices
460 702 505 763 his
529 701 624 763 additi
648 703 776 764 suntad
800 701 947 813 inceptum
961 704 1144 784 pertinentes
1161 703 1326 785 negotium,
1350 703 1504 765 donceres

164 793 254 875 plane
281 790 439 853 deseritur.

252 880 285 945 Si
310 899 347 942 ex
369 879 426 954 his,
450 898 525 961 quae
548 886 670 959 praesto
694 887 772 955 suut,
796 881 951 962 exemplis,
967 881 993 944 si
1011 880 1153 963 inspectis
1167 880 1280 962 passim
1295 880 1504 962 manuscriptis

167 978 198 1033 et
234 970 414 1049 comparatis
451 969 507 1043 iis,
541 987 617 1050 quae
647 969 711 1048 ipse
749 970 837 1031 affert
868 970 904 1033 de
932 970 1049 1033 ratione
1080 969 1260 1052 procedendi
1282 970 1314 1034 in
1339 968 1503 1035 Commeat.

163 1059 274 1125 Martis
303 1060 414 1138 (comp.
443 1060 550 1121 literas
573 1057 697 1138 Kepleri
727 1059 765 1120 ad
788 1059 989 1134 Maestlinum,
1013 1060 1183 1123 Fabricium
1205 1060 1342 1141 aliosque
1365 1060 1398 1122 in
1420 1079 1503 1142 prae-

163 1150 276 1213 tatione
300 1148 338 1210 ad
362 1148 417 1209 hoc
440 1148 529 1229 opus)
554 1148 580 1209 si
603 1166 641 1209 ex
663 1147 711 1210 his
735 1149 910 1211 concludere
933 1150 1005 1211 licet
1023 1149 1059 1211 de
1077 1147 1210 1229 reliquis,
1236 1168 1312 1230 quse
1326 1149 1504 1228 conscripsit

165 1239 325 1320 Keplerns.
349 1255 407 1298 uon
431 1237 495 1301 sine
518 1236 657 1300 veritatis
672 1238 773 1319 specie
791 1237 866 1301 haec
884 1239 921 1300 de
940 1247 1061 1302 auctore
1075 1247 1177 1301 nostro
1190 1237 1340 1302 dicamus:
1365 1238 1502 1314 Primum,

164 1345 355 1411 quaecuuque
379 1326 575 1390 occurrebant
596 1324 730 1406 Keplero
757 1327 950 1403 notabiliora,
974 1346 1042 1391 cum
1063 1327 1143 1391 domi
1166 1335 1228 1390 tum
1250 1327 1281 1390 in
1303 1328 1415 1391 itincre
1438 1328 1503 1401 (sd-

164 1417 289 1498 scripsit
321 1417 456 1497 saepius,
485 1423 605 1495 praeter
637 1417 714 1478 diem
740 1435 796 1497 quo
820 1418 1041 1480 lucubrationes
1064 1418 1186 1481 chartae
1210 1416 1383 1491 mandavit,
1415 1417 1502 1480 etism

164 1508 282 1583 urbem,
307 1526 335 1570 v.
359 1525 388 1586 g.
415 1504 620 1580 ,Monachii“,
646 1505 815 1585 „Pragae“,
841 1506 1035 1588 „Tubingae“
1060 1508 1149 1582 hc),
1176 1507 1256 1569 inter
1279 1506 1385 1570 studia
1406 1517 1502 1569 utro-

163 1596 279 1660 nomica
306 1597 390 1660 etin
414 1595 492 1670 otio,
531 1594 681 1676 extemplo
704 1595 754 1657 ubi
777 1604 882 1676 posset
911 1597 1027 1659 chartis
1057 1595 1211 1669 tradebat,
1244 1596 1295 1658 vel
1322 1615 1380 1679 per
1402 1595 1502 1661 literas

163 1688 203 1750 ad
225 1685 337 1749 amicos
361 1686 450 1748 datas
473 1683 685 1759 dubitationes,
709 1705 785 1768 quae
808 1686 1013 1762 occurrebant,
1038 1685 1174 1767 sibiipsi
1198 1684 1329 1749 eximere
1354 1686 1501 1748 studebat.

161 1776 288 1844 Deinde,
312 1794 401 1858 quum
422 1793 472 1836 res
499 1773 594 1854 ipsum
621 1774 752 1853 agitaret
775 1775 886 1855 gravis,
910 1795 1008 1857 quum,
1037 1783 1071 1838 ut
1093 1773 1204 1837 accidit
1226 1773 1257 1837 in
1281 1773 1502 1857 ,mpprrch0“,

163 1864 319 1929 moliretur
333 1863 493 1927 editionem
507 1862 663 1942 cujusdam
682 1863 790 1946 operis,
805 1863 948 1927 versabat
963 1883 1025 1928 rem
1042 1862 1236 1946 propositam,
1257 1863 1355 1926 donec
1379 1864 1505 1927 maxims

164 1963 328 2036 exparte,
351 1961 386 2016 ut
407 1951 452 2015 ita
474 1952 581 2019 dicam.
605 1951 636 2013 in
659 1960 820 2034 conspectu
843 1961 936 2029 esset,
959 1963 991 2016 et
1014 1955 1077 2017 sive
1091 1953 1190 2017 nullas
1205 1952 1307 2016 aniano
1319 1953 1503 2036 praecipiens

163 2045 368 2118 difficultates,
393 2060 469 2123 quae
493 2040 582 2122 objici
605 2051 739 2121 possent,
763 2043 829 2104 sive
851 2043 922 2105 illas
940 2062 984 2118 se,
1007 2043 1186 2126 precedente
1204 2042 1338 2123 negotio,
1363 2041 1503 2107 victurum

163 2133 272 2198 fiducia
301 2133 424 2213 plenus,
460 2150 524 2194 rem
556 2130 699 2198 alacriter
727 2149 905 2215 aggressus,
943 2132 1030 2214 quasi
1059 2132 1116 2196 sibi
1139 2132 1198 2214 ipsi
1220 2132 1363 2197 stimulos
1382 2132 1502 2196 subdere

165 2224 267 2297 vellet,
293 2222 331 2285 ab
355 2220 440 2282 initio
464 2228 577 2303 quanta
598 2220 697 2300 potuit
719 2221 955 2301 diligentiorem
978 2221 1141 2295 tractabat,
1162 2221 1261 2303 prima
1274 2221 1341 2303 jsm
1359 2220 1441 2286 lines
1457 2240 1503 2284 re·

164 2312 295 2394 spiciens
323 2310 408 2393 quasi
438 2311 477 2373 ad
500 2317 619 2392 typum,
649 2309 839 2392 ordinemque
863 2329 988 2374 servans
1010 2312 1079 2374 iude
1102 2312 1142 2373 ab
1164 2311 1250 2373 initio
1274 2311 1376 2374 auimo
1398 2328 1502 2394 propo-

166 2402 266 2465 situm.
314 2398 367 2464 Sic
399 2399 536 2479 singulae
567 2399 707 2480 deinceps
740 2400 807 2462 libri
838 2409 942 2482 partes
974 2420 1008 2463 se
1047 2400 1175 2464 invicem
1210 2401 1416 2482 sequebantur
1458 2401 1502 2475 (ut

163 2509 193 2553 v.
217 2510 243 2554 c.
266 2491 298 2553 in
321 2489 432 2552 Martis
456 2486 688 2551 Commentariis
710 2489 812 2567 capita
834 2490 872 2551 ab
895 2489 980 2553 initio
999 2486 1042 2555 52
1057 2490 1183 2570 priora),
1205 2489 1302 2553 donec
1314 2487 1501 2572 improvisum

162 2579 389 2662 deprehendens
400 2577 643 2659 impedimentum
655 2578 780 2656 gradum
793 2577 931 2653 sistebat,
952 2586 992 2653 et,
1011 2598 1151 2643 reversus
1165 2580 1204 2642 ad
1218 2578 1386 2655 exordium,
1400 2597 1461 2643 rem
1472 2586 1502 2642 st

164 2691 201 2734 ea
224 2688 299 2753 quae
322 2666 437 2751 chartis
460 2666 604 2729 mandata
631 2665 763 2728 habebat
795 2668 962 2730 accuratius
984 2668 1177 2750 inspiciebat,
1199 2676 1262 2731 tum
1285 2668 1406 2732 demum
1428 2668 1500 2733 torte

165 2779 210 2836 ea,
233 2778 310 2842 quae
334 2758 371 2820 de
394 2755 579 2819 instituenda
601 2755 700 2837 operis
723 2754 838 2818 ratione
861 2756 959 2820 animo
983 2757 1257 2839 comprehenderat,
1280 2757 1398 2822 chartis
1420 2777 1500 2820 msu-

164 2851 250 2912 daus.
296 2849 332 2911 In
357 2844 572 2928 ,Hipparcho“
596 2843 788 2907 difficultates
804 2846 945 2925 hanguut
965 2846 1119 2929 impetum,
1142 2854 1174 2910 et
1195 2865 1377 2929 quamquam
1398 2846 1500 2910 iterum

163 2940 330 3021 iterumque
352 2936 457 3011 rediit,
487 2934 608 2997 tandem
632 2934 772 2999 iniectum
796 2935 934 3015 reliquit,
971 2944 1088 3015 partem
1112 2955 1228 3013 eornm,
1264 2955 1343 3018 quae
1367 2936 1502 3001 absoluta

163 3029 291 3103 inerunt,
317 3023 528 3109 ,praeceptis“
553 3023 733 3086 Tabularum
755 3022 1011 3104 Rudolplriuarum
1034 3026 1272 3089 accommodans.

249 3117 398 3197 Keplerns
414 3133 503 3196 quam
520 3113 557 3175 oh
571 3131 634 3175 rem
648 3130 722 3191 opus
741 3132 825 3175 suum
845 3114 1064 3178 inscribendum
1083 3114 1233 3178 censuerit
1247 3112 1500 3195 Hipparchum,

163 3207 250 3271 facile
265 3204 423 3288 conjicient
439 3204 468 3281 ii,
485 3203 545 3286 qui,
560 3201 667 3264 imbuti
681 3203 882 3265 astronomiae
902 3203 1039 3280 historia,
1062 3223 1119 3268 nou
1136 3204 1284 3284 ignorant,
1299 3201 1501 3286 ffipparchun

163 3295 307 3380 peculiari
334 3295 451 3358 ratione
476 3293 641 3354 dimensum
664 3311 730 3355 esse
759 3292 935 3357 distantiam
958 3302 989 3356 ct
1011 3294 1210 3375 quantitatem
1233 3292 1315 3358 Solis
1337 3301 1372 3356 et
1396 3293 1500 3367 Lunae,

164 3384 309 3466 singulari
332 3384 362 3448 in
378 3384 454 3447 hunc
468 3383 555 3445 tinem
571 3401 657 3444 usum
673 3381 880 3458 delineatione,
904 3401 980 3463 quae
1005 3383 1253 3464 „diagramma
1274 3381 1498 3467 Hipparchi⁸

163 3476 285 3550 dicitur,
309 3481 492 3556 apparentes
516 3471 597 3535 Solis
619 3470 781 3553 Lunaeque
804 3471 966 3537 diametros
990 3492 1148 3557 eorumque
1170 3471 1342 3554 parallaxes
1367 3473 1500 3536 herimu-

162 3567 243 3630 tales
265 3571 499 3645 comparantem,
523 3579 659 3635 necnon
682 3561 803 3623 umbrae
821 3561 991 3628 -Terrestris
1014 3563 1190 3627 diametrum
1213 3582 1249 3626 eo
1272 3563 1351 3637 loco,
1373 3582 1432 3645 quo
1452 3580 1500 3624 se·

164 3663 250 3719 catur
276 3673 331 3735 per
352 3653 468 3717 Lunam
501 3651 687 3732 eclipsatam.
741 3648 805 3714 Alii
828 3657 948 3730 autem,
981 3653 1079 3717 minus
1110 3651 1223 3716 versati
1252 3652 1283 3715 iu
1314 3650 1364 3714 his
1387 3650 1500 3724 studiis,

162 3744 238 3807 haec
269 3743 419 3807 habeant:
449 3739 652 3822 Hipparchus,
674 3745 764 3802 uatus
785 3737 920 3805 Nicaeae
941 3740 1153 3826 Bithynorum,
1176 3740 1288 3824 primus
1310 3740 1438 3823 collegit
1457 3758 1499 3815 sa

167 3852 244 3916 quae
267 3833 382 3912 priores
405 3830 435 3894 iu
459 3831 543 3894 coelo
567 3829 819 3906 observaverant,
843 3836 890 3906 et,
912 3849 972 3895 non
994 3841 1153 3895 contentus
1175 3828 1438 3895 observationibus
1458 3828 1500 3893 si·

163 3924 267 3986 derum
293 3939 347 4000 per
374 3940 407 3984 se
436 3939 503 3983 cum
534 3919 572 3983 ab
611 3919 672 3982 illis
701 3925 766 3981 tum
800 3917 838 3981 ab
871 3917 937 3998 ipso
975 3920 1204 4002 diligentissime
1234 3919 1341 3994 laetis,
1374 3918 1500 3983 studium

165 4012 222 4077 hoc
257 4010 350 4072 altius
382 4009 549 4089 accipiens,
587 4008 722 4087 integrae
754 4006 898 4071 scientiae
929 4010 1159 4074 conformandae
1192 4030 1312 4092 operam
1343 4008 1429 4073 dedit
1450 4006 1514 4083 (sb'

166 4120 243 4164 anuo
267 4120 295 4163 a.
321 4096 377 4162 Oh.
405 4096 602 4174 rou-125).
648 4099 765 4161 Motum
787 4097 984 4178 planetarum,
1008 4099 1089 4163 Solis
1113 4110 1144 4163 et
1166 4100 1268 4163 Lunae
1289 4097 1433 4181 periodos
1449 4117 1500 4161 sc·

164 4190 296 4254 curatius
319 4189 500 4252 constituere
523 4189 581 4251 sibi
600 4185 767 4270 proposuit,
791 4204 966 4266 comparans
984 4208 1055 4253 suas
1069 4189 1163 4271 ipsius
1187 4187 1415 4252 observationes
1437 4204 1500 4251 cun

163 4279 224 4344 illis
254 4285 403 4354 vetemm,
438 4279 613 4359 primusque·
638 4276 766 4340 coniecit
794 4275 970 4359 hypothesin
998 4279 1047 4340 vel
1074 4280 1152 4360 quod
1188 4277 1373 4360 posteriores
1404 4273 1500 4341 muudi

163 4375 300 4452 systema
321 4367 472 4445 dicebaut,
496 4369 583 4431 orbes
606 4368 794 4448 planetamm
817 4366 998 4430 eccentricos
1018 4387 1143 4447 ponens,
1166 4377 1200 4432 ut
1224 4367 1360 4431 salvaret
1373 4374 1500 4431 mutum

164 4457 430 4538 irregularitatem.
463 4457 543 4521 Anni
567 4457 766 4540 quantitatem
782 4455 950 4518 accuratius
961 4456 1111 4520 dimensus
1126 4464 1184 4532 est,
1207 4456 1329 4520 tabulas
1347 4454 1501 4520 coustituit

165 4554 297 4610 motuum
330 4544 411 4609 Solis
440 4555 472 4610 et
493 4548 616 4620 Lunae,
648 4546 824 4649 catalogum
853 4544 978 4626 denique
1010 4546 1140 4610 coniecit
1175 4546 1332 4610 stellarum
1368 4545 1498 4608 tixsruuu

165 4636 226 4700 Sed
249 4635 414 4699 studiorum
436 4634 547 4733 bcrqpp
571 4633 813 4733 gravissimorum
837 4633 1014 4696 documenta
1041 4636 1141 4698 omnia
1166 4636 1226 4698 tere
1247 4634 1403 4717 perierunt
1425 4642 1500 4697 um-

164 4744 268 4808 porum
291 4724 410 4806 injuria,
433 4710 649 4835 unoffitmp
643 4718 780 4809 -c'tcepto
803 4722 913 4798 libello,
938 4742 1023 4804 quem
1040 4723 1206 4807 inscripsit:
1230 4744 1288 4787 aas
1306 4722 1436 4804 'Agnes
1456 4744 1500 4787 ιι

166 4812 303 4887 Εὔδοξοι
325 4814 512 4890 &mounes
533 4794 691 4891 amitus
713 4813 811 4890 βιβλια
832 4835 856 4890 y,
879 4830 965 4892 quem
987 4812 1122 4895 primum
1133 4814 1227 4877 edidit
1248 4813 1393 4878 Petrus
1414 4812 1498 4877 vte-

165 4901 294 4968 torius
321 4902 492 4968 Florentiae
526 4897 628 4978 tter,
659 4908 691 4966 et
715 4901 746 4970 iu
772 4900 913 4967 Latinam
941 4920 1061 4969 versum
1089 4904 1223 4989 hagnam
1248 4904 1288 4971 D
1318 4902 1498 4973 tesseras
