3368 5534
733 318 817 382 soe·
833 322 948 382 tilam
1437 322 1512 407 m

183 528 186 533 ·
256 501 303 573 li)
320 526 346 577 p.
366 495 425 560 111.
455 500 486 560 In
503 500 609 560 editione·
623 507 783 559 ..scholarum
801 508 1048 561 mathematicarum“
1066 520 1131 577 quae
1149 500 1218 560 uobis
1234 516 1333 575 praesse
1345 521 1391 572 est.
1409 530 1513 571 emente

165 578 265 635 tum
277 581 568 634 &tenerenturne
581 593 647 630 auno
663 575 727 629 liii
740 581 805 644 typis
816 594 916 639 excusa.
928 583 1004 631 rerba
1015 581 1079 633 haee
1091 581 1164 633 Remi
1177 580 1379 646 deuehendimm
1391 602 1448 655 pag.
1466 585 1511 640 li.

165 653 241 717 Quae
258 663 287 705 ut
297 656 385 705 urebas
402 652 572 718 intelligantur
588 652 651 701 haec
671 651 794 700 addimus:
813 650 907 701 Remus
924 653 950 702 iu
968 653 1027 703 libro
1046 653 1066 703 Ι.
1085 654 1141 719 egit
1152 655 1183 702 ds
1203 654 1410 711 „mathematicae
1427 662 1511 723 print·

165 725 360 785 nommetur?
375 724 441 774 nude
455 725 533 781 „artis
551 724 658 789 dignitas
675 723 853 785 intelligetur.“
885 723 947 773 Cum
965 739 1021 773 sero
1039 724 1230 774 mathematicae
1249 740 1265 775 a
1283 728 1365 777 multia
1383 731 1514 794 obliniatur

165 796 290 849 ΗΜ
308 803 336 846 et
353 795 496 854 obscuritas,
515 793 610 843 Remus
628 793 688 843 libro
706 792 737 843 ΙΙ.
758 792 804 842 has
823 795 948 858 opiniones
966 811 995 845 es
1014 796 1103 845 animis
1120 795 1245 845 hominnm
1264 799 1368 849 evellere
1386 802 1470 855 studet
1487 810 1515 854 et

164 868 278 933 imno-lu
296 867 372 917 tinem
390 872 499 916 veterum
517 864 711 929 philosophorum
734 864 828 927 placita
846 868 965 930 congerit
1002 865 1141 915 Utilitatem
1163 866 1355 921 mathematicae
1380 874 1406 921 lu
1433 882 1512 929 asno-

164 939 273 991 mlcls
290 935 362 1001 (soce
389 939 466 987 utitur
495 933 672 1000 „muologim
692 936 916 991 demonstraturus.
944 937 1010 1000 quid,
1029 938 1116 1003 iuquit,
1136 938 1270 1005 astrologia
1296 948 1351 991 tota
1374 943 1443 993 aliud
1466 953 1513 1007 eat,

167 1004 248 1076 m
266 1008 423 1059 arlthmstica
439 1009 576 1057 numeratio
594 1014 704 1056 motuum
723 1005 873 1063 scelestium,
892 1021 966 1071 quam
978 1010 1127 1072 geometrica
1145 1007 1272 1074 globorum
1289 1011 1432 1065 coelestium
1449 1013 1512 1081 hgn·

166 1082 233 1133 raso
252 1088 279 1132 et
296 1077 435 1130 diuisum!
470 1079 659 1133 Asucuomiam.
678 1078 802 1141 queritur,
820 1078 929 1141 plurimis
947 1092 987 1129 ess
1004 1081 1153 1129 eiurolutsm
1172 1086 1199 1129 et
1214 1082 1356 1145 impeditam
1373 1084 1513 1149 hypothesi-

166 1154 232 1211 ὴ,
259 1166 276 1203 a
302 1152 389 1217 quibus
415 1164 459 1215 per
476 1149 678 1200 mathematicam
695 1148 791 1197 liberari
814 1151 898 1212 possit.
936 1149 1013 1207 „lude
1041 1150 1073 1200 ab
1091 1152 1228 1200 Aristotelis
1255 1162 1340 1203 aetam
1366 1155 1405 1205 rel
1432 1158 1513 1220 petius

166 1221 270 1275 ΜΝ*
283 1224 467 1279 astronomiam,
480 1236 528 1271 uon
541 1228 684 1269 contentam
696 1219 910 1275 observationibus.
924 1234 1013 1270 causas
1025 1229 1134 1272 motuum
1147 1219 1190 1271 dte.
1205 1223 1357 1275 confinxisse.
1387 1226 1514 1279 Eudoxum

167 1294 287 1351 Mum
304 1293 451 1358 hypotheses
463 1292 555 1342 orbium
573 1291 746 1340 revolventium
764 1293 892 1354 reperiare,
910 1306 971 1355 quas
984 1292 1126 1342 hurtotelss
1139 1301 1166 1343 et
1178 1292 1293 1357 Caiippna
1311 1299 1513 1356 emendarerlstt

166 1366 259 1433 qulbus
274 1378 303 1417 sa
320 1372 470 1430 opponentes
487 1363 671 1427 Pythagoraeoa
690 1361 811 1425 epicyclcs
829 1369 855 1410 et
872 1363 1022 1412 eeeesuicos
1040 1364 1109 1412 orbes
1127 1364 1260 1414 induxisse.
1297 1369 1404 1425 „Aetate
1431 1376 1516 1420 notua

168 1436 331 1505 cepernlcus,
350 1436 486 1500 astrologus
504 1449 553 1483 uon
566 1434 672 1496 antiquis
689 1434 767 1482 solum
785 1434 964 1496 comparandus
981 1433 1069 1484 sedin
1088 1436 1221 1503 astrologia
1239 1451 1333 1499 prorsus
1347 1438 1513 1497 admirandus.

168 1516 226 1559 tots
244 1509 393 1573 antiquitate
410 1505 578 1571 hypothesium
596 1507 692 1567 relecta
706 1503 854 1568 hypotheca
871 1504 926 1553 illas
944 1505 1102 1555 admirandas
1119 1509 1255 1563 revocarit,
1274 1522 1338 1571 quae
1356 1510 1514 1577 asuologiam

167 1595 221 1631 eon
232 1592 265 1631 ea
282 1587 401 1629 asuomm
419 1577 463 1627 aad
474 1592 505 1628 ex
517 1576 608 1625 Terrae
626 1583 693 1624 motu
711 1575 914 1625 demonstrarent.
946 1576 1114 1627 Veruntamen
1133 1577 1250 1643 astrologl
1262 1588 1287 1628 et
1305 1586 1399 1631 reteres
1416 1589 1442 1631 et
1459 1584 1515 1633 nori

169 1651 291 1703 eutaslls
316 1649 455 1699 tabularum
482 1648 515 1697 ad
541 1647 687 1710 hypotheses
704 1647 843 1709 compositis
862 1646 1017 1712 astrologiam
1044 1648 1145 1711 perinde
1170 1658 1348 1713 oppresserunt.
1386 1652 1514 1705 Enimvero

168 1724 233 1775 aa&
244 1727 353 1779 constat.
365 1720 522 1784 astrologiam
533 1726 641 1769 veterem
654 1717 852 1779 Babyloniorum.
866 1719 1048 1783 Aegyptiorum.
1062 1718 1210 1769 Graecorum
1224 1723 1299 1771 etiam
1317 1731 1375 1772 ants
1387 1723 1515 1776 Eudoxum

169 1796 226 1845 dne
242 1791 418 1858 hypothesibus
435 1791 520 1847 fnisse,
538 1796 564 1839 et
582 1789 614 1839 ab
627 1802 658 1838 ea
670 1790 811 1838 coelestium
824 1800 949 1852 corporum
966 1796 1046 1839 motus
1065 1800 1204 1841 numeratos
1216 1805 1248 1842 ac
1260 1793 1400 1858 praedictas
1412 1795 1514 1861 eclipses

169 1880 237 1923 nae.
255 1872 284 1914 ut
301 1862 374 1927 obiici
392 1877 441 1912 non
459 1863 543 1925 possit,
560 1860 707 1925 hypotheses
725 1861 779 1910 ideo
798 1862 945 1909 necessitate
963 1859 1014 1909 ulla
1030 1861 1144 1910 inventae
1164 1862 1243 1913 esse.“
1282 1863 1450 1917 Commeatum
1467 1854 1514 1934 lgi-

169 1944 213 1989 tnr
223 1932 272 1987 lc.
286 1963 318 1973 -
331 1933 425 1984 Ultima
436 1932 510 1983 Remi
528 1931 604 1981 rerba
621 1931 651 1981 de
670 1932 779 1980 cessiorm
797 1932 880 1995 regiae
898 1932 1051 1995 protensionis
1067 1932 1189 1996 Keplerus
1204 1936 1256 1996 lam
1274 1936 1366 1998 pridem
1385 1936 1516 1990 Maeatllno
1569 1952 1576 1963 ·

169 2011 260 2073 iem
276 2006 374 2069 scripit
391 2003 483 2068 (comp.
501 2003 558 2052 Vol.
576 2002 597 2059 Ι,
615 2018 638 2067 p.
659 1998 693 2051 31
710 2000 752 2063 a).

262 2076 304 2128 De
322 2074 468 2127 0siaudri
487 2075 639 2139 praelatione
657 2075 690 2123 ad
709 2072 834 2137 Copemici
853 2087 912 2136 opus
932 2073 1024 2123 desum
1043 2081 1080 2122 est
1097 2073 1152 2125 Vol.
1170 2074 1191 2131 L
1210 2091 1234 2138 p·
1253 2075 1305 2125 215
1323 2086 1349 2127 et
1367 2076 1426 2127 288.

266 2146 310 2210 18)
327 2163 352 2212 p
374 2143 432 2196 111.
469 2145 600 2196 Concludit
626 2144 672 2193 hoc
699 2152 813 2208 poemate
831 2144 914 2206 Tycho
939 2146 1042 2207 primam
1060 2152 1153 2208 partem
1171 2146 1223 2195 libri
1242 2150 1279 2196 sui
1298 2149 1328 2198 de
1355 2150 1427 2200 stella
1444 2166 1516 2209 nova,

171 2222 348 2289 multans:
369 2218 432 2278 „Hic
449 2218 535 2281 prioris
551 2217 628 2281 partis
645 2215 717 2279 hujus
735 2215 797 2272 iibri,
814 2215 840 2265 in
852 2230 902 2279 qua
913 2216 944 2265 de
955 2218 1108 2265 restitutione
1121 2214 1212 2266 Solaria
1223 2232 1320 2284 unaque
1334 2219 1421 2271 Lunae
1439 2224 1515 2274 curri-

171 2292 223 2347 eali
242 2299 270 2343 et
286 2290 415 2341 marum
432 2289 558 2338 stellunm
576 2294 695 2337 accurata
712 2286 888 2336 resultatione
907 2286 1003 2336 adsum
1022 2295 1105 2337 actum
1124 2295 1174 2344 est,
1202 2288 1276 2338 tinem
1294 2292 1446 2355 imponimus.
1482 2293 1518 2345 Et

173 2362 287 2431 quenti
314 2361 478 2413 exhortatorio
505 2359 538 2409 ad
565 2360 625 2409 artr's
643 2358 715 2421 hujus
734 2358 844 2406 alumnos
862 2360 983 2416 carmine,
1012 2357 1151 2421 colophonis
1179 2359 1231 2409 ioco
1249 2363 1372 2425 apposito,
1400 2364 1433 2414 ad
1451 2378 1516 2423 eam,

172 2446 250 2501 flam
276 2432 308 2484 de
324 2430 397 2485 tlon
414 2431 495 2483 Stella
520 2431 687 2494 proposuimus
710 2429 937 2493 pertractationem,
962 2431 1014 2491 jam
1042 2428 1142 2478 undem
1168 2432 1348 2482 emorimur!
1386 2432 1519 2487 censuerit

172 2504 259 2571 heito
277 2506 347 2555 serila
374 2504 424 2553 suis
443 2502 650 2567 speculationibus
668 2502 803 2550 immiscere
820 2501 944 2560 carmina,
973 2514 1035 2564 qnae
1064 2502 1154 2563 passim
1172 2511 1302 2553 occurrunt
1326 2507 1351 2555 iu
1377 2506 1443 2557 libris
1466 2509 1517 2559 suis

174 2576 355 2632 monomieia.
374 2574 439 2639 apud
459 2572 613 2623 (insseudum
631 2579 657 2620 et
675 2571 837 2621 ll'eistritlum
856 2568 929 2631 (Vita
947 2570 1092 2633 Tychonis).

265 2644 309 2708 li)
329 2663 353 2711 p.
382 2642 439 2694 111.
475 2645 500 2694 ln
526 2643 648 2706 Tychouis
676 2657 747 2707 opere
775 2643 901 2705 inscripto:
930 2644 1100 2693 Astrouomlae
1127 2646 1279 2696 instauratae
1296 2646 1517 2713 Progymnasmata

174 2716 247 2783 (tom.
259 2716 293 2769 li.
306 2718 405 2783 Pragae
419 2713 508 2772 locs),
521 2717 546 2764 iu
558 2714 625 2771 lolio,
640 2714 703 2779 quod
717 2714 814 2763 exhibet
825 2714 1014 2777 inscriptionem,
1028 2715 1118 2778 depicti
1130 2722 1188 2765 snut
1204 2719 1239 2765 vir
1251 2724 1277 2767 et
1293 2733 1361 2781 puer,
1375 2720 1459 2784 quihus
1471 2720 1515 2772 ad·

174 2792 269 2859 scalpta
285 2798 344 2839 snut
360 2779 425 2838 haec
442 2787 531 2847 rerba,
552 2784 729 2849 „Suspiciendo
748 2784 887 2848 Despicio.“
925 2784 988 2835 Item
1014 2787 1038 2835 lu
1065 2787 1217 2849 poematibus
1234 2787 1355 2850 'l'ychouls
1373 2792 1518 2857 quibusdam

175 2863 265 2915 dam
283 2860 487 2925 deprehendimus
504 2858 587 2914 rerba,
606 2864 632 2907 et
649 2854 750 2921 Kepleri
777 2857 900 2920 inscriptio
927 2859 1047 2920 poematls
1074 2859 1109 2906 sui
1138 2866 1258 2916 testatur,
1276 2875 1318 2924 pro
1343 2863 1450 2925 symbolo
1475 2862 1518 2914 illa

175 2936 252 2987 labe
275 2930 396 2997 Treboni.
414 2931 480 2981 aiom
503 2927 580 2979 Persii
599 2943 631 2987 „o
649 2942 720 2977 curas
738 2929 876 2977 hominum
900 2925 945 2976 dc.
967 2928 1074 2991 Keplerc
1101 2929 1147 2978 fnit
1169 2944 1211 2993 pro
1229 2931 1344 2993 symbolo.
1375 2932 1405 2983 lu
1428 2932 1517 2985 collec-

175 3006 243 3057 tim
262 2996 431 3069 epistularum,
448 3014 521 3065 qnam
535 2998 619 3062 Tycho
636 2999 727 3063 publici
742 3003 803 3061 juris
821 3002 886 3053 tecit.
906 3001 1001 3062 qnaerh
1013 2998 1166 3049 Rothmauus
1179 3006 1214 3064 (p.
1226 2998 1274 3063 811)
1288 3004 1345 3067 quid
1363 3004 1424 3055 hacc
1441 2994 1528 3056 verbs

176 3074 327 3144 dgnldesnt.
364 3075 419 3132 „sb
437 3072 529 3131 altera,
548 3072 637 3135 inquit.
664 3073 771 3135 paginae
789 3078 858 3133 parte
875 3071 956 3119 inveni
975 3071 1045 3120 binae
1062 3071 1194 3137 imagines,
1219 3072 1322 3123 alteram
1347 3078 1517 3138 astronomiae,

177 3148 284 3199 m
302 3147 355 3210 elus
372 3145 440 3202 artis.
459 3157 532 3208 quam
551 3143 705 3207 epegyricam
724 3140 840 3205 appelles.
868 3140 937 3202 Quas
955 3157 1009 3191 cum
1022 3142 1152 3207 diligenter
1169 3145 1289 3199 intuebar.
1308 3147 1469 3198 animadverti
1487 3149 1520 3199 als

177 3228 282 3287 neque
294 3231 379 3269 aarum
396 3216 475 3266 latere
492 3215 576 3263 literas
594 3213 722 3276 quasdam.
740 3214 807 3263 circa
828 3214 1001 3262 astronomiam
1013 3213 1108 3276 quidem
1128 3216 1296 3278 „suspiciendo
1313 3216 1434 3282 despicio·
1454 3221 1521 3270 circa

177 3291 299 3356 Quam
316 3302 373 3339 vero
385 3284 562 3350 „despiciendo
579 3284 713 3348 suspicio.··
746 3283 794 3331 liin
813 3283 874 3332 haec
888 3298 942 3333 cum
961 3284 1122 3334 admiratione
1140 3286 1297 3336 considerans
1309 3290 1422 3354 cogitari.
1439 3289 1518 3342 hiero·

178 3360 297 3431 glyphlea
315 3372 370 3410 ease
386 3366 460 3423 uque
478 3358 508 3406 iis
525 3356 589 3405 icrte
608 3368 729 3414 annuere.
759 3360 836 3404 artem
854 3356 1008 3418 spagyricam
1027 3357 1151 3405 continere
1169 3358 1243 3405 totius
1261 3367 1364 3409 naturae
1389 3367 1415 3410 et
1436 3360 1520 3412 mundi

179 3432 416 3496 nutemplationem
433 3436 459 3479 et
476 3426 576 3493 perinde
595 3441 625 3476 ac
645 3426 793 3476 astronomia
819 3438 875 3473 suos
901 3425 992 3474 habere
1017 3426 1142 3490 planetas,
1171 3441 1201 3478 ac
1219 3442 1283 3493 quae
1300 3436 1390 3481 natura
1407 3434 1460 3498 agit
1476 3446 1520 3497 per

179 3505 264 3559 sidua
281 3503 408 3559 coelestis,
427 3514 460 3551 ea
477 3513 551 3564 agere
569 3497 641 3547 simili
659 3496 772 3546 efficacia
789 3511 832 3560 per
849 3509 896 3545 sua
913 3496 1019 3545 sidera*
1039 3494 1083 3545 hc.

244 3566 247 3573 ’
269 3572 376 3638 'Pytho
394 3570 532 3636 respondit:
552 3568 736 3633 hieroglyphice
748 3568 809 3617 haec
823 3580 876 3615 esse
894 3574 962 3617 rocte
977 3568 1128 3629 conlectasti.
1154 3566 1220 3618 Nam
1232 3584 1280 3619 neu
1292 3569 1380 3620 saltem
1392 3577 1520 3638 stramem

180 3646 358 3701 mentam
376 3644 508 3695 coelestem
524 3640 592 3690 illam
610 3641 756 3703 superiorem
774 3645 800 3688 st
816 3639 952 3688 interiorem
971 3646 1108 3688 teneetrem
1125 3641 1266 3703 respiciunt,
1284 3641 1328 3691 sed
1350 3644 1425 3692 etiam
1441 3645 1521 3708 ipsam

181 3720 327 3771 mrem
352 3715 501 3779 theologiam
523 3719 549 3762 et
572 3713 647 3760 totins
670 3711 763 3760 ethices
790 3710 960 3775 coguitionem.
997 3708 1080 3759 Prima
1104 3725 1159 3760 sero
1183 3711 1262 3762 lrcnte
1288 3712 1415 3777 physicam
1440 3729 1521 3765 rernm

181 3799 324 3843 mesum
341 3786 561 3839 considerationem
578 3796 637 3846 pree
656 3796 683 3831 se
700 3781 762 3837 lert.
789 3783 814 3830 in
832 3795 881 3845 qua
898 3781 1022 3844 superiora
1039 3781 1188 3831 interioribus
1206 3784 1243 3831 its
1259 3797 1371 3834 connexa
1394 3794 1465 3847 sunt.
1492 3793 1522 3837 ut

182 3870 298 3915 muru
315 3861 369 3910 sine
396 3857 473 3907 altero
498 3860 565 3905 recte
583 3854 674 3919 percipi
691 3860 774 3916 queat
809 3851 875 3903 llam
902 3866 941 3901 ars
961 3848 1004 3908 ea,
1029 3867 1102 3916 qnam
1126 3855 1281 3918 spagyrioam
1297 3869 1428 3915 cccmus,
1446 3859 1521 3908 totius

182 3940 292 3987 mae
309 3928 541 3997 peneadgatiouem
560 3927 670 3976 continet
692 3934 718 3974 et
737 3925 898 3973 astronomiae
917 3923 1043 3986 cujusdam
1061 3926 1180 3974 terrem
1198 3927 1396 3978 eremitationem
1415 3927 1520 3981 exhibet.

182 4004 213 4057 ld
229 4010 290 4055 snut
306 4009 401 4067 septem
419 3999 535 4064 planetae
552 3998 579 4047 in
597 3996 673 4053 coeio,
692 3995 756 4060 quod
773 4002 830 4044 suut
848 4002 940 4059 septem
958 3994 1060 4045 metuit
1076 3996 1102 4045 in
1120 3994 1204 4054 Terra,
1222 3997 1248 4046 in
1265 3996 1362 4049 homine
1381 3999 1414 4050 ad
1430 3998 1520 4051 utrius·

183 4090 232 4145 μ
249 4076 334 4127 ideam
350 4072 471 4124 labricato
489 4075 583 4133 septem
599 4067 744 4132 principalia
761 4067 877 4116 membra
914 4064 957 4116 Sic
975 4066 1022 4116 duo
1048 4066 1194 4131 principalia
1216 4067 1311 4120 iurulna
1327 4071 1352 4120 ln
1370 4070 1451 4129 cneio,
1478 4069 1521 4121 ees

175 4145 304 4207 nme,
323 4144 417 4195 duobus
434 4140 651 4205 praestantioribus
670 4138 775 4189 metaliis
794 4151 852 4188 auro
870 4142 896 4186 et
914 4143 1025 4202 ugente.
1042 4136 1067 4187 ln
1085 4137 1183 4191 homine
1194 4139 1261 4189 cordi
1279 4148 1305 4191 et
1321 4142 1418 4192 cerebro
1436 4142 1520 4209 aequi

184 4224 312 4287 punem.
346 4214 405 4267 Duo
431 4211 534 4263 benefici
561 4212 685 4276 pinetae,
702 4208 798 4273 Jupiter
824 4214 850 4258 et
867 4207 960 4266 Vsum,
986 4209 1051 4260 iuter
1067 4208 1168 4260 metalla
1184 4217 1299 4262 manum
1317 4222 1342 4263 et
1358 4226 1458 4277 cuprum
1475 4212 1521 4264 uel

183 4292 267 4343 lem
284 4288 433 4346 adamatum,
452 4285 477 4334 in
491 4283 628 4347 corporibus
643 4283 714 4345 Jecur
731 4287 757 4331 et
774 4293 853 4330 reum.
884 4277 1005 4331 Saturnus
1023 4291 1048 4329 et
1059 4278 1127 4330 Mara
1144 4280 1240 4345 plumbo
1258 4289 1284 4334 et
1307 4285 1369 4335 terro
1381 4297 1520 4349 correspon-

184 4362 255 4427 dent,
271 4360 298 4411 in
310 4357 448 4423 corporibus
465 4354 590 4406 hominum
603 4352 649 4402 duo
667 4352 746 4401 minus
763 4350 904 4401 necmsaria
915 4356 941 4399 et
958 4350 1017 4401 rilla
1033 4352 1141 4402 membra
1157 4354 1297 4411 sortiuntur.
1315 4352 1422 4419 splenem
1434 4362 1461 4406 et
1476 4354 1519 4405 iel.

184 4432 324 4487 lucerius
342 4428 455 4481 molestis
471 4434 500 4477 ut
521 4431 559 4475 est
576 4438 621 4474 sna
639 4429 728 4472 natura
745 4422 884 4472 indifferens
902 4428 928 4471 et
948 4421 1037 4472 Proteo
1054 4423 1206 4483 mutabilior,
1225 4426 1260 4474 sic
1282 4427 1358 4476 etiam
1374 4427 1519 4481 memorium

184 4510 327 4559 mtrem
344 4501 396 4553 sire
413 4500 541 4564 argemum
560 4496 640 4545 sirum
656 4495 700 4543 sibi
720 4493 849 4559 anmcgum
867 4493 954 4552 habet,
982 4492 1047 4558 quod
1069 4494 1190 4544 mlrabries
1206 4496 1286 4547 induit
1301 4497 1520 4563 metamorphosut

185 4580 212 4631 ln
228 4588 332 4643 corpore
349 4577 433 4624 sutem
450 4568 630 4619 microcosmicc
648 4565 705 4615 huic
722 4571 790 4616 recte
807 4563 955 4615 assimilatur
971 4565 1052 4629 pulmo
1069 4562 1114 4615 he.

274 4661 432 4731 Epmphlmn
450 4653 581 4720 bebonis,
599 4653 739 4716 inscriptum
757 4659 913 4701 monumento
929 4652 956 4701 ln
973 4651 1086 4716 prr'msric
1103 4653 1192 4719 templo
1210 4653 1328 4720 Prageuai
1346 4657 1435 4716 erecto,
1453 4657 1518 4709 idern

185 4742 286 4807 W
307 4730 460 4799 symbolum:
523 4725 703 4786 „iamdudum
720 4736 822 4779 mmm.
840 4736 906 4773 unce
923 4724 999 4787 primo
1016 4731 1099 4788 specto
1117 4725 1235 4786 demum,

519 4798 663 4865 Despiciam
680 4792 798 4844 Mundum
815 4794 994 4859 suspiciensque
1012 4794 1118 4849 ileum.t

260 4891 427 4961 rste-sss.
455 4880 1516 4959 musmonem-remmiammpm
