3368 5534
329 536 406 593 Unde
428 532 528 610 globos
549 506 654 608 septem
675 542 809 608 septenae
830 554 867 592 ex
889 535 982 592 ordine
1002 545 1116 602 mentes,

383 619 557 689 Octavusque
578 617 684 673 animus
705 620 739 672 de
759 625 841 690 patre
862 618 935 683 Sole,
955 618 1075 673 vehunt:

331 698 632 771 {numerabimusque
653 706 737 753 vacat
756 706 860 752 natura
879 698 990 763 volutis,

380 778 418 834 Et
436 787 557 850 pereunt
575 779 679 845 novies,
700 781 734 832 de
754 795 853 851 grege,
874 779 998 849 quiuque
1013 779 1075 834 Dei.

329 860 408 914 Folle
428 859 524 930 Tycho
545 859 621 915 denis
633 859 785 937 'rationem
808 859 876 914 falle
897 859 1025 915 minutis:

268 960 272 965 ·
384 939 470 1003 Quae,
491 939 545 994 nisi
566 940 616 1005 Tu,
638 940 764 995 numeret
783 957 878 1003 nemos
899 955 935 993 ea
955 947 1055 995 cuncta
1074 948 1163 997 ruent.

331 1020 455 1075 Oanos
475 1019 622 1088 hominum,
644 1038 660 1074 o
682 1027 813 1093 quantum
833 1026 877 1074 est
897 1019 925 1073 in
945 1021 1027 1074 rebus
1049 1020 1147 1076 inane!
1237 1034 1240 1041 ·

383 1094 526 1163 Quondam
545 1118 600 1156 non
621 1099 722 1155 aliosi
743 1099 799 1155 itur
819 1101 855 1154 ud
876 1108 955 1161 astra
975 1100 1029 1156 ria.

279 1267 434 1354 &eudon
456 1268 652 1353 epipranmsa
673 1267 714 1330 de
735 1256 854 1330 studiis
876 1266 1039 1352 Tycham
1061 1266 1195 1330 Brahei.

328 1392 459 1449 mserum
479 1394 574 1465 'I'ycho
595 1392 740 1464 descripsit
760 1392 885 1465 Solisque
905 1398 1028 1459 meatus3

380 1474 480 1531 Lunae
499 1474 661 1531 mrrieulm
678 1473 784 1543 junxit,
805 1481 836 1528 et
854 1473 990 1530 ooonhuit.
1103 1534 1107 1541 ,

280 1562 283 1567 ’
329 1553 472 1609 Luciferos
490 1553 637 1609 Phaethon
657 1554 734 1609 dolet
754 1552 909 1609 ascendisse
930 1552 1096 1625 quadrigam

383 1635 430 1691 Nil
449 1635 544 1690 nocuit
563 1636 661 1689 sollers
680 1634 753 1689 haec
772 1634 823 1688 tibi
844 1650 912 1688 cura
931 1634 1042 1706 Tycha:

330 1718 480 1770 Aeternum
500 1715 654 1786 Endymion
674 1715 768 1770 Trivia
787 1714 950 1771 obdormivit
970 1720 1083 1775 ameta;

381 1799 533 1855 Aeternum
553 1795 662 1852 Triviae
683 1802 711 1850 te
732 1812 840 1868 quoque
861 1794 936 1868 sopit
955 1798 1047 1851 Amor.

584 2056 962 2178 Lectori!

722 2224 755 2291 S.

154 2333 295 2398 Pluribus
317 2340 349 2396 te
371 2331 484 2414 alloqui
516 2331 708 2396 decreveram
733 2334 890 2409 (Lector),
922 2334 979 2396 nisi
1003 2341 1035 2396 et
1056 2332 1286 2415 occupationum
1307 2332 1415 2415 politi-

62 2445 166 2487 carum
191 2424 297 2499 moles,
310 2422 429 2504 'quibus
448 2423 530 2486 hisce
554 2421 661 2485 diebus
682 2422 749 2503 plus
773 2422 862 2485 solito
886 2422 1031 2486 distineor
1051 2431 1083 2485 et
1096 2441 1314 2505 praeproperus
1328 2422 1414 2503 Kep-

63 2516 119 2577 leri
145 2513 252 2590 nocui,
276 2513 334 2575 hoo
356 2512 424 2593 ipso
447 2520 598 2575 momento
618 2513 847 2577 Francofurtnm
867 2511 947 2590 ituri,
972 2513 1125 2575 discessus
1143 2513 1195 2574 vix
1217 2513 1295 2574 hano
1318 2531 1415 2592 quau-

63 2606 278 2684 tulamcunque
301 2600 374 2667 mihi
397 2600 548 2683 scribendi
571 2601 744 2682 reliquisset
772 2602 971 2665 occasionem.
1016 2603 1124 2684 Itaque
1148 2601 1243 2664 tribus
1267 2602 1416 2663 duntaxat

63 2693 165 2755 uerbis
189 2700 222 2754 te
245 2691 425 2754 monendum
448 2690 562 2760 censui,
586 2709 624 2752 ne
647 2697 678 2752 te
701 2699 824 2754 moveat
845 2691 970 2772 Kepleri
992 2691 1023 2752 in
1047 2690 1204 2771 aliquibus,
1228 2689 1416 2771 potissimum

63 2801 136 2845 sero
151 2781 289 2865 physicis
313 2778 621 2860 argumentationibus
637 2800 656 2841 a
670 2781 790 2842 Braheo
814 2779 1022 2843 dissentientis
1037 2780 1172 2856 libertas,
1198 2779 1415 2841 Tabularum

64 2871 365 2952 Rudolphearum
389 2867 482 2950 Operi
506 2868 701 2952 nequicquam
724 2870 958 2946 incommodans,
983 2877 1014 2931 et
1032 2869 1170 2933 omuibus
1192 2868 1262 2930 inde
1284 2868 1323 2930 ab
1343 2868 1415 2930 orbe

64 2961 184 3023 condito
207 2957 400 3040 Philosophia
428 2958 596 3021 familiaris.
648 2955 789 3022 Ceterum
813 2978 850 3020 ex
874 2958 972 3041 Opere
996 2959 1062 3039 ipso
1085 2958 1240 3040 rescisces,
1265 2959 1363 3037 ipsum
1386 2958 1415 3018 in

65 3050 154 3112 fundo
176 3048 306 3126 Brahei,
330 3048 362 3110 id
384 3054 433 3110 est
455 3066 546 3129 super
572 3047 667 3128 ipsius
698 3048 889 3110 restitutione
919 3048 1044 3110 fixarum
1068 3054 1101 3110 et
1124 3047 1206 3111 Solis
1229 3046 1414 3121 aedificasse,

65 3138 284 3220 materiamque
308 3156 425 3200 omnem
441 3135 686 3210 (observationes
708 3136 861 3211 nimirum)
875 3136 988 3200 Brahei
1002 3155 1095 3218 opera
1113 3137 1207 3199 fuisse
1230 3144 1415 3214 congestam.

66 3227 190 3292 Interim
214 3226 272 3289 hoc
294 3224 406 3306 insigni
427 3224 552 3306 Repleri
575 3222 676 3307 Opere
707 3227 784 3288 inter
807 3226 862 3288 hos
894 3226 1088 3288 rebellionum
1111 3235 1144 3288 et
1165 3226 1312 3289 bellorum
1340 3227 1415 3287 sub-

67 3318 133 3379 inde
156 3315 404 3397 repullulantium
425 3315 588 3390 tumultus,
620 3315 688 3376 dum
712 3334 760 3376 res
783 3312 920 3379 literaria
940 3314 1029 3395 Reip.
1054 3316 1248 3396 conpatitur,
1271 3322 1415 3394 tanquam

67 3407 247 3469 Tabularum
271 3413 304 3473 et
326 3402 489 3484 postillas
513 3402 766 3467 Observationum
797 3405 914 3469 tardius
937 3405 992 3466 hoc
1024 3404 1142 3466 nomine
1166 3403 1195 3465 in
1224 3404 1320 3465 lucem
1343 3422 1415 3482 pro-

69 3495 219 3558 deuntium
233 3493 401 3557 Prodremo
424 3493 543 3568 fruere;
567 3502 598 3554 et
617 3492 779 3555 alacriores
802 3492 1003 3576 inposterum
1027 3494 1125 3575 operis
1148 3499 1306 3571 tantopere
1331 3493 1416 3554 desi-

70 3585 164 3647 derati
186 3602 380 3666 progressus,
405 3590 437 3644 ot
457 3592 597 3666 tempora
620 3582 773 3645 loelieiora
796 3602 816 3644 a
837 3583 902 3646 Deo
918 3581 1041 3664 Optimo
1059 3583 1144 3644 Max.
1167 3581 1321 3644 nobiscnm
1344 3600 1415 3662 pre-

70 3691 144 3736 mre.

544 3760 739 3825 lummene
762 3760 909 3826 damnes
933 3756 1115 3842 Teopnapcl
1134 3759 1171 3822 in
1194 3757 1325 3840 Oompp.

669 3847 726 3912 S⁸0
754 3848 812 3915 0⁸⁰
839 3851 906 3913 Mus
935 3846 1142 3912 consiliarius.
1160 3844 1201 3922 ¹⁸)
