3368 5534
583 318 612 370 ln
630 300 813 372 comam
828 319 862 373 ds
878 318 985 372 usotlbua
1001 316 1090 371 lIartls

325 493 400 561 mc
418 492 453 561 ÷
471 494 504 557 ι)
522 513 549 537 =
567 491 616 546 87⁰
636 494 678 546 so‘
698 494 766 558 lt‘⁴;
929 492 959 562 ¹1,
971 491 1089 559 (o-n)
1107 514 1135 538 =
1153 489 1202 546 rs·
1222 489 1263 546 w
1282 492 1337 545 tw

355 569 401 619 sn
414 567 505 619 -sc
524 585 552 609 =
568 564 702 626 osnes,
1155 565 1197 617 aa.
1224 563 1263 615 sa.
1285 563 1320 615 sa

356 641 402 691 sn
413 635 449 704 †
460 639 506 690 nc
524 657 550 680 =
568 637 701 698 eseam
936 635 1322 723 -Ᾰ-ῑοῑς-τ-

936 794 1327 884 Μ

162 934 228 986 Hinc
246 939 383 998 utsupra:
400 933 447 982 siu.
465 930 510 982 lat
529 932 597 982 vlaas
615 950 643 973 =
659 882 1133 1028 Ἥς
1150 933 1194 984 lat
1212 924 1351 984 vlaa=⁸‘
1367 927 1409 980 10*
1423 928 1504 980 stl‘e

253 1044 315 1109 107)
334 1064 358 1112 p.
377 1045 429 1096 430
473 1045 550 1095 Redit
566 1045 689 1111 Keplorus
712 1048 744 1097 ad
767 1047 833 1098 hauc
856 1048 1049 1114 speculationem
1070 1050 1097 1100 lu
1115 1049 1180 1114 apis
1199 1050 1266 1100 Aac.
1286 1046 1348 1112 cop
1367 1044 1432 1097 'hc
1448 1043 1502 1100 Vll.

163 1136 216 1172 rens
234 1119 332 1186 quidem
350 1120 501 1183 aliquantum
520 1121 660 1169 accuratim
677 1120 818 1183 inspitiens,
836 1134 916 1185 noque
928 1121 1071 1186 complana
1083 1135 1184 1185 scopum
1202 1122 1338 1186 attium
1357 1117 1404 1168 ilio
1415 1130 1504 1181 quaqss

162 1200 280 1256 temporo,
299 1205 345 1255 quo
363 1190 449 1240 librum
466 1188 532 1239 huno
556 1193 700 1255 conscripsit
718 1188 794 1252 (suno
814 1186 902 1253 1621),
921 1193 1114 1244 accuratioribus
1136 1191 1348 1243 onomatouitu
1366 1188 1504 1243 Mnus.

87 1260 91 1265 ’
162 1285 303 1339 quanquam
322 1280 375 1321 tum
387 1271 507 1321 theoriam
524 1283 595 1320 susm
607 1272 639 1322 ad
651 1278 746 1322 cetam
764 1271 933 1336 applicaverat
949 1274 1072 1336 planetas.
1096 1272 1169 1323 Haec
1184 1272 1218 1322 lbl
1232 1270 1317 1321 sads:
1338 1262 1502 1332 ,cupam

163 1348 252 1402 lector
265 1361 308 1410 ea,
323 1361 393 1416 quae
407 1345 436 1398 in
451 1344 598 1398 Comment.
609 1345 707 1399 Martis
719 1345 786 1415 Cap.
801 1344 925 1401 LXVIII.
940 1348 973 1400 de
986 1347 1041 1401 situ
1055 1344 1337 1415 cnoeuorunhorun
1350 1342 1501 1414 disputari:

163 1443 297 1499 quamque
317 1422 439 1480 inveniet
467 1423 660 1490 differentiam,
690 1425 731 1479 rei
755 1425 841 1495 ipsius
871 1424 1026 1481 difficultati
1055 1433 1085 1481 at
1113 1425 1246 1496 peuense
1276 1422 1498 1481 observatiam

163 1516 380 1578 opportunarum
400 1502 535 1559 tribuat.“

251 1593 281 1644 lu
299 1592 377 1643 literis
396 1593 428 1642 ad
446 1591 628 1641 l'abriclum
645 1592 705 1643 itam
723 1591 754 1642 de
771 1592 810 1643 his
829 1595 882 1660 agls
899 1593 964 1643 huuc
982 1595 1007 1642 ln
1025 1592 1142 1644 modum:
1160 1585 1252 1639 lotus
1265 1583 1340 1638 Solia
1354 1582 1395 1637 ab
1407 1579 1503 1636 Arietis

163 1666 296 1738 principio
326 1665 496 1736 inaequalis,
527 1664 670 1719 stellarum
701 1668 737 1720 ab
766 1667 869 1721 Arietis
898 1666 1032 1737 principio
1061 1666 1234 1738 inaequalis,
1264 1663 1339 1719 Solis
1375 1678 1395 1717 a
1421 1661 1503 1715 stellis

165 1747 300 1818 aequalis.
328 1747 405 1817 Ergo
419 1743 522 1799 Arietis
536 1743 697 1816 principium
711 1746 895 1817 inaequaliter
908 1747 1009 1801 mobile
1024 1753 1075 1811 est,
1090 1762 1177 1801 causa
1196 1744 1341 1816 utriusque
1355 1739 1503 1814 inaequali·

163 1827 230 1882 tatis
250 1826 429 1897 praemissae.
457 1825 544 1880 Fixae
559 1824 646 1896 igitur
659 1826 810 1896 quiescunt,
832 1827 926 1897 capita
938 1827 1041 1882 Arietis
1056 1833 1086 1880 et
1098 1826 1200 1882 Librae
1215 1827 1251 1880 ad
1264 1822 1503 1895 motumpolorusa

164 1911 381 1977 transponuntur
401 1905 452 1959 suh
471 1906 541 1960 fixis.
584 1905 699 1960 Omnino
720 1907 759 1961 sic
780 1908 969 1980 cogitandum,
990 1915 1080 1962 motus
1101 1906 1218 1961 omnium
1237 1907 1420 1977 planetarum
1440 1901 1504 1956 tradi

163 2004 246 2059 posse
267 1986 325 2040 sine
346 1993 505 2057 aequature.
545 1987 584 2041 Et
604 2005 658 2059 ego
679 1985 705 2039 id
727 1988 917 2052 observarem,
938 1987 962 2042 si
983 1988 1048 2042 mihi
1069 1986 1169 2058 aliquIs
1194 1994 1270 2040 asset
1289 1984 1319 2040 in
1340 1982 1505 2039 nunonis

164 2068 356 2123 instituendus.
383 2066 524 2136 Perceptis
546 2067 609 2129 illis,
627 2065 687 2135 jam
708 2068 832 2139 denique·
844 2069 941 2123 ultimo
961 2068 1078 2122 omnium
1099 2068 1236 2122 traderem
1256 2065 1415 2120 doctrinam
1434 2061 1505 2134 prid

164 2148 279 2212 mobilis,
310 2147 469 2211 osteudens,
500 2147 632 2217 quomodo
652 2147 710 2216 poli
736 2149 838 2202 Terrae
867 2149 983 2220 axisque
1013 2148 1178 2221 inclinentur
1198 2148 1234 2201 ad
1254 2146 1336 2216 polos
1356 2143 1506 2216 euleticas

164 2229 253 2298 Super
274 2244 328 2297 qua
345 2244 376 2281 rc
396 2227 499 2297 inspice
520 2228 633 2281 schema
651 2227 703 2280 hoc
724 2222 771 2296 (N.
795 2223 865 2296 131)
886 2246 924 2283 ex
943 2229 1009 2282 meis
1030 2229 1059 2282 in
1079 2226 1196 2283 hlartem
1217 2225 1446 2287 Commentariis,
1466 2220 1506 2277 ubi

164 2309 247 2381 plura
267 2307 379 2371 videbis,
402 2323 483 2377 quam
502 2307 548 2361 hic
567 2307 736 2379 quaesivisti.
779 2313 806 2360 Δ
826 2309 906 2377 polus
927 2309 1072 2379 ecliptioae
1092 2309 1206 2371 mediae,
1228 2321 1278 2361 scu
1303 2325 1351 2375 της
1379 2305 1506 2372 denatat

167 2387 288 2459 corporis
315 2387 429 2442 Solaria.
471 2387 530 2441 lloo
560 2394 690 2457 punctum
719 2394 763 2441 est
793 2390 881 2442 solum
910 2388 1055 2447 immobile.
1096 2389 1128 2443 ln
1153 2387 1254 2442 circulo
1278 2384 1304 2441 E
1329 2394 1361 2440 et
1385 2382 1506 2456 oppositu

166 2469 294 2540 partibus
315 2466 449 2538 oppositis
475 2467 643 2523 circumeunt
661 2468 718 2538 poli
740 2469 906 2539 aequaturis,
928 2468 1062 2524 facientes
1083 2469 1211 2533 corollas,
1232 2482 1349 2538 quarum
1370 2464 1505 2539 quaelibet

68 2591 72 2597 .
169 2555 274 2620 aequat
302 2547 508 2618 amplitudinem
538 2549 612 2602 orbis
641 2546 741 2611 auqu,
772 2565 861 2619 neque
891 2555 984 2605 tamen
1010 2550 1039 2603 in
1067 2548 1270 2620 comparatione
1298 2545 1506 2617 sid-mptum

168 2630 287 2685 irarum
316 2636 438 2699 aequant
466 2627 546 2682 unius
576 2627 673 2682 minuti
702 2627 884 2684 latitudInena
928 2631 978 2684 ΔΕ
1004 2636 1048 2684 est
1073 2620 1127 2684 23ο
1146 2623 1195 2685 12’
1219 2629 1249 2682 in
1275 2625 1442 2683 Prutcuicis.
1479 2623 1507 2677 la

168 2708 279 2765 ciscello
299 2710 313 2764 1
332 2707 455 2764 circumit
467 2709 548 2779 polus
563 2708 669 2764 orbitae
684 2708 811 2773 Telluris,
832 2726 883 2764 seu
897 2709 1042 2780 eclipticas
1063 2724 1155 2774 verae,
1178 2710 1248 2763 unde
1262 2709 1303 2772 dt,
1324 2714 1358 2765 ut
1371 2712 1507 2762 maiestas

169 2790 313 2844 stellarum
334 2788 495 2843 latitudines
516 2796 546 2843 et
566 2789 713 2844 declinatio
734 2789 879 2859 eclipticae
900 2793 937 2845 ab
958 2797 1117 2863 aequatura.
1157 2790 1190 2844 ln
1209 2788 1369 2845 drosllofl
1389 2784 1508 2843 dsunt

168 2871 248 2941 polus
269 2869 375 2923 orbitae
396 2869 495 2925 hiantis
515 2870 567 2925 sub
587 2870 657 2924 tisis.

256 2950 386 3004 fixarum
405 2957 507 3004 motum
533 2951 635 3004 salvari
656 2967 706 3019 per
729 2958 831 3003 motum
858 2949 983 3019 polorum
1012 2949 1183 3019 aequaturis,
1214 2949 1363 3002 absurdum
1384 2964 1439 3002 uua
1458 2956 1505 3007 est

169 3048 219 3085 aec
239 3031 307 3085 nihil
327 3037 421 3084 manet
440 3030 542 3084 stabile
556 3031 584 3083 in
597 3037 657 3084 toto
677 3030 814 3094 universe,
837 3046 897 3084 cum
910 3029 1058 3084 maximum
1078 3030 1195 3084 omnium
1215 3042 1368 3099 corporum,
1390 3028 1508 3098 sphaera

169 3110 533 3180 windocinensis
554 3110 685 3181 quiescat.
712 3111 755 3165 De
776 3109 872 3181 aliqua
892 3126 957 3163 vero
978 3110 1101 3179 sphaera
1119 3110 1228 3173 almon,
1249 3110 1277 3163 in
1298 3124 1354 3179 qua
1375 3118 1509 3178 aequam

171 3200 200 3246 et
213 3190 277 3261 poli,
299 3190 368 3244 nihil
388 3198 498 3245 constat
517 3191 612 3245 ooulh.
641 3193 679 3245 Et
701 3191 754 3245 hac
774 3192 859 3245 etiam
882 3193 957 3254 data,
979 3190 1051 3260 quid,
1072 3206 1183 3261 quaeso,
1206 3191 1234 3243 in
1253 3205 1289 3242 ea
1308 3188 1359 3242 tibi
1374 3187 1508 3242 etPtole-

171 3287 248 3324 maeo
269 3271 391 3341 quiescit,
412 3271 465 3324 nisi
486 3265 503 3325 2
524 3279 635 3341 puncta,
658 3272 684 3325 h.
705 3289 728 3327 e.
750 3271 841 3325 nihils
861 3270 979 3326 Falleris
1000 3278 1102 3334 autem,
1122 3271 1186 3324 dum
1203 3269 1355 3332 existimas,
1377 3268 1462 3322 aliam
1481 3276 1509 3318 et

171 3352 253 3406 aliani
274 3350 332 3405 iore
352 3350 409 3420 poli
423 3352 605 3406 elevationem
624 3355 719 3406 eodem
739 3353 800 3405 loco
815 3353 929 3416 Terrae,
951 3350 975 3404 si
988 3350 1045 3420 poli
1063 3349 1221 3422 aequatoris
1242 3358 1414 3404 moveantur.
1441 3348 1507 3402 Nasu

171 3431 240 3487 sinii
260 3431 334 3484 aliud
355 3437 420 3485 suut
438 3431 495 3501 poli
517 3433 682 3503 aequaturis,
705 3447 785 3502 quam
805 3433 864 3502 poli
878 3433 987 3493 Terrae,
1009 3447 1070 3485 cum
1090 3436 1227 3502 aequatos
1245 3429 1282 3483 ait
1301 3428 1438 3483 mariusus
1459 3427 1507 3480 cir·

169 3513 247 3566 culus
266 3510 392 3566 Telluris.
434 3511 485 3574 Qui
505 3529 570 3566 vero
591 3513 703 3566 urbibus
733 3512 842 3566 sanare
863 3512 932 3566 velit
951 3510 1008 3580 poli
1033 3511 1217 3576 elevationes,
1246 3509 1273 3563 ei
1292 3525 1408 3562 necasse
1427 3516 1507 3566 esset.

169 3593 281 3647 Terram
302 3591 330 3644 in
351 3591 413 3644 aliis
435 3600 465 3645 et
484 3593 545 3647 aliis
567 3593 608 3647 sui
629 3593 737 3664 punctis
759 3593 837 3664 quasi
860 3593 888 3646 in
909 3601 988 3645 torno
1008 3593 1183 3662 suspendere.
1215 3590 1253 3644 Et
1272 3588 1342 3643 haec
1364 3596 1427 3642 erat
1447 3586 1508 3640 olim

168 3689 230 3727 mea
252 3687 326 3725 vana
346 3672 511 3741 speculatio,
532 3672 595 3727 olIm
616 3675 753 3728 Tellurem
774 3674 848 3727 circa
869 3671 937 3726 illud
958 3682 1087 3741 punctum
1108 3671 1296 3729 convolutam·⁸
1324 3669 1352 3723 iu
1373 3684 1427 3740 quo
1448 3685 1507 3720 esse

168 3752 330 3823 perhibetur
360 3752 438 3821 polus
468 3754 638 3823 magnetieus
669 3755 758 3808 hodie.
801 3755 933 3808 Manente
962 3752 1049 3822 igitur
1074 3754 1168 3806 eodem
1192 3757 1314 3821 puncto,
1344 3750 1420 3803 circa
1437 3748 1507 3819 quod

169 3834 263 3886 Tellus
285 3833 460 3896 convertitur,
483 3840 576 3886 manet
595 3836 690 3888 eadem
710 3833 833 3888 omnibus
855 3833 922 3887 locis
942 3833 1001 3902 poli
1021 3832 1150 3888 elevatio.

258 3913 366 3966 Falsam
386 3929 448 3965 esse
468 3913 590 3967 hodierni
621 3914 685 3967 anui
715 3915 898 3984 quantitatem
919 3930 956 3966 ex
977 3912 1140 3983 Cupernico,
1170 3911 1266 3984 legero
1290 3920 1372 3982 putes
1395 3911 1423 3965 in
1443 3911 1507 3964 Pro-

169 3993 368 4065 gymnaamatis
390 3993 545 4062 Tychonis;
575 4001 607 4046 at
625 4011 679 4046 non
700 3994 761 4047 ideo
787 3995 877 4047 falsae
903 4000 968 4048 sunt
995 4009 1087 4057 omnes
1117 3993 1303 4064 hypotheseos
1332 4000 1438 4062 partes.
1480 3990 1508 4044 la

170 4073 311 4145 praesenti
331 4073 470 4127 schemate
490 4092 543 4128 non
565 4082 609 4126 est
628 4089 763 4141 expressa
784 4073 926 4141 Cepernici
947 4081 1009 4127 tota
1029 4072 1205 4145 hypothesis,
1227 4075 1306 4127 deest
1324 4071 1386 4141 ejus
1406 4072 1510 4126 intorta

170 4154 283 4218 corolla,
304 4168 384 4223 quam
404 4170 458 4224 ego
479 4172 515 4207 ex
536 4162 616 4222 parte
638 4152 769 4207 transtuli
788 4154 817 4207 iu
836 4154 997 4206 societatem
1018 4154 1188 4207 circellorum
1207 4154 1231 4208 l:
1252 4160 1281 4207 et
1301 4153 1339 4213 F:
1359 4169 1428 4223 pars
1448 4154 1507 4221 ejus

172 4235 264 4288 altera
283 4233 327 4287 hic
347 4233 432 4289 deest.
474 4235 577 4287 Contra
605 4233 726 4287 corollae
755 4233 800 4288 hio
830 4250 980 4301 expressae
1011 4236 1111 4287 desunt
1128 4234 1158 4287 in
1178 4233 1345 4304 Copernioo,
1375 4237 1424 4288 sed
1445 4234 1507 4287 sub

171 4314 365 4385 intelliguntur
384 4316 435 4368 sub
456 4313 564 4368 satione
584 4313 678 4383 puacti
699 4330 748 4368 seu
775 4313 868 4367 circuli
888 4314 912 4366 E
935 4314 1011 4375 nudi,
1036 4320 1152 4383 propter
1176 4313 1359 4385 exiguitatem
1381 4315 1433 4368 sui
1473 4314 1508 4367 Et

172 4412 226 4465 ego
246 4411 296 4465 per
315 4395 366 4447 hoc
386 4395 496 4448 schema
522 4392 643 4463 aliquam
670 4395 776 4466 quidem
807 4393 1033 4462 inaequalitatem
1055 4393 1120 4447 anni
1147 4393 1244 4462 tropici
1270 4394 1428 4448 deusoustro
1449 4392 1508 4458 (seu

172 4475 263 4545 potius
283 4475 479 4545 praecessionis
501 4473 752 4543 aequinoctiorum),
775 4491 828 4526 non
848 4490 912 4526 vero
934 4481 1040 4527 tantm
1061 4475 1106 4527 vel
1126 4475 1218 4536 talem,
1240 4482 1347 4543 quanta
1366 4475 1508 4545 qualisque

173 4563 292 4627 apparet
312 4573 347 4608 ex
369 4554 572 4624 comparatione
593 4555 678 4608 ”culi
698 4553 857 4609 Ptolemaici
880 4569 939 4607 cum
960 4554 1068 4608 ceteris.

260 4637 303 4688 De
324 4635 507 4689 abstrahendo
528 4639 602 4687 motu
623 4634 830 4703 praecessionis,
851 4642 1023 4705 competente
1044 4643 1168 4702 tempore
1189 4627 1299 4687 interi
1321 4637 1507 4706 marchias.

172 4715 265 4785 judica
278 4732 315 4770 ex
328 4714 368 4776 iis,
391 4731 461 4785 quae
482 4715 649 4784 supradixi.
678 4714 791 4768 Omnino
812 4714 1014 4769 abstrahendus
1035 4722 1079 4767 ast
1093 4713 1129 4765 ab
1149 4713 1269 4785 suguilis,
1287 4714 1314 4767 ai
1328 4717 1508 4770 subtilitatem

174 4811 279 4849 amnem
298 4794 412 4848 rabanus
431 4793 593 4848 consectari.
634 4795 704 4864 Ego,
726 4813 760 4848 ue
781 4800 868 4848 totam
889 4794 1108 4865 praecessionem
1128 4808 1214 4862 cogar
1233 4792 1317 4847 toties
1336 4796 1507 4856 ahamahsss.

175 4875 251 4930 soleo
271 4873 475 4930 observationes
495 4875 660 4944 posteriores
680 4875 714 4927 ad
735 4875 849 4944 primam
869 4874 1013 4940 seducere,
1040 4880 1147 4929 tantm
1173 4872 1341 4929 musaeus
1360 4874 1399 4931 ab
1417 4888 1508 4931 aum

1011 4962 1021 4991 I
