3374 5528
415 270 1049 373 mommorenciacensem.
1362 315 1425 386 129

68 492 232 557 libratione
254 492 314 559 sln'o
329 484 458 574 efficere,
484 494 661 561 abbreviare
685 496 848 567 distantias
863 504 895 560 et
913 505 1029 578 partem
1054 496 1248 578 aequationis
1266 495 1425 580 physicam
1456 524 1461 534 ·

68 582 208 647 salvare:
232 593 266 647 et
288 588 349 660 (me
373 587 500 663 Atlasl)
523 587 613 649 valde
636 585 726 650 miror
741 587 989 662 convenientiam,
1013 587 1073 649 etsi
1097 606 1155 649 non
1178 592 1263 668 puto,
1287 586 1428 667 aequalia

66 671 191 752 penims
218 674 335 753 futura,
370 694 446 758 quae
470 695 507 738 ex
530 683 583 738 tua
606 677 765 760 hypothesi
795 684 906 738 exeunt
929 685 962 738 et
980 694 1060 757 ‚quae
1084 694 1122 738 ex
1144 695 1221 739 mea.
1255 673 1331 739 Οιιι
1353 692 1425 738 vero

66 761 133 824 sios
157 761 273 826 calculo
298 764 338 827 ali
360 765 409 827 uid
433 765 562 828 tribuam
587 765 748 846 hypothesi
771 773 856 840 tuae,
887 765 995 829 dicam.
1043 762 1176 828 Constet
1197 764 1272 829 mihi
1292 783 1334 826 ex
1356 783 1427 827 mea
1490 778 1495 795 ’

66 850 247 932 hypothesi,
272 851 326 917 ΟΒ
339 784 537 917 latitudinem
567 855 686 916 lunulae
709 855 872 918 maximam
895 854 940 916 sic
972 872 1040 916 csse
1063 855 1102 916 ad
1124 884 1137 897 ‚.
1216 912 1218 917 ,
1422 868 1430 885 ⁴

67 941 136 1014 BA,
151 948 187 1002 ut
199 942 258 1004 BA
277 944 379 1011 estad
393 943 451 1007 BD
461 943 555 1018 (ΒΕ).
580 943 773 1023 Rectangula
792 947 941 1018 (samguis)
958 943 1102 1024 igiturex
1198 927 1252 992 ΗΒ·
1272 921 1332 983 “·’
1427 998 1430 1005 .

69 1029 137 1107 AB,
160 1027 216 1095 ΒΟ
239 1038 271 1094 et
294 1051 331 1094 ex
352 1033 418 1095 DB‘
433 1032 528 1107 (BE),
546 1033 603 1095 BA
622 1041 694 1096 sunt
716 1033 841 1108 similia,
860 1030 989 1113 angulus¹
1010 1031 1101 1111 igitur
1150 1034 1169 1073 ⁰
1198 1036 1264 1115 χΙ
1425 1072 1429 1079 ,

67 1114 154 1181 ΒΔΟ
178 1126 293 1195 tantus,
317 1129 446 1202 quantos
468 1122 564 1185 ΒΕΔ.
610 1123 656 1186 At
676 1123 762 1185 ΒΕΑ
784 1129 834 1184 est
856 1141 944 1203 qnam
967 1121 1104 1204 proxime
1226 1110 1244 1129 Χ

67 1227 141 1289 pars
163 1210 353 1290 aequationis
383 1204 530 1292 physica,¹
561 1229 632 1291 ergo
661 1218 694 1273 et
715 1209 810 1275 ΒΑΟ.
857 1212 965 1274 Utrum
997 1218 1098 1272 autem
1181 1231 1184 1256 ι
1487 1269 1491 1279 ,

65 1295 156 1378 plane
172 1296 352 1376 coincidunt,
372 1300 460 1363 facile
479 1307 529 1363 est
551 1300 721 1363 aestimare.
759 1300 891 1363 Primum
906 1301 931 1362 si
950 1310 983 1362 tn
1002 1299 1097 1362 utaris

67 1385 290 1465 angulis-BPO,
304 1387 399 1465 Bac,
423 1398 494 1452 tnnc
512 1388 587 1452 baec
609 1392 681 1471 pars
704 1390 901 1471 amantionis,
927 1403 1017 1470 quam
1040 1406 1143 1496 ego·¹⁵

66 1473 199 1554 opticam
222 1477 350 1559 appello,
375 1479 567 1543 exactissime
597 1476 738 1542 eosvenit
760 1499 826 1541 cum
850 1499 935 1554 mea,
960 1478 985 1540 si
1009 1478 1096 1540 medo
1322 1492 1377 1518 Π

67 1563 187 1626 libratio
209 1565 264 1631 ΒΟ
288 1565 464 1631 restituatur
487 1587 554 1631 oum
581 1569 732 1632 anomalia
754 1567 826 1642 DE,
852 1588 909 1630 non
934 1587 1001 1630 oum
1025 1565 1093 1628 GH.

65 1652 144 1714 Nam
166 1652 218 1716 via
239 1654 308 1736 lpsa
330 1656 459 1736 genuina
481 1665 506 1727 d
528 1677 584 1739 per
604 1658 643 1733 D,
658 1660 692 1733 F,
712 1659 742 1718 H
765 1658 853 1737 signa
875 1657 964 1737 plane
988 1656 1094 1732 ovelis,
1130 1691 1148 1736 p
1195 1669 1199 1677 ²

66 1741 209 1823 elliptica,
233 1743 345 1820 evadit,
368 1764 426 1807 non
442 1747 538 1809 minus
553 1765 641 1827 qnam
660 1747 686 1809 si
707 1753 807 1809 uterer
825 1746 948 1809 circello
966 1744 1094 1825 duplicis
1125 1762 1129 1769 ’

65 1830 282 1917 restitutionis,
306 1840 340 1896 ιιι
362 1835 469 1916 scripsi
500 1834 591 1918 priori
619 1855 706 1897 anno.
752 1835 842 1898 Nosti
875 1835 954 1898 enim
986 1835 1092 1915 aequi-

64 1920 241 2002 pollentiam
275 1923 495 2007 hypothesium.
541 1926 649 2005 Itaque
676 1925 728 1987 via
751 1933 777 1996 ὀ
799 1925 896 1986 oralia
925 1930 973 1985 est
1000 1924 1101 2003 potina

66 2010 295 2093 phaenomenon
309 2013 379 2086 (scd
395 2014 701 2076 demonstrationibus
725 2014 928 2087 enucleatum)
943 2032 1033 2094 quam
1047 2013 1235 2098 hypothesis.
1270 2015 1321 2080 Ad
1336 2019 1422 2083 illam

64 2100 244 2163 salvandam
267 2109 301 2164 tu
329 2102 378 2164 hic
409 2103 501 2165 affers
531 2102 720 2166 librationem
753 2103 930 2177 eccentrici,
964 2120 1020 2181 ego
1050 2118 1160 2168 causas
1191 2105 1355 2187 physicas,
1390 2116 1423 2172 et

65 2188 156 2252 aliter
176 2189 343 2273 circellum.
385 2191 537 2275 Laborem
569 2200 693 2272 uterque
726 2192 852 2282 eundem
885 2192 917 2253 in
941 2197 1143 2270 computando
1175 2194 1267 2261 sobit.
1313 2197 1423 2259 Ptole..

63 2278 169 2341 mainis
207 2297 279 2343 vero
311 2279 467 2360 discipulis
500 2284 534 2343 tn
570 2281 679 2343 minois
720 2281 852 2344 laborem
889 2279 1074 2361 percipiendi
1111 2292 1143 2345 te
1175 2301 1231 2363 per
1268 2285 1422 2350 circellum

65 2371 181 2439 (ιιοιιιιι
196 2376 229 2431 et
243 2388 300 2450 ego
312 2390 370 2453 per
384 2370 562 2442 circellum).
589 2370 635 2433 At
657 2370 704 2443 iis,
721 2370 770 2451 qui
790 2369 830 2430 ad
844 2369 988 2452 physicas
1002 2386 1112 2435 causas
1129 2391 1226 2434 rernm
1247 2374 1422 2441 coelestium

64 2460 140 2521 snnt'
158 2457 293 2533 intenti,
325 2477 383 2539 ego
411 2459 587 2534 satisfacio,
620 2478 729 2522 causas
752 2474 805 2521 sen
834 2454 1008 2521 librationis
1037 2466 1108 2522 tuae
1137 2480 1193 2523 seu
1222 2461 1335 2525 ciroelli
1363 2464 1429 2526 niel

64 2545 239 2610 osoendens.
263 2553 399 2617 isthemo
416 2557 442 2606 ln
457 2556 627 2620 manuscripto
647 2556 725 2607 deest.
759 2555 844 2608 Secuti
861 2554 965 2621 Kepleri
982 2559 1059 2609 verbs
1076 2564 1104 2609 et
1115 2558 1223 2610 Fabricii
1243 2558 1425 2611 damnationes

63 2650 108 2687 aee
124 2634 203 2694 nno.
223 2644 344 2702 quantum
361 2639 493 2702 potuimus,
512 2634 686 2699 rutltnlmua.)
1133 2663 1135 2667 ·
1370 2668 1373 2673 -
1394 2684 1396 2689 .

153 2723 301 2807 Superest
326 2725 420 2808 igitur
449 2745 520 2807 pars
553 2725 741 2807 aequationis
771 2725 899 2808 physica
928 2747 947 2788 a
974 2746 1030 2788 me
1052 2727 1150 2803 diota,
1183 2747 1273 2808 quam
1303 2735 1338 2790 tn
1369 2746 1424 2808 pcr

64 2812 206 2898 angulum
237 2813 322 2889 ΒΑΟ
354 2816 484 2886 metiris,
517 2832 574 2895 ego
606 2834 661 2895 per
683 2833 785 2877 aream
809 2814 960 2894 trianguli,
992 2835 1107 2878 rursum
1138 2816 1281 2899 physicas
1313 2835 1423 2880 sauses
1495 2819 1501 2833 “

62 2906 219 2968 affectam.
266 2899 442 2980 Videamus,
467 2922 505 2966 an
529 2904 620 2966 etiam
643 2905 693 2966 hic
716 2903 927 2973 coincidamus.
975 2904 1048 2967 Mea
1070 2905 1162 2986 igitur
1184 2907 1324 2987 aequatio
1347 2923 1422 2984 pro-

61 2992 252 3076 portionetur
278 2992 393 3056 sinibus
420 2993 588 3056 anomaliae
616 2993 747 3056 eccentri
776 3001 881 3073 estque
911 2993 992 3056 infra
1022 3003 1052 3055 et
1079 3013 1172 3074 snpra
1194 2994 1220 3055 E
1244 2994 1423 3074 aequalibus

64 3082 235 3147 intervallis
258 3090 292 3144 et
313 3075 548 3164 ipss'aequalis.
585 3083 854 3173 Propertionantur
876 3100 948 3145 vero
972 3083 1064 3146 etiam
1086 3084 1144 3145 tibi
1168 3083 1344 3146 librationes
1365 3082 1421 3148 ΒΟ

61 3173 178 3234 sinibus
193 3171 329 3252 ejusdcm
343 3172 510 3236 anomaliae
526 3173 672 3246 eccentri3
696 3172 740 3237 sic
755 3172 833 3233 enim
856 3178 937 3233 tuam
953 3173 1069 3252 corrigo
1084 3173 1275 3254 hypothesin.
1313 3172 1422 3253 Itaque

63 3262 85 3322 si
109 3270 145 3324 tn
171 3276 228 3341 per
254 3261 477 3341 proportionem
499 3261 556 3323 AB
590 3260 627 3323 ad
660 3258 715 3324 ΒΟ
739 3266 911 3327 exstmeres
940 3260 1108 3323 anomaliae
1142 3261 1274 3324 eccentri
1304 3281 1420 3343 aequa·
1529 3284 1531 3288 ¹

62 3350 193 3423 tionem,
227 3367 316 3429 quam
339 3350 485 3431 ego'dico
509 3348 680 3433 physicam,
712 3357 783 3433 tnnc
811 3350 852 3411 ad
874 3368 1002 3429 unguem
1031 3350 1118 3430 paria
1145 3370 1260 3413 mecum
1292 3351 1420 3435 faceres.

64 3441 104 3501 At
128 3457 188 3500 non
213 3437 347 3500 exstruis
367 3458 421 3519 per
443 3439 520 3501 hanc
543 3438 641 3520 ipsam
663 3437 894 3519 proportionem,
914 3440 973 3500 sed
995 3439 1078 3519 prius
1101 3458 1155 3519 per
1177 3439 1261 3502 illam
1285 3439 1422 3521 excerpis

64 3547 160 3590 meus.
208 3527 320 3589 Dillers
342 3546 414 3608 ergo
437 3549 457 3590 a
478 3547 535 3590 me.
577 3528 657 3590 Nam
681 3547 768 3590 arcus
792 3529 925 3607 excerpti
949 3547 1007 3589 non
1030 3536 1153 3590 manent
1172 3530 1206 3595 in
1229 3529 1454 3609 proportione·

64 3619 224 3691 linearum,
258 3615 315 3677 nisi
337 3616 521 3698 inplanetis
544 3617 668 3692 ceteris,
702 3635 824 3698 quornm
847 3626 896 3678 est
917 3637 1012 3699 parva
1035 3617 1257 3679 eccentricitas.
1304 3616 1422 3689 Quodsi

64 3704 220 3788 proportio
229 3714 369 3769 maneret
386 3725 516 3781 arcuum,
533 3716 673 3787 quaeest
690 3706 887 3786 tangentium,
908 3705 1066 3768 tuncnihil
1084 3707 1138 3769 tibi
1162 3714 1295 3782 noceret,
1320 3706 1422 3770 maxi-

64 3815 142 3859 mnm
176 3795 319 3874 angulum
340 3794 425 3860 Bac
449 3796 567 3858 dilisrre
599 3818 619 3857 a
648 3798 718 3863 me‘a
734 3795 927 3877 'aequatione
951 3795 1101 3877 physica„
1128 3814 1235 3875 posses
1263 3796 1343 3857 enim
1366 3795 1421 3861 ΒΟ

64 3882 197 3948 nonnihil
226 3890 356 4036 mugarg,
390 3885 469 3964 quod
503 3884 622 3965 quidem
653 3893 685 3947 et
712 3885 777 3965 jam
807 3885 898 3958 iacis,
931 3904 1079 3966 usurpans
1112 3903 1166 3965 pro
1190 3905 1258 3946 mea
1280 3882 1347 3949 420
1368 3886 1419 3948 vel

65 3973 138 4049 432,
162 3981 249 4047 tnarn
295 3970 347 4036 3.
630 3974 635 3983 ’
1230 4018 1234 4027 .

151 4061 322 4125 Videamus
343 4081 427 4137 vero,
451 4068 564 4142 quanta
587 4063 629 4125 sit
652 4061 822 4124 differentia
844 4061 924 4123 inter
946 4081 1070 4125 arcuum
1088 4069 1121 4125 et
1137 4061 1325 4143 tangentium
1347 4082 1421 4143 pro·

64 4154 229 4234 portiones.
275 4152 353 4215 Esto
382 4150 514 4214 maxima
543 4151 682 4234 aequatio
702 4150 833 4232 physica
847 4145 893 4212 5⁰
916 4145 981 4226 432
1013 4160 1048 4214 nt
1069 4159 1199 4231 tangens
1228 4151 1271 4213 sit
1302 4147 1419 4213 10000.

66 4245 160 4324 Igitur
183 4258 257 4323 pars
281 4241 397 4304 decima
428 4242 583 4318 tangentis
609 4236 693 4303 1000
717 4240 895 4303 detersum
919 4235 1027 4321 Μ’,
1051 4242 1168 4303 decima
1191 4260 1263 4302 vero
1286 4259 1359 4321 pars
1382 4239 1420 4300 de

68 4330 103 4395 0*
125 4329 183 4396 43’
207 4339 257 4395 est
280 4323 405 4414 347,st
452 4331 540 4392 Bona
562 4328 797 4412 aequipollentia
827 4329 858 4391 in
881 4329 939 4391 hac
960 4339 1057 4410 parte.
1104 4330 1267 4393 Sumantnr
1290 4347 1362 4391 vero
1389 4334 1421 4388 et
1491 4400 1507 4409 Ι,

66 4422 199 4496 dimidia,
223 4439 294 4482 narn
316 4419 358 4483 rbi
373 4418 544 4482 differentia
568 4419 685 4481 videtur
707 4418 839 4491 maxime
861 4419 970 4480 fnmra.
1014 4419 1110 4499 Igitur
1132 4416 1220 4482 5000
1243 4417 1298 4479 dat
1318 4434 1420 4477 arcum

67 4506 103 4573 ι·
132 4508 198 4573 52¹.
243 4504 410 4572 Dimidium
441 4526 514 4570 vero
546 4509 584 4570 de
614 4505 654 4572 5⁰
685 4503 739 4571 43‘
769 4517 819 4570 est
846 4503 885 4570 2ο
914 4502 1023 4592 bl¹l,‘.
1068 4508 1179 4570 Vicisti
1210 4503 1330 4568 Fabrici
1362 4505 1418 4565 hoc

68 4598 197 4662 stadium
217 4603 250 4658 et
263 4594 390 4676 gloriari
411 4594 509 4679 potes,
532 4607 563 4662 te
585 4607 639 4660 tua
661 4597 821 4678 hypothesi
844 4596 1002 4661 libratnria
1018 4599 1057 4659 ad
1076 4616 1197 4660 sensum
1219 4594 1304 4673 paria
1319 4593 1418 4655 iacere

69 4708 132 4753 cum
153 4706 225 4751 mea
245 4685 381 4768 physion.
420 4689 524 4770 Itaque
543 4688 608 4770 jam
632 4685 738 4748 desino
760 4686 860 4751 ridere
882 4696 966 4749 tunm
987 4706 1114 4767 paeana,
1137 4684 1242 4746 desino
1257 4683 1419 4768 desperare

69 4780 104 4842 de
117 4775 348 4863 hypothesibus,
363 4775 469 4857 quibus
483 4795 592 4842 causae
606 4773 755 4860 physicae
767 4777 986 4856 exprimentum
1001 4777 1106 4837 desino
1120 4790 1231 4851 negare
1246 4768 1419 4834 mechanico

70 4868 215 4941 Gssmris
232 4862 363 4955 hyrdh,
385 4864 572 4946 impossihile
594 4862 664 4931 esse
686 4872 721 4931 ut
742 4873 857 4931 motum
874 4864 985 4947 <isqui
1008 4863 1110 4933 musis
1131 4861 1266 4944 physicis
1284 4859 1420 4925 'admini-

146 4971 236 5024 ιηιαι
249 4971 326 5022 om
339 4970 376 5013 ua
656 4958 660 4964 “
1191 4964 1208 5016 ι
