3368 5534
766 343 807 397 Da
831 344 918 397 Lana.
1445 339 1512 411 m

155 518 226 603 jam
258 519 375 601 pridem
407 521 573 583 dimensam
603 521 712 584 metiri.
759 521 869 600 Elegit
890 522 982 603 igitur
1015 521 1159 600 eclipsin,
1191 520 1239 583 cui
1262 522 1398 603 aequalis
1431 529 1514 585 esset

159 609 313 675 umorue
334 627 388 690 per
411 610 559 683 umbram,
584 611 720 690 aequalis
743 609 864 689 inquam
892 610 1044 674 anomalia
1067 628 1134 672 cum
1157 609 1272 691 priore,
1296 629 1355 692 qna
1378 610 1511 673 umbram
1573 644 1577 661 ·

160 708 232 763 erat
264 717 394 761 mensus.
442 699 544 759 Motus
578 699 747 761 latitudiuis
777 701 866 779 paulo
898 700 994 773 alius;
1029 700 1069 762 sit
1098 699 1152 760 illa
1174 699 1204 760 in
1227 698 1265 760 Ε.
1312 699 1414 763 Scitur
1440 717 1512 779 ergo

157 786 221 851 lob
245 806 304 850 uon
326 788 425 851 miuus
448 806 537 869 quam
559 787 643 867 prius
664 789 731 861 ΒΗ,
756 806 793 850 ex
817 789 931 850 calculo
956 799 1026 851 ante
1051 795 1216 850 exstructo.
1253 787 1296 850 Et
1319 788 1421 867 anguli
1444 796 1514 850 sunt

159 875 282 941 aimiles
306 877 387 939 adD
410 884 443 936 et
460 876 500 949 Η,
524 877 596 939 item
613 876 641 938 E
664 888 696 938 et
714 878 750 938 Β.
789 877 904 939 Latera
928 877 1019 957 igitur
1043 889 1168 958 utraque
1186 875 1244 939 ΑΕ
1268 884 1299 937 et
1314 877 1371 939 AB
1395 877 1511 953 dantur,

161 984 259 1047 quare
282 975 314 1028 et
335 964 505 1027 differentia
526 966 579 1028 ΕΒ
603 965 633 1027 in
657 966 772 1028 usitata
800 967 901 1028 circuli
931 966 1153 1029 distributione.
1200 963 1340 1028 Ceterum
1363 966 1395 1027 in
1417 966 1513 1029 aesti-

159 1054 297 1121 matione
319 1054 522 1135 proportionis
545 1054 629 1133 ejus,
663 1056 738 1135 quae
769 1064 818 1117 est
849 1055 927 1118 inter
948 1054 1008 1118 BG
1031 1064 1062 1118 et
1086 1052 1143 1116 GE
1167 1054 1315 1116 residuam
1346 1073 1383 1116 ex
1406 1055 1513 1135 eclipsi

161 1143 431 1218 acmidlamctrom,
457 1143 584 1209 credidit
607 1144 801 1206 Ptolemaeus
829 1145 938 1218 oculis,
970 1165 1061 1225 quare
1085 1152 1116 1206 et
1138 1143 1292 1224 proportio
1314 1142 1368 1206 ΕΒ
1392 1144 1431 1205 ad
1454 1142 1514 1207 EG

161 1232 421 1299 semidiametrum
445 1231 573 1294 dabatur
587 1246 619 1293 et
633 1231 692 1296 EG
715 1234 939 1296 semidiameter
963 1233 992 1296 in
1007 1234 1123 1296 usitata
1146 1232 1338 1295 dimensione.
1368 1232 1420 1295 Ad
1436 1233 1512 1294 hanc
1633 1294 1639 1305 ,

160 1326 285 1405 partem
318 1339 433 1383 rursum
466 1321 553 1396 dico,
585 1325 663 1402 quod
694 1333 807 1389 antea:
839 1324 865 1387 si
889 1321 966 1399 ocqli
994 1331 1057 1385 mm
1085 1330 1155 1385 suut
1184 1320 1394 1401 perspicaces,
1428 1331 1461 1385 ot
1481 1321 1513 1383 in

160 1411 378 1475 aestimatione
409 1409 578 1472 defectuum
611 1411 685 1473 nihil
710 1413 867 1484 aberrent,
901 1422 933 1473 et
957 1412 981 1474 si
1006 1420 1108 1474 cetera
1137 1411 1225 1491 hujus
1247 1410 1513 1473 demonstrationis

159 1499 313 1583 principia
336 1499 412 1561 bene
434 1499 558 1573 habent,
582 1501 742 1564 methodus
767 1501 868 1582 utique
892 1501 971 1563 bona
993 1509 1056 1574 est,
1080 1500 1216 1583 quamvis
1238 1519 1293 1581 per
1316 1499 1459 1578 ambages
1481 1504 1514 1561 'et

161 1588 327 1671 dispendia
349 1588 478 1667 incedat.

252 1678 299 1743 At
321 1677 350 1738 iu
374 1677 509 1739 omnibus
533 1677 615 1739 hisce
645 1677 806 1741 videndum
831 1686 878 1741 cst
901 1679 993 1741 etiam
1022 1687 1113 1759 atque
1142 1679 1253 1752 etiam,
1287 1697 1324 1740 ne
1348 1676 1377 1739 in
1401 1677 1510 1757 angulo

160 1766 351 1839 latitudinis,
375 1767 423 1847 qui
448 1766 576 1846 undiquc
600 1768 756 1842 concurrit,
783 1787 865 1830 error
889 1769 992 1831 lateat.
1039 1769 1118 1832 Nam
1142 1767 1200 1828 etsi
1224 1767 1354 1829 maxima
1382 1766 1510 1830 latitudo

160 1854 193 1919 in
215 1854 456 1937 oppositionibus
478 1855 567 1919 hodic
591 1857 695 1917 eadem
718 1866 769 1919 est
790 1876 866 1938 quae
890 1856 970 1931 olim,
995 1857 1126 1937 nihilque
1149 1856 1243 1918 habet
1266 1856 1360 1931 dubii,
1385 1857 1510 1937 angulus

161 1954 284 2020 umen,
312 1963 399 2024 quern
422 1944 496 2007 haec
520 1944 647 2007 latitudo
670 1947 811 2018 metitur,
845 1946 986 2009 consistit
1009 1947 1110 2027 utique
1133 1946 1163 2006 io
1188 1945 1386 2026 quadraturis.
1434 1943 1510 2016 Quis

159 2034 258 2117 igitur
280 2053 335 2095 uos
360 2040 457 2094 certos
480 2034 597 2107 reddet,
621 2052 688 2096 eum
710 2036 861 2114 angulum,
885 2036 933 2115 qui
958 2044 1006 2098 est
1028 2037 1057 2099 in
1077 2035 1336 2113 conjunctionibus
1360 2043 1392 2096 et
1413 2053 1510 2115 oppo-

145 2122 334 2195 sitionibus,
364 2141 422 2183 non
453 2123 619 2184 mensurari
644 2142 662 2183 a
684 2125 815 2186 maxima
838 2125 997 2186 latitudine
1021 2123 1292 2205 quadraturarum?
1325 2121 1425 2194 Quare
1450 2141 1508 2185 nou

159 2212 292 2286 sufficit,
326 2210 473 2273 maximas
506 2212 744 2291 oppositionum,
778 2233 836 2276 uon
869 2214 1015 2275 maximas
1048 2214 1293 2294 quadraturamm
1331 2213 1508 2275 latitudines

157 2300 272 2376 metiri,
296 2318 420 2381 quorum
440 2300 512 2361 illud
527 2301 730 2377 Ptolemaeus,
754 2303 810 2365 hoc
824 2305 928 2385 Tycho
951 2303 1043 2365 iecit:
1068 2311 1189 2383 oportet
1203 2312 1233 2363 et
1249 2302 1391 2381 angulum
1413 2301 1510 2381 ipsum

158 2388 272 2455 metiri.
317 2389 434 2451 Parvus
462 2389 539 2451 enim
567 2409 650 2451 error
677 2391 706 2452 in
741 2391 915 2454 immensum
948 2400 1090 2473 augetur,
1121 2391 1170 2454 ubi
1193 2392 1233 2452 ad
1262 2390 1377 2470 reliqua
1409 2390 1510 2469 capita

157 2472 407 2561 processerimus.
664 2492 669 2505 ’

249 2568 308 2630 His
330 2586 402 2647 ergo
426 2564 445 2628 'i
465 2566 613 2646 capitibus
637 2568 759 2631 instruit
773 2570 966 2633 Ptolemaeus
990 2571 1132 2633 lectorem
1152 2568 1189 2630 ad
1205 2568 1405 2650 computanda
1427 2574 1508 2629 term

156 2676 247 2741 pora,
274 2675 374 2719 morae
403 2656 558 2736 ingressus
580 2665 612 2717 et
633 2677 767 2720 emersus
791 2660 895 2721 Lunae
919 2679 935 2719 e
958 2659 1108 2735 tenebris,
1142 2657 1341 2738 quantitatem
1371 2657 1507 2720 deiectm

157 2755 193 2821 at
224 2745 253 2809 si
281 2746 383 2828 placet
415 2745 506 2807 etiam
534 2745 744 2810 inclinationes
777 2746 913 2811 delectus
946 2749 984 2810 ad
1016 2748 1116 2810 varias
1144 2747 1243 2809 mundi
1271 2746 1399 2827 plagas:
1431 2764 1508 2828 quac

158 2834 263 2901 omnia
286 2833 496 2898 observatione
519 2835 606 2896 unius
630 2836 752 2914 eclipsis
776 2837 824 2899 vel
847 2837 1016 2899 confirmari
1038 2838 1086 2898 rel
1110 2836 1250 2916 redargui
1272 2842 1409 2916 possunt.

166 2920 199 2973 ··'
248 2924 301 2989 Ad
324 2923 452 3004 eclipses
475 2942 546 2984 vero
562 2923 686 2986 Soleres
709 2925 767 2987 hac
790 2927 931 2989 methodo
954 2927 1053 3006 pergit
1066 2927 1268 2988 Ptolemaeus.
1304 2925 1385 2986 Nam
1399 2930 1507 2987 octavo

157 3014 337 3095 parallaxes
359 3012 464 3074 Lunae
486 3031 539 3090 per
564 3014 790 3079 instrumentum
815 3016 987 3096 investigat,
1017 3016 1181 3078 observans
1205 3021 1347 3095 quantum
1368 3012 1456 3077 Luna
1478 3012 1507 3073 in

157 3113 297 3167 austrum
320 3101 444 3164 declivis
467 3101 516 3175 sit,
542 3121 579 3163 ex
602 3105 716 3165 calculo
739 3104 892 3184 inquirens
914 3113 1057 3185 quantum
1080 3113 1151 3167 tunc
1173 3113 1296 3185 propter
1319 3102 1508 3164 latitudinem

157 3190 289 3255 declivis
311 3211 380 3253 esse
405 3190 521 3259 debeat,
546 3191 571 3252 si
597 3211 635 3254 ex
657 3202 761 3255 centro
784 3195 895 3255 Terrae
920 3204 1089 3274 spectetur:
1118 3214 1157 3255 ex
1178 3193 1284 3255 horum
1307 3191 1385 3253 enim
1410 3190 1507 3254 colla-

155 3280 242 3347 tione
265 3286 401 3362 apparet,
424 3287 535 3359 quanto
559 3281 667 3359 angulo
688 3282 776 3345 Luna
799 3283 1027 3344 commutaverit
1050 3285 1146 3345 locum
1167 3302 1203 3342 ex
1222 3289 1324 3344 centro
1348 3280 1508 3342 videndum

155 3370 189 3433 in
214 3371 313 3433 locum
336 3388 374 3429 ex
397 3369 553 3446 superficie
576 3369 671 3431 visum
683 3390 692 3443 ;
716 3390 830 3450 exque
851 3391 955 3433 unare
973 3380 1080 3451 postea
1104 3373 1231 3433 altitudo
1250 3372 1354 3433 Lunae
1374 3371 1509 3442 aTerra,

155 3466 192 3523 es
221 3457 457 3521 adminiculante
491 3457 614 3519 umbrae
648 3460 853 3539 magnitudine
884 3480 948 3523 cum
986 3460 1098 3521 risibili
1126 3461 1279 3522 'diametro
1308 3458 1390 3522 Solis
1419 3460 1509 3520 etiam

156 3548 292 3613 altitudo
316 3546 399 3609 Solis
423 3566 441 3606 a
465 3548 559 3608 Terra
582 3556 613 3607 et
636 3549 702 3626 ejus
725 3549 891 3627 parallaxis
916 3551 1024 3610 dantur
1043 3569 1110 3611 cum
1132 3548 1295 3629 appendice
1319 3549 1356 3609 de
1379 3567 1507 3630 propor-

155 3638 243 3703 tione
266 3654 435 3716 corporum.
483 3634 599 3705 Quibus
633 3639 785 3717 perceptis
814 3639 853 3700 ad
883 3638 1030 3700 calculum
1059 3637 1215 3718 eclipsium
1240 3636 1391 3700 Solarium
1414 3638 1509 3700 lector

150 3722 306 3793 ,accedere
329 3733 444 3805 potest,
474 3736 650 3805 computans
675 3747 792 3802 moras,
815 3728 978 3808 principia,
1003 3728 1095 3801 fines,
1120 3727 1304 3809 quantitates
1328 3735 1359 3788 et
1381 3726 1508 3789 inclina-

157 3818 260 3881 tiones
292 3815 430 3876 diversas
457 3815 487 3875 in
516 3815 645 3877 diversis
675 3816 863 3896 regionibus,
897 3837 973 3897 quae
1003 3837 1120 3878 rursum
1151 3816 1251 3877 omnia
1281 3816 1369 3878 unius
1392 3815 1508 3878 Solaria

157 3904 287 3987 eclipsis
310 3911 453 3965 accurata
476 3903 686 3967 observatione
710 3906 758 3968 vel
782 3906 948 3968 confirmari
973 3906 1020 3967 vel
1043 3906 1184 3984 redargui
1207 3913 1344 3984 possunt.

189 4066 192 4071 ¹
249 3992 309 4057 Hic
340 3992 449 4054 iterum
479 3992 674 4055 Ptolemaeus
705 3996 851 4057 maximus
884 3996 920 4056 de
953 4015 985 4057 se
1016 3995 1202 4077 suspiciones
1234 3994 1385 4068 concitat,
1424 3993 1509 4074 quani

157 4080 391 4151 observationes
423 4079 610 4143 adulterinas
643 4084 853 4146 subornaverit
887 4084 925 4145 ad
956 4085 1112 4147 theorema
1145 4083 1371 4163 expediendum.
1433 4080 1507 4145 Cum

156 4173 240 4236 euim
264 4171 414 4250 indigeret
436 4189 545 4249 magna
569 4173 716 4250 parallaxi
741 4174 769 4233 in
795 4174 999 4253 quadraturis.
1025 4175 1068 4236 sic
1093 4176 1206 4237 ferente
1233 4172 1327 4253 ipsius
1349 4172 1508 4255 hypothesi

158 4272 190 4327 ct
212 4260 383 4324 eccentrico
407 4260 530 4330 Lunae,
563 4261 648 4340 cnjus
672 4270 721 4324 est
743 4263 773 4323 iu
798 4282 900 4323 mense
924 4263 1016 4343 dupla
1040 4262 1206 4335 revolutio,
1238 4262 1324 4341 fingit
1347 4262 1451 4335 etiam,
1476 4268 1525 4322 se'

157 4359 279 4417 uotam
301 4348 481 4413 observasse
505 4350 688 4427 parallaxin,
715 4360 746 4413 et
768 4370 804 4411 ex
829 4350 886 4412 hec
910 4352 1015 4414 fictitia
1036 4361 1144 4434 postea
1167 4370 1269 4413 veram
1291 4352 1395 4431 procul
1419 4350 1507 4412 dubio

157 4441 281 4505 a'iihnde
304 4446 521 4501 transsumtam
539 4446 570 4498 et
584 4438 653 4501 aliis
668 4440 821 4519 principiis
844 4438 1040 4503 constitutam
1056 4444 1084 4504 in
1099 4441 1197 4504 coitus
1218 4440 1357 4503 luminum
1381 4439 1505 4501 derivat

158 4520 239 4593 Esse
272 4547 344 4590 vero
378 4527 516 4588 vitiosam
549 4527 632 4595 illam
662 4528 849 4609 parallarriu,
882 4546 972 4611 quam
1004 4529 1169 4593 dimensum
1199 4550 1231 4592 se
1261 4530 1346 4607 fingit-
1369 4528 1455 4590 Luna
1477 4528 1506 4590 in

158 4616 347 4701 Oapricorno
371 4625 403 4677 et
417 4616 511 4677 limite
535 4615 626 4678 boreo
650 4627 800 4692 versante,
826 4616 1018 4682 testabuntur
1033 4618 1136 4683 omncs
1154 4626 1223 4701 post
1237 4618 1508 4698 Regiomontauum

158 4706 339 4781 astronomi,
363 4713 495 4767 testatur
518 4707 646 4768 maxime
660 4709 774 4789 Tycho,
797 4708 846 4788 qui
871 4706 994 4783 invenit,
1019 4710 1136 4773 Lunam
1155 4711 1245 4772 etiam
1268 4709 1298 4769 in
1317 4705 1508 4788 quadraturis

159 4816 227 4863 cnm
250 4797 324 4863 Sole
346 4813 406 4857 non
429 4794 551 4875 propius
575 4795 698 4859 Terram
726 4797 841 4871 venire,
874 4816 961 4877 quam
995 4801 1032 4862 ad
1058 4800 1100 4864 54
1124 4798 1363 4865 semidiametros
1386 4797 1508 4871 Terrae,

159 4904 252 4999 ququo
273 4884 467 4951 Ptolemaeus
490 4902 529 4949 cx
552 4887 608 4949 sua'
629 4887 779 4973 parallaai
811 4886 921 4951 statuit
943 4883 996 4957 ³3.
1043 4888 1160 4969 Quodsi
1191 4887 1384 4957 latitudinem
1404 4886 1508 4957 uuas

238 4989 417 5043 tolum
431 4990 467 5035 1¹1·
539 5022 548 5035 ,.
1265 4989 1299 5048 to
