3374 5528
530 486 899 571 Respondet-auctor
921 489 1067 573 Operis.

444 620 467 672 0
488 618 600 690 fulgens
619 633 723 688 genere
745 624 774 671 et
794 617 874 673 celsis
895 618 1036 673 natalibus
1057 619 1148 686 horos,

390 699 439 754 Cui
460 703 538 753 certa
558 703 624 752 ante
645 697 714 753 alios
736 696 817 752 animi
839 698 967 765 coelestis
989 698 1067 771 origo

388 783 427 836 Et
446 784 591 849 praestare
613 778 688 833 dedit
708 778 789 833 factis
810 786 840 833 et
859 781 972 833 tendere
993 784 1076 834 cantu

390 862 565 935 Hortatuque
586 875 684 913 novam
703 858 882 915 morientibus
903 860 1005 914 addere
1026 860 1127 915 vitem:

392 941 461 1003 Quid
482 938 616 1009 trepidum
639 938 742 1009 optatis
764 946 794 992 et
814 946 895 994 tanta
914 939 1041 994 incendia
1061 942 1160 996 dudum

390 1020 580 1076 Nutrioantem
601 1019 721 1074 animum
740 1019 855 1075 flammis
875 1026 1013 1091 ventoque
1035 1020 1162 1092 fatigas?

390 1103 460 1156 Nam
482 1098 605 1170 quamvis
626 1106 708 1153 tanta
728 1116 799 1164 orsa,
820 1116 897 1156 meas
919 1099 1081 1171 superantia
1100 1102 1180 1165 vires,

390 1184 457 1259 Nou¹
472 1181 541 1234 alios
561 1186 688 1250 poscunt,
710 1197 791 1251 quam
812 1181 868 1234 fert
888 1187 938 1234 tua
958 1182 1045 1246 Musa,
1067 1183 1226 1255 magistros,

392 1260 588 1333 Ingeniumque
608 1261 699 1314 animo
720 1261 808 1315 minus
829 1261 994 1333 ingenioque
1015 1262 1134 1316 lacertos

392 1341 527 1396 Nascendi
549 1340 612 1394 mihi
635 1342 698 1412 lege
720 1341 795 1394 dedit
816 1350 933 1396 natura:
955 1342 1083 1396 Sororum

394 1423 474 1477 Nona
493 1427 586 1475 tamen
607 1421 704 1474 Dium
725 1421 818 1476 coeli
839 1422 1030 1493 inspirarit
1051 1438 1205 1478 amorem.

444 1547 528 1601 Dirus
550 1562 626 1601 amor
647 1548 709 1618 quid
731 1564 785 1601 non
806 1547 935 1602 mortalia
954 1553 1069 1618 pectora
1089 1547 1184 1619 cogit?

392 1629 441 1681 ille
461 1626 527 1681 mihi
548 1627 696 1698 ingenium,
718 1627 825 1681 validos
846 1629 921 1682 dedit
941 1629 990 1685 ille
1011 1629 1139 1692 lacertos,

392 1709 446 1777 Spe
467 1725 522 1762 non
543 1723 633 1779 aequa
654 1707 787 1764 animans.
828 1708 881 1763 Sed
903 1709 974 1763 enim
993 1708 1110 1762 Junonis
1131 1707 1241 1780 iniquae

393 1788 543 1842 scindimur
563 1787 638 1842 haud
660 1804 748 1859 aequo
770 1789 861 1843 studia
882 1788 909 1842 in
931 1790 1070 1844 contraria
1090 1789 1170 1843 vultu

393 1870 486 1938 Tuque
509 1875 538 1922 et
558 1869 638 1940 Ego:
660 1868 721 1922 Tibi
742 1868 851 1923 virtutis
873 1870 948 1923 dedit
968 1869 1019 1923 illa
1038 1870 1171 1925 colendae

393 1947 556 2011 blateriem3
578 1948 643 2003 mihi
664 1951 734 2009 dura
754 1955 858 2020 negat:
879 1949 951 2005 redit
972 1956 1050 2003 astus
1071 1951 1183 2013 eodem;

393 2029 540 2082 aethereis
553 2045 656 2082 ‚arcere
677 2029 745 2082 locis
767 2029 895 2100 furtoque
915 2030 1074 2085 Promethei
1128 2052 1132 2063 ¹

393 2108 594 2172 Extimulanto,
617 2125 709 2162 sacros
731 2110 867 2164 custodire
889 2110 992 2165 arctius
1012 2112 1102 2180 ignes.

393 2190 469 2260 Ergo
490 2189 589 2259 opibus
611 2196 638 2242 te
660 2189 744 2260 larga
763 2192 873 2261 gravat,
896 2191 1006 2262 fulgore
1027 2189 1135 2244 metalli

393 2269 588 2340 Perstringens
610 2270 712 2333 oculos,
734 2277 766 2324 ut
786 2270 842 2323 sint
862 2272 897 2324 ad
918 2269 1022 2325 lumina
1042 2286 1143 2341 segnes

387 2348 511 2426 'Caelica
532 2350 733 2420 purpureisque
755 2357 853 2420 optent
874 2350 1041 2421 sejungere
1062 2348 1178 2420 pompis,

396 2431 471 2492 Ques
492 2430 618 2500 sequitur
637 2431 754 2484 blandus
776 2430 919 2501 popularis
941 2430 1037 2484 sibilus
1059 2446 1161 2492 aurae;
1230 2492 1237 2497 ,

395 2510 591 2580 infandumque
612 2511 730 2565 minetur
750 2511 807 2564 fors
828 2518 967 2565 contemta
987 2512 1116 2565 dolorem.

447 2636 540 2699 Macte
562 2635 651 2690 animo
673 2635 737 2690 forti
758 2634 846 2690 victor
865 2636 1009 2708 Diraeqne
1029 2633 1221 2706 hominumque

395 2717 573 2785 Affectusque
594 2715 651 2770 tui:
674 2716 720 2786 qui
741 2732 811 2786 quae
832 2716 948 2770 rationis
969 2716 1058 2771 ocello

395 2797 561 2850 Affectanda
581 2796 691 2865 probas,
714 2813 782 2849 ausu
804 2803 950 2850 constante
972 2801 1092 2858 secutus,
1190 2812 1195 2821 ·

395 2880 423 2930 A
442 2883 523 2946 patre
545 2877 719 2930 transmissos
740 2876 856 2946 potuisti
876 2894 1007 2947 spernere
1029 2891 1135 2930 census.

397 2957 499 3010 Desine
520 2958 555 3010 ad
576 2957 647 3010 hanc
667 2955 772 3026 privam
794 2957 882 3011 socios
904 2974 1045 3012 accersere
1066 2946 1183 3017 laudem,

396 3037 542 3108 Verbaque
563 3036 717 3091 fluminibus
738 3037 905 3092 inscribere:
926 3039 987 3093 Non
1009 3039 1088 3100 bene,
1110 3035 1197 3088 virtus

397 3118 529 3189 Gazaque
549 3118 732 3180 conveniunt;
754 3117 860 3173 distant
881 3119 995 3174 immane
1017 3118 1151 3188 polusque

397 3198 544 3269 Terraque,
566 3204 596 3252 et
616 3197 732 3252 alterius
753 3197 822 3252 levis
844 3206 889 3253 est
908 3208 1051 3270 respectus
1072 3198 1100 3251 in
1121 3214 1183 3250 uno.

449 3315 548 3384 Meque
569 3315 638 3369 adeo
661 3319 812 3383 aspernata
832 3314 991 3368 immensum
1011 3311 1106 3367 inridit
1128 3311 1257 3365 honorem

396 3393 470 3448 Dira
489 3400 604 3463 potens;
626 3395 809 3465 brevibusque
830 3395 956 3466 ingentia
975 3400 1042 3448 vota
1063 3398 1206 3445 coarctans

395 3474 549 3537 Limitibus,
570 3475 637 3528 nibil
661 3474 782 3538 indulsit,
805 3479 874 3545 quod
896 3492 1026 3545 spernere
1047 3489 1155 3543 possem

396 3556 481 3609 Musis
503 3555 695 3628 postpositum,
717 3562 768 3608 aut
788 3563 924 3609 astrorum
946 3571 1085 3626 opponere
1106 3569 1204 3606 curae:

396 3636 588 3705 vicissentque
610 3635 673 3688 odia
694 3642 778 3706 atque
799 3636 873 3688 ausis
895 3625 1055 3707 ingentibus
1076 3634 1198 3698 obstent,

395 3715 592 3787 ingeniumque
612 3722 711 3786 potens
733 3732 848 3784 superas
870 3717 988 3770 volitare
1009 3733 1059 3786 per
1081 3728 1158 3767 arces

396 3797 493 3851 Invida
513 3795 586 3849 humi
609 3803 746 3865 promeret
766 3796 953 3851 Rhamnusia:
976 3814 1018 3850 me
1039 3793 1092 3850 nisi
1112 3794 1199 3863 primo

395 3878 426 3931 ln
447 3877 520 3930 bivio
542 3876 626 3939 vitae,
648 3877 785 3930 coelorum
807 3892 911 3931 arcana
931 3876 1045 3931 canendi

395 3957 590 4012 Praevenisset
611 3973 694 4020 amor,
716 3964 766 4010 tua
787 3973 839 4026 per
859 3957 981 4028 vestigia
1000 3965 1135 4029 gressum.

447 4074 524 4145 Ergo
547 4071 635 4126 animo
657 4073 778 4127 lustrans
801 4073 881 4127 tritos
902 4073 1044 4128 erronibus
1066 4073 1155 4135 orbes,

398 4156 586 4225 lmmanesque
607 4152 694 4208 minas
716 4161 746 4207 et
765 4153 905 4209 hiantibus
928 4153 1082 4209 intervallis

397 4234 508 4289 Moenia
528 4252 578 4289 nec
599 4233 696 4304 positis
716 4234 807 4289 muudi
829 4232 937 4289 ruitura
956 4234 1104 4296 columnis;
1169 4300 1173 4311 ¹

396 4316 467 4370 Dum
489 4330 588 4368 causas
608 4333 665 4368 nox
687 4320 750 4369 atra
770 4314 871 4386 premit
891 4332 1041 4388 securaque
1062 4315 1120 4369 reri

396 4396 518 4450 Proteno
539 4394 666 4449 indormit
686 4394 842 4466 sapientum
864 4396 948 4451 turbe
967 4395 1120 4468 magistro:

395 4474 554 4548 Aggredior
573 4476 657 4530 fidens
680 4475 755 4530 oneri
777 4478 921 4531 succedere
942 4483 1029 4541 tanto,

396 4557 435 4611 Et
455 4556 615 4610 stabilire
636 4556 732 4610 noris
754 4557 843 4611 coeli
864 4555 1048 4629 laquearia
1069 4553 1260 4614 erenstein

396 4636 541 4691 Materiam
562 4636 668 4691 Samius
690 4637 831 4702 famosam,
853 4639 970 4709 quinque
991 4638 1104 4709 figuras,

397 4716 525 4772 Euclides
546 4733 676 4780 normam,
698 4724 815 4771 mentem
836 4718 911 4771 dedit
930 4717 1036 4789 inclyta
1053 4717 1164 4775 Pallam

398 4797 500 4854 Uranie
520 4796 693 4869 ingeminans
713 4815 768 4852 uon
788 4815 841 4851 uno
860 4798 1013 4868 interprete
1034 4799 1149 4869 plausus
1251 4832 1254 4839 ·

396 4877 523 4935 Accinuit
543 4878 687 4945 celebrem,
709 4893 836 4933 successu
856 4878 942 4945 laeta,
965 4878 1139 4948 triumphum.
