<?xml version="1.0" encoding="UTF-8"?>
<!DOCTYPE html PUBLIC "-//W3C//DTD XHTML 1.0 Transitional//EN"
    "http://www.w3.org/TR/xhtml1/DTD/xhtml1-transitional.dtd">
<html xmlns="http://www.w3.org/1999/xhtml" xml:lang="en" lang="en">
 <head>
  <title>
</title>
<meta http-equiv="Content-Type" content="text/html;charset=utf-8" />
  <meta name='ocr-system' content='tesseract 3.04.00' />
  <meta name='ocr-capabilities' content='ocr_page ocr_carea ocr_par ocr_line ocrx_word'/>
</head>
<body>
  <div class='ocr_page' id='page_1' title='image "./joanniskepleria05frisgoog/joanniskepleria05frisgoog_0680.png"; bbox 0 0 3368 5534; ppageno 0'>
   <div class='ocr_carea' id='block_1_1' title="bbox 624 307 1556 406">
    <p class='ocr_par' dir='ltr' id='par_1_1' title="bbox 624 307 1556 406">
     <span class='ocr_line' id='line_1_1' title="bbox 624 307 1556 406; baseline -0.014 3"><span class='ocrx_word' id='word_1_1' title='bbox 624 363 630 373; x_wconf 80' lang='lat'><em>·</em></span> <span class='ocrx_word' id='word_1_2' title='bbox 751 312 791 380; x_wconf 58' lang='grc' dir='ltr'><strong>ὗε</strong></span> <span class='ocrx_word' id='word_1_3' title='bbox 812 311 893 406; x_wconf 56' lang='lat' dir='ltr'><strong>aaa</strong></span> <span class='ocrx_word' id='word_1_4' title='bbox 1430 307 1496 398; x_wconf 77' lang='lat' dir='ltr'><strong>ott</strong></span> <span class='ocrx_word' id='word_1_5' title='bbox 1551 338 1556 349; x_wconf 93' lang='lat'><strong>·</strong></span> 
     </span>
    </p>
   </div>
   <div class='ocr_carea' id='block_1_2' title="bbox 145 500 1583 3163">
    <p class='ocr_par' dir='ltr' id='par_1_2' title="bbox 145 500 1497 1202">
     <span class='ocr_line' id='line_1_2' title="bbox 237 500 1496 590; baseline 0.007 -28"><span class='ocrx_word' id='word_1_6' title='bbox 237 500 323 562; x_wconf 88' lang='lat' dir='ltr'><strong>Haec</strong></span> <span class='ocrx_word' id='word_1_7' title='bbox 346 500 452 562; x_wconf 91' lang='lat' dir='ltr'><strong>ultima</strong></span> <span class='ocrx_word' id='word_1_8' title='bbox 473 522 541 564; x_wconf 89' lang='lat' dir='ltr'><strong>mea</strong></span> <span class='ocrx_word' id='word_1_9' title='bbox 570 504 740 566; x_wconf 82' lang='lat' dir='ltr'>emendatio</span> <span class='ocrx_word' id='word_1_10' title='bbox 765 507 833 585; x_wconf 87' lang='lat' dir='ltr'><strong>(pro</strong></span> <span class='ocrx_word' id='word_1_11' title='bbox 856 524 933 567; x_wconf 88' lang='lat' dir='ltr'><strong>nunc</strong></span> <span class='ocrx_word' id='word_1_12' title='bbox 966 507 1099 586; x_wconf 87' lang='lat' dir='ltr'><strong>quidem)</strong></span> <span class='ocrx_word' id='word_1_13' title='bbox 1130 530 1187 573; x_wconf 93' lang='lat' dir='ltr'><strong>non</strong></span> <span class='ocrx_word' id='word_1_14' title='bbox 1220 507 1319 590; x_wconf 82' lang='lat' dir='ltr'><strong>potuit</strong></span> <span class='ocrx_word' id='word_1_15' title='bbox 1350 509 1496 571; x_wconf 89' lang='lat' dir='ltr'><strong>hactenns</strong></span> 
     </span>
     <span class='ocr_line' id='line_1_3' title="bbox 145 588 1496 674; baseline 0.005 -22"><span class='ocrx_word' id='word_1_16' title='bbox 145 588 224 664; x_wconf 81' lang='lat' dir='ltr'><strong>lieri,</strong></span> <span class='ocrx_word' id='word_1_17' title='bbox 247 591 420 671; x_wconf 83' lang='lat' dir='ltr'><strong>priusquam</strong></span> <span class='ocrx_word' id='word_1_18' title='bbox 442 591 581 654; x_wconf 87' lang='lat' dir='ltr'><strong>haberem</strong></span> <span class='ocrx_word' id='word_1_19' title='bbox 606 607 733 674; x_wconf 88' lang='lat' dir='ltr'><strong>quatuor</strong></span> <span class='ocrx_word' id='word_1_20' title='bbox 764 595 919 674; x_wconf 89' lang='lat' dir='ltr'><strong>eclipsium</strong></span> <span class='ocrx_word' id='word_1_21' title='bbox 953 596 1181 661; x_wconf 89' lang='lat' dir='ltr'><strong>observationes</strong></span> <span class='ocrx_word' id='word_1_22' title='bbox 1205 617 1263 660; x_wconf 93' lang='lat' dir='ltr'><strong>uno</strong></span> <span class='ocrx_word' id='word_1_23' title='bbox 1279 599 1352 660; x_wconf 86' lang='lat' dir='ltr'><strong>loeo</strong></span> <span class='ocrx_word' id='word_1_24' title='bbox 1375 597 1496 659; x_wconf 89' lang='lat' dir='ltr'><strong>habitas</strong></span> 
     </span>
     <span class='ocr_line' id='line_1_4' title="bbox 145 679 1494 766; baseline 0.007 -28"><span class='ocrx_word' id='word_1_25' title='bbox 145 688 181 740; x_wconf 88' lang='lat' dir='ltr'><strong>et</strong></span> <span class='ocrx_word' id='word_1_26' title='bbox 203 679 466 741; x_wconf 85' lang='lat' dir='ltr'><strong>observationibus</strong></span> <span class='ocrx_word' id='word_1_27' title='bbox 488 680 614 743; x_wconf 90' lang='lat' dir='ltr'><strong>aliorum</strong></span> <span class='ocrx_word' id='word_1_28' title='bbox 638 682 777 756; x_wconf 88' lang='lat' dir='ltr'><strong>locorum,</strong></span> <span class='ocrx_word' id='word_1_29' title='bbox 802 683 920 745; x_wconf 89' lang='lat' dir='ltr'><strong>scilicet</strong></span> <span class='ocrx_word' id='word_1_30' title='bbox 938 684 1091 766; x_wconf 85' lang='lat' dir='ltr'><strong>Tubingae</strong></span> <span class='ocrx_word' id='word_1_31' title='bbox 1107 697 1138 748; x_wconf 87' lang='lat' dir='ltr'><strong>et</strong></span> <span class='ocrx_word' id='word_1_32' title='bbox 1152 689 1269 750; x_wconf 89' lang='lat' dir='ltr'><strong>Romae</strong></span> <span class='ocrx_word' id='word_1_33' title='bbox 1294 687 1494 749; x_wconf 85' lang='lat' dir='ltr'><strong>confirmatas.</strong></span> 
     </span>
     <span class='ocr_line' id='line_1_5' title="bbox 145 766 1496 853; baseline 0.004 -24"><span class='ocrx_word' id='word_1_34' title='bbox 145 766 207 829; x_wconf 84' lang='lat' dir='ltr'><strong>Hie</strong></span> <span class='ocrx_word' id='word_1_35' title='bbox 230 766 435 848; x_wconf 88' lang='lat' dir='ltr'><strong>paraliaxibus</strong></span> <span class='ocrx_word' id='word_1_36' title='bbox 472 771 616 832; x_wconf 88' lang='lat' dir='ltr'><strong>assumtis</strong></span> <span class='ocrx_word' id='word_1_37' title='bbox 640 781 671 831; x_wconf 86' lang='lat' dir='ltr'><strong>et</strong></span> <span class='ocrx_word' id='word_1_38' title='bbox 694 772 814 833; x_wconf 92' lang='lat' dir='ltr'><strong>horario</strong></span> <span class='ocrx_word' id='word_1_39' title='bbox 847 773 954 844; x_wconf 87' lang='lat' dir='ltr'><strong>(etiam</strong></span> <span class='ocrx_word' id='word_1_40' title='bbox 983 776 1130 853; x_wconf 80' lang='lat' dir='ltr'><strong>apriori)</strong></span> <span class='ocrx_word' id='word_1_41' title='bbox 1163 774 1294 838; x_wconf 88' lang='lat' dir='ltr'><strong>nonnihil</strong></span> <span class='ocrx_word' id='word_1_42' title='bbox 1328 775 1496 850; x_wconf 89' lang='lat' dir='ltr'><strong>emendato,</strong></span> 
     </span>
     <span class='ocr_line' id='line_1_6' title="bbox 145 858 1497 944; baseline 0.004 -25"><span class='ocrx_word' id='word_1_43' title='bbox 145 864 269 919; x_wconf 86' lang='lat' dir='ltr'><strong>retento</strong></span> <span class='ocrx_word' id='word_1_44' title='bbox 292 875 362 917; x_wconf 86' lang='lat' dir='ltr'><strong>vero</strong></span> <span class='ocrx_word' id='word_1_45' title='bbox 387 858 495 936; x_wconf 81' lang='lat' dir='ltr'><strong>ariguio</strong></span> <span class='ocrx_word' id='word_1_46' title='bbox 520 858 688 921; x_wconf 89' lang='lat' dir='ltr'><strong>latitudinis</strong></span> <span class='ocrx_word' id='word_1_47' title='bbox 718 859 850 940; x_wconf 85' lang='lat' dir='ltr'><strong>copulari</strong></span> <span class='ocrx_word' id='word_1_48' title='bbox 875 869 905 922; x_wconf 87' lang='lat' dir='ltr'><strong>et</strong></span> <span class='ocrx_word' id='word_1_49' title='bbox 929 863 994 925; x_wconf 95' lang='lat' dir='ltr'><strong>loco</strong></span> <span class='ocrx_word' id='word_1_50' title='bbox 1018 864 1104 940; x_wconf 88' lang='lat' dir='ltr'><strong>nodi,</strong></span> <span class='ocrx_word' id='word_1_51' title='bbox 1127 874 1162 927; x_wconf 90' lang='lat' dir='ltr'><strong>nt</strong></span> <span class='ocrx_word' id='word_1_52' title='bbox 1185 866 1213 926; x_wconf 96' lang='lat' dir='ltr'><strong>in</strong></span> <span class='ocrx_word' id='word_1_53' title='bbox 1237 863 1497 944; x_wconf 82' lang='lat' dir='ltr'><strong>Ephemeridibus,</strong></span> 
     </span>
     <span class='ocr_line' id='line_1_7' title="bbox 146 945 1496 1033; baseline 0.004 -25"><span class='ocrx_word' id='word_1_54' title='bbox 146 945 375 1008; x_wconf 78' lang='lat' dir='ltr'><strong>eccennicitate</strong></span> <span class='ocrx_word' id='word_1_55' title='bbox 407 965 477 1009; x_wconf 89' lang='lat' dir='ltr'><strong>vero</strong></span> <span class='ocrx_word' id='word_1_56' title='bbox 509 947 614 1009; x_wconf 87' lang='lat' dir='ltr'><strong>Lunae</strong></span> <span class='ocrx_word' id='word_1_57' title='bbox 646 949 718 1010; x_wconf 88' lang='lat' dir='ltr'><strong>reali</strong></span> <span class='ocrx_word' id='word_1_58' title='bbox 750 948 876 1029; x_wconf 74' lang='lat' dir='ltr'><strong>simplici</strong></span> <span class='ocrx_word' id='word_1_59' title='bbox 911 961 942 1011; x_wconf 91' lang='lat' dir='ltr'><strong>et</strong></span> <span class='ocrx_word' id='word_1_60' title='bbox 973 950 1119 1015; x_wconf 88' lang='lat' dir='ltr'><strong>diametro</strong></span> <span class='ocrx_word' id='word_1_61' title='bbox 1152 956 1177 1025; x_wconf 59' lang='lat' dir='ltr'><strong>t</strong></span> <span class='ocrx_word' id='word_1_62' title='bbox 1211 953 1242 1014; x_wconf 93' lang='lat' dir='ltr'><strong>in</strong></span> <span class='ocrx_word' id='word_1_63' title='bbox 1273 971 1409 1033; x_wconf 90' lang='lat' dir='ltr'><strong>apogaeo</strong></span> <span class='ocrx_word' id='word_1_64' title='bbox 1433 949 1496 1026; x_wconf 76' lang='lat'><strong>30⁴,</strong></span> 
     </span>
     <span class='ocr_line' id='line_1_8' title="bbox 146 1035 1497 1118; baseline 0.005 -22"><span class='ocrx_word' id='word_1_65' title='bbox 146 1035 378 1097; x_wconf 87' lang='lat' dir='ltr'><strong>observationes</strong></span> <span class='ocrx_word' id='word_1_66' title='bbox 402 1054 494 1114; x_wconf 88' lang='lat' dir='ltr'><strong>supra</strong></span> <span class='ocrx_word' id='word_1_67' title='bbox 517 1046 588 1099; x_wconf 91' lang='lat' dir='ltr'><strong>vota</strong></span> <span class='ocrx_word' id='word_1_68' title='bbox 611 1045 697 1099; x_wconf 87' lang='lat' dir='ltr'><strong>tueor</strong></span> <span class='ocrx_word' id='word_1_69' title='bbox 726 1039 824 1118; x_wconf 93' lang='lat' dir='ltr'><strong>quoad</strong></span> <span class='ocrx_word' id='word_1_70' title='bbox 852 1039 964 1117; x_wconf 83' lang='lat' dir='ltr'><strong>digitos</strong></span> <span class='ocrx_word' id='word_1_71' title='bbox 984 1050 1017 1102; x_wconf 90' lang='lat' dir='ltr'><strong>et</strong></span> <span class='ocrx_word' id='word_1_72' title='bbox 1030 1043 1227 1105; x_wconf 89' lang='lat' dir='ltr'><strong>durationem.</strong></span> <span class='ocrx_word' id='word_1_73' title='bbox 1268 1043 1301 1102; x_wconf 95' lang='lat' dir='ltr'><strong>ln</strong></span> <span class='ocrx_word' id='word_1_74' title='bbox 1326 1060 1497 1103; x_wconf 88' lang='lat' dir='ltr'><strong>accommo-</strong></span> 
     </span>
     <span class='ocr_line' id='line_1_9' title="bbox 147 1123 699 1202; baseline 0.004 -18"><span class='ocrx_word' id='word_1_75' title='bbox 147 1123 272 1186; x_wconf 88' lang='lat' dir='ltr'><strong>datione</strong></span> <span class='ocrx_word' id='word_1_76' title='bbox 295 1124 437 1202; x_wconf 85' lang='lat' dir='ltr'><strong>temporis</strong></span> <span class='ocrx_word' id='word_1_77' title='bbox 461 1125 557 1187; x_wconf 91' lang='lat' dir='ltr'><strong>adhuc</strong></span> <span class='ocrx_word' id='word_1_78' title='bbox 581 1126 699 1187; x_wconf 78' lang='lat' dir='ltr'><strong>haereo.</strong></span> 
     </span>
    </p>

    <p class='ocr_par' dir='ltr' id='par_1_3' title="bbox 146 1212 1536 1917">
     <span class='ocr_line' id='line_1_10' title="bbox 239 1212 1536 1293; baseline 0.002 -18"><span class='ocrx_word' id='word_1_79' title='bbox 239 1212 330 1275; x_wconf 82' lang='lat' dir='ltr'><strong>Mitto</strong></span> <span class='ocrx_word' id='word_1_80' title='bbox 353 1213 462 1274; x_wconf 89' lang='lat' dir='ltr'><strong>salutis</strong></span> <span class='ocrx_word' id='word_1_81' title='bbox 487 1214 553 1275; x_wconf 88' lang='lat' dir='ltr'><strong>loco</strong></span> <span class='ocrx_word' id='word_1_82' title='bbox 576 1215 769 1277; x_wconf 87' lang='lat' dir='ltr'><strong>Theoriam</strong></span> <span class='ocrx_word' id='word_1_83' title='bbox 792 1215 915 1277; x_wconf 91' lang='lat' dir='ltr'><strong>Lunae</strong></span> <span class='ocrx_word' id='word_1_84' title='bbox 939 1227 1124 1282; x_wconf 80' lang='lat' dir='ltr'><strong>renovatam.</strong></span> <span class='ocrx_word' id='word_1_85' title='bbox 1162 1221 1192 1282; x_wconf 82' lang='lat' dir='ltr'>A</span> <span class='ocrx_word' id='word_1_86' title='bbox 1216 1227 1352 1282; x_wconf 85' lang='lat' dir='ltr'><strong>centrum</strong></span> <span class='ocrx_word' id='word_1_87' title='bbox 1374 1219 1496 1290; x_wconf 82' lang='lat' dir='ltr'>Terrae,</span> <span class='ocrx_word' id='word_1_88' title='bbox 1532 1284 1536 1293; x_wconf 60' lang='grc'><em>,</em></span> 
     </span>
     <span class='ocr_line' id='line_1_11' title="bbox 146 1302 994 1385; baseline -0.001 -20"><span class='ocrx_word' id='word_1_89' title='bbox 146 1302 335 1371; x_wconf 76' lang='lat' dir='ltr'><strong>Beentrum</strong></span> <span class='ocrx_word' id='word_1_90' title='bbox 359 1302 517 1364; x_wconf 91' lang='lat' dir='ltr'><strong>eccentrici</strong></span> <span class='ocrx_word' id='word_1_91' title='bbox 541 1304 644 1365; x_wconf 88' lang='lat' dir='ltr'><strong>Lunae</strong></span> <span class='ocrx_word' id='word_1_92' title='bbox 668 1304 733 1385; x_wconf 89' lang='lat' dir='ltr'><strong>(qui</strong></span> <span class='ocrx_word' id='word_1_93' title='bbox 757 1313 857 1366; x_wconf 89' lang='lat' dir='ltr'><strong>temen</strong></span> <span class='ocrx_word' id='word_1_94' title='bbox 881 1305 994 1367; x_wconf 87' lang='lat' dir='ltr'><strong>intelli-</strong></span> 
     </span>
     <span class='ocr_line' id='line_1_12' title="bbox 147 1375 1304 1470; baseline 0.003 -18"><span class='ocrx_word' id='word_1_95' title='bbox 147 1398 241 1469; x_wconf 74' lang='lat' dir='ltr'><strong>gatur</strong></span> <span class='ocrx_word' id='word_1_96' title='bbox 273 1389 440 1470; x_wconf 69' lang='lat' dir='ltr'><strong>stipticus,</strong></span> <span class='ocrx_word' id='word_1_97' title='bbox 477 1400 510 1453; x_wconf 95' lang='grc' dir='ltr'><strong>ιιι</strong></span> <span class='ocrx_word' id='word_1_98' title='bbox 536 1403 607 1454; x_wconf 88' lang='lat' dir='ltr'><strong>snut</strong></span> <span class='ocrx_word' id='word_1_99' title='bbox 639 1393 800 1455; x_wconf 85' lang='lat' dir='ltr'><strong>eccentrici</strong></span> <span class='ocrx_word' id='word_1_100' title='bbox 830 1400 996 1455; x_wconf 85' lang='lat' dir='ltr'><strong>eeteromm</strong></span> <span class='ocrx_word' id='word_1_101' title='bbox 1189 1375 1242 1444; x_wconf 49' lang='lat'><strong>3⁵⁸·</strong></span> <span class='ocrx_word' id='word_1_102' title='bbox 1262 1375 1304 1428; x_wconf 73' lang='lat'><strong>¹⁶·</strong></span> 
     </span>
     <span class='ocr_line' id='line_1_13' title="bbox 146 1479 998 1562; baseline 0.005 -22"><span class='ocrx_word' id='word_1_103' title='bbox 146 1480 367 1559; x_wconf 79' lang='lat' dir='ltr'><strong>planetarum),</strong></span> <span class='ocrx_word' id='word_1_104' title='bbox 386 1479 442 1542; x_wconf 85' lang='lat' dir='ltr'><strong>DE</strong></span> <span class='ocrx_word' id='word_1_105' title='bbox 457 1479 537 1542; x_wconf 90' lang='lat' dir='ltr'><strong>linea</strong></span> <span class='ocrx_word' id='word_1_106' title='bbox 559 1481 786 1562; x_wconf 45' lang='lat' dir='ltr'><strong>apsidum,&#39;FG</strong></span> <span class='ocrx_word' id='word_1_107' title='bbox 803 1481 882 1543; x_wconf 89' lang='lat' dir='ltr'><strong>linea</strong></span> <span class='ocrx_word' id='word_1_108' title='bbox 903 1500 998 1561; x_wconf 90' lang='lat' dir='ltr'><strong>copu-</strong></span> 
     </span>
     <span class='ocr_line' id='line_1_14' title="bbox 146 1566 998 1651; baseline 0.004 -21"><span class='ocrx_word' id='word_1_109' title='bbox 146 1566 257 1643; x_wconf 84' lang='lat' dir='ltr'><strong>larum,</strong></span> <span class='ocrx_word' id='word_1_110' title='bbox 279 1567 484 1640; x_wconf 77' lang='lat' dir='ltr'><strong>BLMNOPQ</strong></span> <span class='ocrx_word' id='word_1_111' title='bbox 503 1570 640 1632; x_wconf 87' lang='lat' dir='ltr'><strong>circelius</strong></span> <span class='ocrx_word' id='word_1_112' title='bbox 664 1579 803 1650; x_wconf 89' lang='lat' dir='ltr'><strong>respectu</strong></span> <span class='ocrx_word' id='word_1_113' title='bbox 826 1571 998 1651; x_wconf 89' lang='lat' dir='ltr'><strong>copulamm</strong></span> 
     </span>
     <span class='ocr_line' id='line_1_15' title="bbox 146 1657 997 1740; baseline 0.004 -21"><span class='ocrx_word' id='word_1_114' title='bbox 146 1676 267 1719; x_wconf 80' lang='lat' dir='ltr'><strong>annuus</strong></span> <span class='ocrx_word' id='word_1_115' title='bbox 297 1657 325 1718; x_wconf 94' lang='lat' dir='ltr'><strong>in</strong></span> <span class='ocrx_word' id='word_1_116' title='bbox 353 1659 582 1734; x_wconf 78' lang='lat' dir='ltr'><strong>antecedentia,</strong></span> <span class='ocrx_word' id='word_1_117' title='bbox 613 1661 666 1721; x_wconf 89' lang='lat' dir='ltr'><strong>sed</strong></span> <span class='ocrx_word' id='word_1_118' title='bbox 699 1668 839 1740; x_wconf 88' lang='lat' dir='ltr'><strong>respectu</strong></span> <span class='ocrx_word' id='word_1_119' title='bbox 872 1662 997 1722; x_wconf 82' lang='lat' dir='ltr'><strong>lixarum</strong></span> 
     </span>
     <span class='ocr_line' id='line_1_16' title="bbox 146 1746 997 1829; baseline 0.004 -21"><span class='ocrx_word' id='word_1_120' title='bbox 146 1746 327 1808; x_wconf 79' lang='lat' dir='ltr'><strong>novennalis</strong></span> <span class='ocrx_word' id='word_1_121' title='bbox 360 1748 420 1808; x_wconf 84' lang='lat' dir='ltr'><strong>iere</strong></span> <span class='ocrx_word' id='word_1_122' title='bbox 451 1747 479 1808; x_wconf 94' lang='lat' dir='ltr'><strong>in</strong></span> <span class='ocrx_word' id='word_1_123' title='bbox 513 1749 744 1829; x_wconf 86' lang='lat' dir='ltr'><strong>consequentia;</strong></span> <span class='ocrx_word' id='word_1_124' title='bbox 780 1749 877 1812; x_wconf 89' lang='lat' dir='ltr'><strong>lineae</strong></span> <span class='ocrx_word' id='word_1_125' title='bbox 908 1750 997 1811; x_wconf 88' lang='lat' dir='ltr'><strong>exA</strong></span> 
     </span>
     <span class='ocr_line' id='line_1_17' title="bbox 147 1822 1265 1917; baseline 0.004 -20"><span class='ocrx_word' id='word_1_126' title='bbox 147 1832 180 1897; x_wconf 88' lang='lat' dir='ltr'><strong>in</strong></span> <span class='ocrx_word' id='word_1_127' title='bbox 203 1836 243 1908; x_wconf 89' lang='lat' dir='ltr'><strong>D,</strong></span> <span class='ocrx_word' id='word_1_128' title='bbox 267 1836 302 1910; x_wconf 80' lang='lat' dir='ltr'><strong>F,</strong></span> <span class='ocrx_word' id='word_1_129' title='bbox 325 1834 365 1909; x_wconf 89' lang='lat' dir='ltr'><strong>H,</strong></span> <span class='ocrx_word' id='word_1_130' title='bbox 387 1836 424 1906; x_wconf 83' lang='grc' dir='ltr'><strong>Ε,</strong></span> <span class='ocrx_word' id='word_1_131' title='bbox 443 1836 466 1911; x_wconf 93' lang='grc' dir='ltr'><strong>Ι,</strong></span> <span class='ocrx_word' id='word_1_132' title='bbox 489 1836 527 1912; x_wconf 89' lang='lat' dir='ltr'><strong>G,</strong></span> <span class='ocrx_word' id='word_1_133' title='bbox 546 1839 577 1899; x_wconf 90' lang='lat' dir='ltr'><strong>K</strong></span> <span class='ocrx_word' id='word_1_134' title='bbox 600 1838 698 1899; x_wconf 90' lang='lat' dir='ltr'><strong>lineae</strong></span> <span class='ocrx_word' id='word_1_135' title='bbox 722 1846 791 1899; x_wconf 90' lang='lat' dir='ltr'><strong>sunt</strong></span> <span class='ocrx_word' id='word_1_136' title='bbox 815 1837 877 1898; x_wconf 81' lang='lat' dir='ltr'><strong>seri</strong></span> <span class='ocrx_word' id='word_1_137' title='bbox 901 1846 999 1899; x_wconf 92' lang='lat' dir='ltr'><strong>motus</strong></span> <span class='ocrx_word' id='word_1_138' title='bbox 1045 1864 1062 1901; x_wconf 94' lang='grc' dir='ltr'><strong>ιι</strong></span> <span class='ocrx_word' id='word_1_139' title='bbox 1147 1910 1156 1917; x_wconf 44' lang='grc'>,</span> <span class='ocrx_word' id='word_1_140' title='bbox 1262 1822 1265 1846; x_wconf 79' lang='lat'>&#39;</span> 
     </span>
    </p>

    <p class='ocr_par' dir='ltr' id='par_1_4' title="bbox 145 1922 1162 1991">
     <span class='ocr_line' id='line_1_18' title="bbox 145 1922 1162 1991; baseline 0 -4"><span class='ocrx_word' id='word_1_141' title='bbox 145 1922 265 1987; x_wconf 82' lang='lat' dir='ltr'><strong>Lunae.</strong></span> <span class='ocrx_word' id='word_1_142' title='bbox 303 1925 454 1986; x_wconf 88' lang='lat' dir='ltr'><strong>Ponamus</strong></span> <span class='ocrx_word' id='word_1_143' title='bbox 478 1929 651 1988; x_wconf 89' lang='lat' dir='ltr'><strong>centrumB</strong></span> <span class='ocrx_word' id='word_1_144' title='bbox 677 1927 705 1987; x_wconf 93' lang='lat' dir='ltr'><strong>in</strong></span> <span class='ocrx_word' id='word_1_145' title='bbox 726 1947 782 1991; x_wconf 92' lang='lat' dir='ltr'><strong>uno</strong></span> <span class='ocrx_word' id='word_1_146' title='bbox 806 1946 907 1987; x_wconf 87' lang='lat' dir='ltr'><strong>mense</strong></span> <span class='ocrx_word' id='word_1_147' title='bbox 932 1946 998 1988; x_wconf 86' lang='lat' dir='ltr'><strong>esse</strong></span> <span class='ocrx_word' id='word_1_148' title='bbox 1138 1924 1162 1941; x_wconf 65' lang='grc'><strong>’”</strong></span> 
     </span>
    </p>

    <p class='ocr_par' dir='ltr' id='par_1_5' title="bbox 146 2011 998 2086">
     <span class='ocr_line' id='line_1_19' title="bbox 146 2011 998 2086; baseline 0.005 -13"><span class='ocrx_word' id='word_1_149' title='bbox 146 2011 311 2086; x_wconf 83' lang='lat' dir='ltr'><strong>immobile,</strong></span> <span class='ocrx_word' id='word_1_150' title='bbox 336 2013 395 2074; x_wconf 89' lang='lat' dir='ltr'><strong>etsi</strong></span> <span class='ocrx_word' id='word_1_151' title='bbox 410 2014 440 2074; x_wconf 93' lang='lat' dir='ltr'><strong>id</strong></span> <span class='ocrx_word' id='word_1_152' title='bbox 455 2023 592 2077; x_wconf 90' lang='lat' dir='ltr'><strong>movetur</strong></span> <span class='ocrx_word' id='word_1_153' title='bbox 606 2035 711 2077; x_wconf 89' lang='lat' dir='ltr'><strong>versus</strong></span> <span class='ocrx_word' id='word_1_154' title='bbox 727 2014 756 2086; x_wconf 83' lang='lat' dir='ltr'>Q</span> <span class='ocrx_word' id='word_1_155' title='bbox 775 2017 804 2077; x_wconf 94' lang='lat' dir='ltr'><strong>in</strong></span> <span class='ocrx_word' id='word_1_156' title='bbox 818 2035 876 2077; x_wconf 92' lang='lat' dir='ltr'><strong>uno</strong></span> <span class='ocrx_word' id='word_1_157' title='bbox 896 2034 998 2077; x_wconf 88' lang='lat' dir='ltr'><strong>mense</strong></span> 
     </span>
    </p>

    <p class='ocr_par' dir='ltr' id='par_1_6' title="bbox 145 2102 997 2185">
     <span class='ocr_line' id='line_1_20' title="bbox 145 2102 997 2185; baseline 0.004 -22"><span class='ocrx_word' id='word_1_158' title='bbox 145 2120 203 2183; x_wconf 86' lang='lat' dir='ltr'><strong>per</strong></span> <span class='ocrx_word' id='word_1_159' title='bbox 227 2121 314 2162; x_wconf 92' lang='lat' dir='ltr'><strong>unurn</strong></span> <span class='ocrx_word' id='word_1_160' title='bbox 338 2102 455 2180; x_wconf 85' lang='lat' dir='ltr'><strong>signum</strong></span> <span class='ocrx_word' id='word_1_161' title='bbox 475 2104 547 2167; x_wconf 85' lang='lat' dir='ltr'><strong>lere.</strong></span> <span class='ocrx_word' id='word_1_162' title='bbox 588 2104 687 2166; x_wconf 88' lang='lat' dir='ltr'><strong>Docta</strong></span> <span class='ocrx_word' id='word_1_163' title='bbox 709 2103 800 2184; x_wconf 92' lang='lat' dir='ltr'><strong>igitur</strong></span> <span class='ocrx_word' id='word_1_164' title='bbox 824 2106 902 2165; x_wconf 82' lang='lat' dir='ltr'><strong>exB</strong></span> <span class='ocrx_word' id='word_1_165' title='bbox 926 2124 997 2185; x_wconf 87' lang='lat' dir='ltr'><strong>per-</strong></span> 
     </span>
    </p>

    <p class='ocr_par' dir='ltr' id='par_1_7' title="bbox 146 2188 1000 2277">
     <span class='ocr_line' id='line_1_21' title="bbox 146 2188 1000 2277; baseline 0.006 -27"><span class='ocrx_word' id='word_1_166' title='bbox 146 2188 337 2277; x_wconf 84' lang='lat' dir='ltr'><strong>pendiculari</strong></span> <span class='ocrx_word' id='word_1_167' title='bbox 365 2190 393 2250; x_wconf 93' lang='lat' dir='ltr'><strong>in</strong></span> <span class='ocrx_word' id='word_1_168' title='bbox 417 2190 473 2260; x_wconf 86' lang='lat' dir='ltr'><strong>FG</strong></span> <span class='ocrx_word' id='word_1_169' title='bbox 502 2192 611 2254; x_wconf 87' lang='lat' dir='ltr'><strong>lineam</strong></span> <span class='ocrx_word' id='word_1_170' title='bbox 641 2195 828 2273; x_wconf 89' lang='lat' dir='ltr'><strong>copularum,</strong></span> <span class='ocrx_word' id='word_1_171' title='bbox 858 2213 934 2273; x_wconf 85' lang='lat' dir='ltr'><strong>qnae</strong></span> <span class='ocrx_word' id='word_1_172' title='bbox 959 2194 1000 2255; x_wconf 88' lang='lat' dir='ltr'><strong>sit</strong></span> 
     </span>
    </p>

    <p class='ocr_par' dir='ltr' id='par_1_8' title="bbox 145 2275 1000 2361">
     <span class='ocr_line' id='line_1_22' title="bbox 145 2275 1000 2361; baseline 0.001 -18"><span class='ocrx_word' id='word_1_173' title='bbox 145 2275 223 2354; x_wconf 78' lang='lat' dir='ltr'><strong>Bo,</strong></span> <span class='ocrx_word' id='word_1_174' title='bbox 255 2279 311 2340; x_wconf 90' lang='lat' dir='ltr'><strong>erit</strong></span> <span class='ocrx_word' id='word_1_175' title='bbox 335 2277 359 2342; x_wconf 87' lang='lat' dir='ltr'>C</span> <span class='ocrx_word' id='word_1_176' title='bbox 383 2288 525 2358; x_wconf 87' lang='lat' dir='ltr'><strong>punctum</strong></span> <span class='ocrx_word' id='word_1_177' title='bbox 555 2283 743 2361; x_wconf 87' lang='lat' dir='ltr'><strong>aequatiouis</strong></span> <span class='ocrx_word' id='word_1_178' title='bbox 774 2290 943 2344; x_wconf 83' lang='lat' dir='ltr'><strong>menstruae</strong></span> <span class='ocrx_word' id='word_1_179' title='bbox 968 2292 1000 2344; x_wconf 87' lang='lat' dir='ltr'><strong>et</strong></span> 
     </span>
    </p>

    <p class='ocr_par' dir='ltr' id='par_1_9' title="bbox 145 2368 998 2452">
     <span class='ocr_line' id='line_1_23' title="bbox 145 2368 998 2452; baseline 0.002 -21"><span class='ocrx_word' id='word_1_180' title='bbox 145 2368 176 2431; x_wconf 74' lang='grc' dir='ltr'><strong>Ρ,</strong></span> <span class='ocrx_word' id='word_1_181' title='bbox 196 2368 293 2431; x_wconf 89' lang='lat' dir='ltr'><strong>veluti</strong></span> <span class='ocrx_word' id='word_1_182' title='bbox 316 2386 482 2449; x_wconf 79' lang='lat' dir='ltr'><strong>apogaeum</strong></span> <span class='ocrx_word' id='word_1_183' title='bbox 505 2371 664 2452; x_wconf 89' lang='lat' dir='ltr'><strong>quoddam,</strong></span> <span class='ocrx_word' id='word_1_184' title='bbox 687 2370 759 2452; x_wconf 87' lang='lat' dir='ltr'><strong>quia</strong></span> <span class='ocrx_word' id='word_1_185' title='bbox 780 2373 809 2433; x_wconf 93' lang='lat' dir='ltr'>D</span> <span class='ocrx_word' id='word_1_186' title='bbox 832 2390 998 2452; x_wconf 83' lang='lat' dir='ltr'><strong>apogaeum</strong></span> 
     </span>
    </p>

    <p class='ocr_par' dir='ltr' id='par_1_10' title="bbox 146 2455 1583 3163">
     <span class='ocr_line' id='line_1_24' title="bbox 146 2455 1498 2541; baseline 0.002 -20"><span class='ocrx_word' id='word_1_187' title='bbox 146 2464 200 2521; x_wconf 77' lang='lat' dir='ltr'><strong>est</strong></span> <span class='ocrx_word' id='word_1_188' title='bbox 232 2455 288 2537; x_wconf 86' lang='lat' dir='ltr'><strong>ipsi</strong></span> <span class='ocrx_word' id='word_1_189' title='bbox 322 2456 449 2520; x_wconf 90' lang='lat' dir='ltr'><strong>vicinius</strong></span> <span class='ocrx_word' id='word_1_190' title='bbox 482 2479 570 2540; x_wconf 87' lang='lat' dir='ltr'><strong>quarn</strong></span> <span class='ocrx_word' id='word_1_191' title='bbox 601 2461 628 2522; x_wconf 86' lang='lat' dir='ltr'>E</span> <span class='ocrx_word' id='word_1_192' title='bbox 660 2459 842 2541; x_wconf 88' lang='lat' dir='ltr'><strong>perigaeum.</strong></span> <span class='ocrx_word' id='word_1_193' title='bbox 897 2461 940 2522; x_wconf 85' lang='lat' dir='ltr'><strong>Et</strong></span> <span class='ocrx_word' id='word_1_194' title='bbox 969 2461 998 2523; x_wconf 91' lang='lat' dir='ltr'><strong>in</strong></span> <span class='ocrx_word' id='word_1_195' title='bbox 1022 2457 1108 2521; x_wconf 87' lang='lat' dir='ltr'><strong>FHG</strong></span> <span class='ocrx_word' id='word_1_196' title='bbox 1137 2457 1333 2538; x_wconf 90' lang='lat' dir='ltr'><strong>aequationes</strong></span> <span class='ocrx_word' id='word_1_197' title='bbox 1357 2460 1498 2524; x_wconf 86' lang='lat' dir='ltr'><strong>subtrac-</strong></span> 
     </span>
     <span class='ocr_line' id='line_1_25' title="bbox 146 2543 1494 2629; baseline 0.002 -20"><span class='ocrx_word' id='word_1_198' title='bbox 146 2544 258 2619; x_wconf 78' lang='lat' dir='ltr'><strong>toriae,</strong></span> <span class='ocrx_word' id='word_1_199' title='bbox 283 2545 314 2606; x_wconf 93' lang='lat' dir='ltr'><strong>in</strong></span> <span class='ocrx_word' id='word_1_200' title='bbox 338 2543 424 2609; x_wconf 87' lang='lat' dir='ltr'><strong>GKF</strong></span> <span class='ocrx_word' id='word_1_201' title='bbox 455 2549 647 2629; x_wconf 87' lang='lat' dir='ltr'><strong>adjectoriae.</strong></span> <span class='ocrx_word' id='word_1_202' title='bbox 692 2548 778 2610; x_wconf 90' lang='lat' dir='ltr'><strong>Luna</strong></span> <span class='ocrx_word' id='word_1_203' title='bbox 808 2548 898 2628; x_wconf 85' lang='lat' dir='ltr'><strong>igitur</strong></span> <span class='ocrx_word' id='word_1_204' title='bbox 929 2549 959 2610; x_wconf 94' lang='lat' dir='ltr'><strong>in</strong></span> <span class='ocrx_word' id='word_1_205' title='bbox 987 2549 1042 2610; x_wconf 90' lang='lat' dir='ltr'><strong>tali</strong></span> <span class='ocrx_word' id='word_1_206' title='bbox 1074 2566 1175 2625; x_wconf 82' lang='lat' dir='ltr'><strong>mense</strong></span> <span class='ocrx_word' id='word_1_207' title='bbox 1199 2547 1227 2607; x_wconf 92' lang='lat' dir='ltr'><strong>in</strong></span> <span class='ocrx_word' id='word_1_208' title='bbox 1251 2547 1280 2609; x_wconf 92' lang='lat' dir='ltr'>D</span> <span class='ocrx_word' id='word_1_209' title='bbox 1304 2549 1352 2610; x_wconf 89' lang='lat' dir='ltr'><strong>vel</strong></span> <span class='ocrx_word' id='word_1_210' title='bbox 1375 2549 1402 2610; x_wconf 82' lang='lat' dir='ltr'>E</span> <span class='ocrx_word' id='word_1_211' title='bbox 1424 2570 1494 2612; x_wconf 84' lang='lat' dir='ltr'><strong>ver-</strong></span> 
     </span>
     <span class='ocr_line' id='line_1_26' title="bbox 147 2635 1583 2721; baseline 0.002 -22"><span class='ocrx_word' id='word_1_212' title='bbox 147 2642 239 2699; x_wconf 76' lang='lat' dir='ltr'><strong>unte</strong></span> <span class='ocrx_word' id='word_1_213' title='bbox 254 2653 333 2697; x_wconf 72' lang='lat' dir='ltr'><strong>vero</strong></span> <span class='ocrx_word' id='word_1_214' title='bbox 358 2645 450 2710; x_wconf 89' lang='lat' dir='ltr'><strong>motu,</strong></span> <span class='ocrx_word' id='word_1_215' title='bbox 484 2639 567 2700; x_wconf 90' lang='lat' dir='ltr'><strong>nulla</strong></span> <span class='ocrx_word' id='word_1_216' title='bbox 590 2646 639 2700; x_wconf 88' lang='lat' dir='ltr'><strong>est</strong></span> <span class='ocrx_word' id='word_1_217' title='bbox 661 2639 799 2719; x_wconf 87' lang='lat' dir='ltr'><strong>aequatio</strong></span> <span class='ocrx_word' id='word_1_218' title='bbox 833 2639 951 2700; x_wconf 89' lang='lat' dir='ltr'><strong>solutae</strong></span> <span class='ocrx_word' id='word_1_219' title='bbox 981 2635 1214 2718; x_wconf 82' lang='lat' dir='ltr'><strong>inaequalitatis.</strong></span> <span class='ocrx_word' id='word_1_220' title='bbox 1261 2637 1306 2699; x_wconf 85' lang='lat' dir='ltr'><strong>At</strong></span> <span class='ocrx_word' id='word_1_221' title='bbox 1328 2645 1376 2699; x_wconf 89' lang='lat' dir='ltr'><strong>est</strong></span> <span class='ocrx_word' id='word_1_222' title='bbox 1398 2639 1498 2721; x_wconf 91' lang='lat' dir='ltr'><strong>aliqua</strong></span> <span class='ocrx_word' id='word_1_223' title='bbox 1578 2702 1583 2711; x_wconf 82' lang='grc'><em>,</em></span> 
     </span>
     <span class='ocr_line' id='line_1_27' title="bbox 147 2723 1498 2808; baseline 0.003 -23"><span class='ocrx_word' id='word_1_224' title='bbox 147 2723 293 2805; x_wconf 60' lang='lat' dir='ltr'><strong>mutatio</strong></span> <span class='ocrx_word' id='word_1_225' title='bbox 307 2734 486 2788; x_wconf 74' lang='lat' dir='ltr'><strong>¹menstruae</strong></span> <span class='ocrx_word' id='word_1_226' title='bbox 510 2727 756 2808; x_wconf 85' lang='lat' dir='ltr'><strong>inaequalitatis,</strong></span> <span class='ocrx_word' id='word_1_227' title='bbox 789 2726 872 2806; x_wconf 88' lang='lat' dir='ltr'><strong>cujus</strong></span> <span class='ocrx_word' id='word_1_228' title='bbox 896 2727 1096 2808; x_wconf 87' lang='lat' dir='ltr'><strong>quantitatem</strong></span> <span class='ocrx_word' id='word_1_229' title='bbox 1125 2724 1238 2787; x_wconf 85' lang='lat' dir='ltr'><strong>indicat</strong></span> <span class='ocrx_word' id='word_1_230' title='bbox 1261 2744 1333 2787; x_wconf 88' lang='lat' dir='ltr'><strong>area</strong></span> <span class='ocrx_word' id='word_1_231' title='bbox 1355 2726 1498 2808; x_wconf 87' lang='lat' dir='ltr'><strong>trianguli</strong></span> 
     </span>
     <span class='ocr_line' id='line_1_28' title="bbox 149 2810 1499 2895; baseline 0.003 -20"><span class='ocrx_word' id='word_1_232' title='bbox 149 2810 250 2887; x_wconf 79' lang='lat' dir='ltr'><strong>GDA,</strong></span> <span class='ocrx_word' id='word_1_233' title='bbox 275 2811 376 2888; x_wconf 83' lang='lat' dir='ltr'><strong>CEA,</strong></span> <span class='ocrx_word' id='word_1_234' title='bbox 406 2833 481 2893; x_wconf 90' lang='lat' dir='ltr'><strong>quae</strong></span> <span class='ocrx_word' id='word_1_235' title='bbox 502 2816 544 2877; x_wconf 91' lang='lat' dir='ltr'><strong>iu</strong></span> <span class='ocrx_word' id='word_1_236' title='bbox 576 2817 686 2895; x_wconf 84' lang='lat' dir='ltr'><strong>gradus</strong></span> <span class='ocrx_word' id='word_1_237' title='bbox 719 2817 886 2879; x_wconf 89' lang='lat' dir='ltr'><strong>anomaliae</strong></span> <span class='ocrx_word' id='word_1_238' title='bbox 916 2816 1032 2878; x_wconf 90' lang='lat' dir='ltr'><strong>mediae</strong></span> <span class='ocrx_word' id='word_1_239' title='bbox 1062 2834 1116 2877; x_wconf 92' lang='lat' dir='ltr'><strong>seu</strong></span> <span class='ocrx_word' id='word_1_240' title='bbox 1145 2814 1343 2894; x_wconf 88' lang='lat' dir='ltr'><strong>temporariae</strong></span> <span class='ocrx_word' id='word_1_241' title='bbox 1375 2816 1499 2879; x_wconf 86' lang='lat' dir='ltr'><strong>redacta</strong></span> 
     </span>
     <span class='ocr_line' id='line_1_29' title="bbox 149 2901 1498 2984; baseline 0.004 -20"><span class='ocrx_word' id='word_1_242' title='bbox 149 2901 295 2984; x_wconf 80' lang='lat' dir='ltr'><strong>adjicitur</strong></span> <span class='ocrx_word' id='word_1_243' title='bbox 317 2904 354 2964; x_wconf 96' lang='lat' dir='ltr'><strong>ad</strong></span> <span class='ocrx_word' id='word_1_244' title='bbox 384 2906 524 2982; x_wconf 87' lang='lat' dir='ltr'><strong>angulum</strong></span> <span class='ocrx_word' id='word_1_245' title='bbox 547 2905 631 2969; x_wconf 83' lang='lat' dir='ltr'><strong>FAD</strong></span> <span class='ocrx_word' id='word_1_246' title='bbox 656 2907 703 2966; x_wconf 89' lang='lat' dir='ltr'><strong>vei</strong></span> <span class='ocrx_word' id='word_1_247' title='bbox 726 2904 828 2980; x_wconf 83' lang='lat' dir='ltr'>FAE3</span> <span class='ocrx_word' id='word_1_248' title='bbox 858 2906 901 2966; x_wconf 91' lang='lat' dir='ltr'><strong>ita</strong></span> <span class='ocrx_word' id='word_1_249' title='bbox 924 2905 1102 2966; x_wconf 88' lang='lat' dir='ltr'><strong>conciliatur</strong></span> <span class='ocrx_word' id='word_1_250' title='bbox 1129 2903 1238 2982; x_wconf 91' lang='lat' dir='ltr'><strong>angulo</strong></span> <span class='ocrx_word' id='word_1_251' title='bbox 1266 2903 1391 2965; x_wconf 83' lang='lat' dir='ltr'><strong>visionis</strong></span> <span class='ocrx_word' id='word_1_252' title='bbox 1413 2906 1498 2969; x_wconf 85' lang='lat' dir='ltr'><strong>FAD</strong></span> 
     </span>
     <span class='ocr_line' id='line_1_30' title="bbox 148 2991 1498 3074; baseline 0.002 -21"><span class='ocrx_word' id='word_1_253' title='bbox 148 2993 203 3054; x_wconf 81' lang='lat' dir='ltr'><strong>val</strong></span> <span class='ocrx_word' id='word_1_254' title='bbox 224 2991 308 3053; x_wconf 76' lang='grc' dir='ltr'><strong>ΓΑΕ</strong></span> <span class='ocrx_word' id='word_1_255' title='bbox 332 3011 414 3054; x_wconf 90' lang='lat' dir='ltr'><strong>suum</strong></span> <span class='ocrx_word' id='word_1_256' title='bbox 443 2994 558 3071; x_wconf 86' lang='lat' dir='ltr'><strong>justum</strong></span> <span class='ocrx_word' id='word_1_257' title='bbox 583 3003 699 3074; x_wconf 88' lang='lat' dir='ltr'><strong>tempos</strong></span> <span class='ocrx_word' id='word_1_258' title='bbox 733 2994 981 3055; x_wconf 83' lang='lat' dir='ltr'><strong>denominationis</strong></span> <span class='ocrx_word' id='word_1_259' title='bbox 1013 2993 1243 3055; x_wconf 88' lang='lat' dir='ltr'><strong>astronomicae.</strong></span> <span class='ocrx_word' id='word_1_260' title='bbox 1290 2992 1433 3055; x_wconf 86' lang='lat' dir='ltr'><strong>Vicissim</strong></span> <span class='ocrx_word' id='word_1_261' title='bbox 1457 2995 1498 3057; x_wconf 89' lang='lat' dir='ltr'><strong>sit</strong></span> 
     </span>
     <span class='ocr_line' id='line_1_31' title="bbox 148 3080 1496 3163; baseline 0 -18"><span class='ocrx_word' id='word_1_262' title='bbox 148 3080 279 3163; x_wconf 72' lang='lat' dir='ltr'><strong>planeta</strong></span> <span class='ocrx_word' id='word_1_263' title='bbox 300 3100 371 3143; x_wconf 87' lang='lat' dir='ltr'><strong>vero</strong></span> <span class='ocrx_word' id='word_1_264' title='bbox 395 3091 477 3145; x_wconf 91' lang='lat' dir='ltr'><strong>motu</strong></span> <span class='ocrx_word' id='word_1_265' title='bbox 501 3083 564 3156; x_wconf 90' lang='lat' dir='ltr'><strong>(vel</strong></span> <span class='ocrx_word' id='word_1_266' title='bbox 587 3102 680 3163; x_wconf 89' lang='lat' dir='ltr'><strong>prope</strong></span> <span class='ocrx_word' id='word_1_267' title='bbox 703 3101 788 3155; x_wconf 91' lang='lat' dir='ltr'><strong>vero,</strong></span> <span class='ocrx_word' id='word_1_268' title='bbox 819 3084 856 3145; x_wconf 95' lang='lat' dir='ltr'><strong>de</strong></span> <span class='ocrx_word' id='word_1_269' title='bbox 881 3083 1047 3145; x_wconf 86' lang='lat' dir='ltr'><strong>variatione</strong></span> <span class='ocrx_word' id='word_1_270' title='bbox 1074 3082 1153 3145; x_wconf 89' lang='lat' dir='ltr'><strong>enim</strong></span> <span class='ocrx_word' id='word_1_271' title='bbox 1181 3082 1297 3144; x_wconf 88' lang='lat' dir='ltr'><strong>dicetur</strong></span> <span class='ocrx_word' id='word_1_272' title='bbox 1324 3082 1451 3158; x_wconf 87' lang='lat' dir='ltr'><strong>ultimo).</strong></span> <span class='ocrx_word' id='word_1_273' title='bbox 1467 3082 1496 3145; x_wconf 91' lang='lat' dir='ltr'><strong>in</strong></span> 
     </span>
    </p>
   </div>
   <div class='ocr_carea' id='block_1_3' title="bbox 148 3167 1604 3255">
    <p class='ocr_par' dir='ltr' id='par_1_11' title="bbox 148 3167 1604 3255">
     <span class='ocr_line' id='line_1_32' title="bbox 148 3167 1604 3255; baseline 0 -21"><span class='ocrx_word' id='word_1_274' title='bbox 148 3169 250 3234; x_wconf 80' lang='lat' dir='ltr'><strong>Fvel</strong></span> <span class='ocrx_word' id='word_1_275' title='bbox 275 3169 304 3232; x_wconf 89' lang='lat' dir='ltr'>G</span> <span class='ocrx_word' id='word_1_276' title='bbox 328 3167 393 3233; x_wconf 91' lang='lat' dir='ltr'><strong>Soli</strong></span> <span class='ocrx_word' id='word_1_277' title='bbox 426 3171 581 3255; x_wconf 88' lang='lat' dir='ltr'><strong>oppositus</strong></span> <span class='ocrx_word' id='word_1_278' title='bbox 613 3172 660 3232; x_wconf 93' lang='lat' dir='ltr'><strong>vel</strong></span> <span class='ocrx_word' id='word_1_279' title='bbox 694 3172 879 3251; x_wconf 90' lang='lat' dir='ltr'><strong>conjunctus.</strong></span> <span class='ocrx_word' id='word_1_280' title='bbox 925 3172 982 3234; x_wconf 88' lang='lat' dir='ltr'><strong>Hic</strong></span> <span class='ocrx_word' id='word_1_281' title='bbox 1015 3171 1086 3252; x_wconf 89' lang='lat' dir='ltr'><strong>qnia</strong></span> <span class='ocrx_word' id='word_1_282' title='bbox 1117 3171 1214 3234; x_wconf 86' lang='lat' dir='ltr'><strong>lineae</strong></span> <span class='ocrx_word' id='word_1_283' title='bbox 1237 3170 1303 3245; x_wconf 81' lang='lat' dir='ltr'><strong>AF,</strong></span> <span class='ocrx_word' id='word_1_284' title='bbox 1327 3170 1393 3243; x_wconf 80' lang='lat' dir='ltr'><strong>CF,</strong></span> <span class='ocrx_word' id='word_1_285' title='bbox 1426 3172 1498 3234; x_wconf 90' lang='lat' dir='ltr'><strong>item</strong></span> <span class='ocrx_word' id='word_1_286' title='bbox 1600 3200 1604 3205; x_wconf 96' lang='lat'>·</span> 
     </span>
    </p>
   </div>
   <div class='ocr_carea' id='block_1_4' title="bbox 148 3254 1497 3340">
    <p class='ocr_par' dir='ltr' id='par_1_12' title="bbox 148 3254 1497 3340">
     <span class='ocr_line' id='line_1_33' title="bbox 148 3254 1497 3340; baseline 0 -17"><span class='ocrx_word' id='word_1_287' title='bbox 148 3254 225 3333; x_wconf 74' lang='lat' dir='ltr'><strong>AG,</strong></span> <span class='ocrx_word' id='word_1_288' title='bbox 251 3256 307 3323; x_wconf 84' lang='lat' dir='ltr'><strong>OG</strong></span> <span class='ocrx_word' id='word_1_289' title='bbox 336 3259 519 3334; x_wconf 84' lang='lat' dir='ltr'><strong>coincidunt,</strong></span> <span class='ocrx_word' id='word_1_290' title='bbox 550 3268 704 3322; x_wconf 89' lang='lat' dir='ltr'><strong>menstrua</strong></span> <span class='ocrx_word' id='word_1_291' title='bbox 735 3262 875 3340; x_wconf 89' lang='lat' dir='ltr'><strong>aequatio</strong></span> <span class='ocrx_word' id='word_1_292' title='bbox 899 3269 949 3322; x_wconf 90' lang='lat' dir='ltr'><strong>est</strong></span> <span class='ocrx_word' id='word_1_293' title='bbox 971 3261 1066 3334; x_wconf 91' lang='lat' dir='ltr'><strong>nulia,</strong></span> <span class='ocrx_word' id='word_1_294' title='bbox 1092 3269 1140 3322; x_wconf 89' lang='lat' dir='ltr'><strong>est</strong></span> <span class='ocrx_word' id='word_1_295' title='bbox 1162 3278 1233 3321; x_wconf 88' lang='lat' dir='ltr'><strong>vero</strong></span> <span class='ocrx_word' id='word_1_296' title='bbox 1257 3259 1357 3340; x_wconf 87' lang='lat' dir='ltr'><strong>aliqua</strong></span> <span class='ocrx_word' id='word_1_297' title='bbox 1380 3261 1497 3323; x_wconf 89' lang='lat' dir='ltr'><strong>solutae</strong></span> 
     </span>
    </p>
   </div>
   <div class='ocr_carea' id='block_1_5' title="bbox 149 3347 1588 3429">
    <p class='ocr_par' dir='ltr' id='par_1_13' title="bbox 149 3347 1588 3429">
     <span class='ocr_line' id='line_1_34' title="bbox 149 3347 1588 3429; baseline 0 -17"><span class='ocrx_word' id='word_1_298' title='bbox 149 3347 389 3428; x_wconf 83' lang='lat' dir='ltr'><strong>inaequalitatis,</strong></span> <span class='ocrx_word' id='word_1_299' title='bbox 406 3358 554 3411; x_wconf 76' lang='lat' dir='ltr'><strong>constans</strong></span> <span class='ocrx_word' id='word_1_300' title='bbox 579 3348 694 3410; x_wconf 89' lang='lat' dir='ltr'><strong>duabus</strong></span> <span class='ocrx_word' id='word_1_301' title='bbox 716 3348 863 3429; x_wconf 88' lang='lat' dir='ltr'><strong>partibus,</strong></span> <span class='ocrx_word' id='word_1_302' title='bbox 887 3350 976 3428; x_wconf 89' lang='lat' dir='ltr'><strong>plane</strong></span> <span class='ocrx_word' id='word_1_303' title='bbox 1000 3357 1033 3410; x_wconf 90' lang='lat' dir='ltr'><strong>ut</strong></span> <span class='ocrx_word' id='word_1_304' title='bbox 1056 3348 1085 3408; x_wconf 92' lang='lat' dir='ltr'><strong>in</strong></span> <span class='ocrx_word' id='word_1_305' title='bbox 1109 3349 1240 3428; x_wconf 86' lang='lat' dir='ltr'><strong>planetis</strong></span> <span class='ocrx_word' id='word_1_306' title='bbox 1263 3348 1381 3411; x_wconf 84' lang='lat' dir='ltr'><strong>ceteris.</strong></span> <span class='ocrx_word' id='word_1_307' title='bbox 1411 3350 1497 3412; x_wconf 63' lang='lat' dir='ltr'><strong>&#39;Pars</strong></span> <span class='ocrx_word' id='word_1_308' title='bbox 1583 3415 1588 3426; x_wconf 65' lang='lat'>‚</span> 
     </span>
    </p>
   </div>
   <div class='ocr_carea' id='block_1_6' title="bbox 145 3436 1533 4944">
    <p class='ocr_par' dir='ltr' id='par_1_14' title="bbox 145 3436 1533 4675">
     <span class='ocr_line' id='line_1_35' title="bbox 150 3436 1533 3519; baseline 0.001 -20"><span class='ocrx_word' id='word_1_309' title='bbox 150 3436 233 3517; x_wconf 69' lang='lat' dir='ltr'><strong>enim</strong></span> <span class='ocrx_word' id='word_1_310' title='bbox 256 3438 444 3519; x_wconf 88' lang='lat' dir='ltr'><strong>aequatiouis</strong></span> <span class='ocrx_word' id='word_1_311' title='bbox 468 3438 569 3518; x_wconf 89' lang='lat' dir='ltr'><strong>optica</strong></span> <span class='ocrx_word' id='word_1_312' title='bbox 592 3446 640 3500; x_wconf 89' lang='lat' dir='ltr'><strong>est</strong></span> <span class='ocrx_word' id='word_1_313' title='bbox 662 3438 744 3499; x_wconf 72' lang='grc' dir='ltr'><strong>ΒΕΑ</strong></span> <span class='ocrx_word' id='word_1_314' title='bbox 769 3439 816 3499; x_wconf 93' lang='lat' dir='ltr'><strong>vel</strong></span> <span class='ocrx_word' id='word_1_315' title='bbox 838 3436 929 3501; x_wconf 85' lang='lat' dir='ltr'><strong>BGA</strong></span> <span class='ocrx_word' id='word_1_316' title='bbox 952 3438 1089 3519; x_wconf 88' lang='lat' dir='ltr'><strong>angulus,</strong></span> <span class='ocrx_word' id='word_1_317' title='bbox 1114 3456 1184 3517; x_wconf 90' lang='lat' dir='ltr'><strong>pars</strong></span> <span class='ocrx_word' id='word_1_318' title='bbox 1208 3437 1333 3519; x_wconf 87' lang='lat' dir='ltr'><strong>physica</strong></span> <span class='ocrx_word' id='word_1_319' title='bbox 1356 3444 1403 3500; x_wconf 87' lang='lat' dir='ltr'><strong>est</strong></span> <span class='ocrx_word' id='word_1_320' title='bbox 1426 3457 1498 3500; x_wconf 89' lang='lat' dir='ltr'><strong>area</strong></span> <span class='ocrx_word' id='word_1_321' title='bbox 1522 3480 1533 3490; x_wconf 83' lang='lat'>-</span> 
     </span>
     <span class='ocr_line' id='line_1_36' title="bbox 145 3524 1498 3607; baseline -0.004 -14"><span class='ocrx_word' id='word_1_322' title='bbox 145 3525 237 3593; x_wconf 66' lang='grc' dir='ltr'><strong>ΒΓΑ</strong></span> <span class='ocrx_word' id='word_1_323' title='bbox 259 3526 308 3587; x_wconf 93' lang='lat' dir='ltr'><strong>vel</strong></span> <span class='ocrx_word' id='word_1_324' title='bbox 331 3524 420 3588; x_wconf 84' lang='lat' dir='ltr'><strong>BGA</strong></span> <span class='ocrx_word' id='word_1_325' title='bbox 449 3527 478 3589; x_wconf 92' lang='lat' dir='ltr'><strong>in</strong></span> <span class='ocrx_word' id='word_1_326' title='bbox 501 3528 613 3607; x_wconf 88' lang='lat' dir='ltr'><strong>gradus</strong></span> <span class='ocrx_word' id='word_1_327' title='bbox 644 3526 810 3587; x_wconf 89' lang='lat' dir='ltr'><strong>anomaliae</strong></span> <span class='ocrx_word' id='word_1_328' title='bbox 841 3527 957 3588; x_wconf 87' lang='lat' dir='ltr'><strong>mediae</strong></span> <span class='ocrx_word' id='word_1_329' title='bbox 985 3544 1149 3588; x_wconf 86' lang='lat' dir='ltr'><strong>conversa:</strong></span> <span class='ocrx_word' id='word_1_330' title='bbox 1179 3534 1212 3587; x_wconf 91' lang='lat' dir='ltr'><strong>nt</strong></span> <span class='ocrx_word' id='word_1_331' title='bbox 1242 3527 1286 3588; x_wconf 90' lang='lat' dir='ltr'><strong>sic</strong></span> <span class='ocrx_word' id='word_1_332' title='bbox 1309 3526 1396 3589; x_wconf 88' lang='lat' dir='ltr'><strong>Luna</strong></span> <span class='ocrx_word' id='word_1_333' title='bbox 1419 3526 1498 3589; x_wconf 85' lang='lat' dir='ltr'><strong>inF</strong></span> 
     </span>
     <span class='ocr_line' id='line_1_37' title="bbox 149 3613 1498 3698; baseline 0 -21"><span class='ocrx_word' id='word_1_334' title='bbox 149 3614 256 3698; x_wconf 85' lang='lat' dir='ltr'><strong>posita</strong></span> <span class='ocrx_word' id='word_1_335' title='bbox 279 3623 431 3695; x_wconf 88' lang='lat' dir='ltr'><strong>competat</strong></span> <span class='ocrx_word' id='word_1_336' title='bbox 453 3619 562 3698; x_wconf 91' lang='lat' dir='ltr'><strong>angulo</strong></span> <span class='ocrx_word' id='word_1_337' title='bbox 586 3614 669 3678; x_wconf 69' lang='grc' dir='ltr'><strong>ΓΑΒ</strong></span> <span class='ocrx_word' id='word_1_338' title='bbox 697 3623 814 3695; x_wconf 89' lang='lat' dir='ltr'><strong>tempus</strong></span> <span class='ocrx_word' id='word_1_339' title='bbox 847 3635 898 3677; x_wconf 88' lang='lat' dir='ltr'><strong>seu</strong></span> <span class='ocrx_word' id='word_1_340' title='bbox 929 3613 1080 3677; x_wconf 90' lang='lat' dir='ltr'><strong>anomalia</strong></span> <span class='ocrx_word' id='word_1_341' title='bbox 1108 3615 1220 3687; x_wconf 89' lang='lat' dir='ltr'><strong>media,</strong></span> <span class='ocrx_word' id='word_1_342' title='bbox 1250 3622 1393 3696; x_wconf 91' lang='lat' dir='ltr'><strong>quantam</strong></span> <span class='ocrx_word' id='word_1_343' title='bbox 1415 3616 1498 3678; x_wconf 87' lang='lat' dir='ltr'><strong>vaiet</strong></span> 
     </span>
     <span class='ocr_line' id='line_1_38' title="bbox 150 3702 1496 3785; baseline -0.001 -16"><span class='ocrx_word' id='word_1_344' title='bbox 150 3723 228 3769; x_wconf 78' lang='lat' dir='ltr'><strong>area</strong></span> <span class='ocrx_word' id='word_1_345' title='bbox 255 3705 350 3768; x_wconf 83' lang='lat' dir='ltr'><strong>AFD.</strong></span> <span class='ocrx_word' id='word_1_346' title='bbox 405 3706 489 3767; x_wconf 89' lang='lat' dir='ltr'><strong>Haec</strong></span> <span class='ocrx_word' id='word_1_347' title='bbox 521 3704 599 3767; x_wconf 91' lang='lat' dir='ltr'><strong>enim</strong></span> <span class='ocrx_word' id='word_1_348' title='bbox 631 3704 709 3767; x_wconf 90' lang='lat' dir='ltr'><strong>ratio</strong></span> <span class='ocrx_word' id='word_1_349' title='bbox 743 3705 953 3785; x_wconf 90' lang='lat' dir='ltr'><strong>aequationum</strong></span> <span class='ocrx_word' id='word_1_350' title='bbox 991 3703 1108 3766; x_wconf 88' lang='lat' dir='ltr'><strong>ducitur</strong></span> <span class='ocrx_word' id='word_1_351' title='bbox 1138 3723 1175 3765; x_wconf 81' lang='lat' dir='ltr'><strong>ex</strong></span> <span class='ocrx_word' id='word_1_352' title='bbox 1207 3702 1366 3783; x_wconf 86' lang='lat' dir='ltr'><strong>ipsissimis</strong></span> <span class='ocrx_word' id='word_1_353' title='bbox 1396 3705 1496 3768; x_wconf 88' lang='lat' dir='ltr'><strong>causis</strong></span> 
     </span>
     <span class='ocr_line' id='line_1_39' title="bbox 151 3792 1496 3878; baseline -0.001 -21"><span class='ocrx_word' id='word_1_354' title='bbox 151 3801 288 3857; x_wconf 85' lang='lat' dir='ltr'><strong>motuum</strong></span> <span class='ocrx_word' id='word_1_355' title='bbox 315 3794 502 3878; x_wconf 82' lang='lat' dir='ltr'><strong>naturalibus</strong></span> <span class='ocrx_word' id='word_1_356' title='bbox 529 3814 583 3875; x_wconf 91' lang='lat' dir='ltr'><strong>per</strong></span> <span class='ocrx_word' id='word_1_357' title='bbox 610 3793 884 3856; x_wconf 88' lang='lat' dir='ltr'><strong>demonstrationes</strong></span> <span class='ocrx_word' id='word_1_358' title='bbox 917 3792 1102 3855; x_wconf 86' lang='lat' dir='ltr'><strong>firmissimas</strong></span> <span class='ocrx_word' id='word_1_359' title='bbox 1131 3801 1162 3855; x_wconf 92' lang='lat' dir='ltr'><strong>et</strong></span> <span class='ocrx_word' id='word_1_360' title='bbox 1190 3792 1412 3868; x_wconf 90' lang='lat' dir='ltr'><strong>ineluctabiles,</strong></span> <span class='ocrx_word' id='word_1_361' title='bbox 1441 3812 1496 3855; x_wconf 88' lang='lat' dir='ltr'><strong>nec</strong></span> 
     </span>
     <span class='ocr_line' id='line_1_40' title="bbox 151 3880 1496 3963; baseline -0.002 -16"><span class='ocrx_word' id='word_1_362' title='bbox 151 3890 204 3947; x_wconf 80' lang='lat' dir='ltr'><strong>eat</strong></span> <span class='ocrx_word' id='word_1_363' title='bbox 225 3882 392 3952; x_wconf 87' lang='lat' dir='ltr'><strong>arbitraria,</strong></span> <span class='ocrx_word' id='word_1_364' title='bbox 416 3902 471 3945; x_wconf 91' lang='lat' dir='ltr'><strong>nec</strong></span> <span class='ocrx_word' id='word_1_365' title='bbox 493 3892 596 3963; x_wconf 90' lang='lat' dir='ltr'><strong>potest</strong></span> <span class='ocrx_word' id='word_1_366' title='bbox 618 3883 680 3945; x_wconf 90' lang='lat' dir='ltr'><strong>nlla</strong></span> <span class='ocrx_word' id='word_1_367' title='bbox 703 3881 936 3963; x_wconf 85' lang='lat' dir='ltr'><strong>aequipollentia</strong></span> <span class='ocrx_word' id='word_1_368' title='bbox 957 3883 1046 3962; x_wconf 88' lang='lat' dir='ltr'><strong>plane</strong></span> <span class='ocrx_word' id='word_1_369' title='bbox 1070 3880 1146 3950; x_wconf 87' lang='lat' dir='ltr'><strong>tolli,</strong></span> <span class='ocrx_word' id='word_1_370' title='bbox 1170 3901 1223 3943; x_wconf 92' lang='lat' dir='ltr'><strong>nec</strong></span> <span class='ocrx_word' id='word_1_371' title='bbox 1247 3882 1328 3944; x_wconf 91' lang='lat' dir='ltr'><strong>cedit</strong></span> <span class='ocrx_word' id='word_1_372' title='bbox 1350 3881 1496 3945; x_wconf 78' lang='lat' dir='ltr'><strong>facilitate</strong></span> 
     </span>
     <span class='ocr_line' id='line_1_41' title="bbox 151 3970 1496 4054; baseline -0.004 -17"><span class='ocrx_word' id='word_1_373' title='bbox 151 3972 348 4053; x_wconf 83' lang='lat' dir='ltr'><strong>computandi</strong></span> <span class='ocrx_word' id='word_1_374' title='bbox 371 3973 516 4054; x_wconf 91' lang='lat' dir='ltr'><strong>cuiqnam.</strong></span> <span class='ocrx_word' id='word_1_375' title='bbox 562 3973 597 4035; x_wconf 91' lang='lat' dir='ltr'><strong>Id</strong></span> <span class='ocrx_word' id='word_1_376' title='bbox 620 3972 675 4034; x_wconf 92' lang='lat' dir='ltr'><strong>tibi</strong></span> <span class='ocrx_word' id='word_1_377' title='bbox 699 3971 787 4034; x_wconf 80' lang='lat' dir='ltr'><strong>facile</strong></span> <span class='ocrx_word' id='word_1_378' title='bbox 820 3971 879 4033; x_wconf 91' lang='lat' dir='ltr'><strong>erit</strong></span> <span class='ocrx_word' id='word_1_379' title='bbox 908 3972 1084 4052; x_wconf 84' lang='lat' dir='ltr'><strong>explorare,</strong></span> <span class='ocrx_word' id='word_1_380' title='bbox 1117 3970 1144 4032; x_wconf 95' lang='lat' dir='ltr'><strong>si</strong></span> <span class='ocrx_word' id='word_1_381' title='bbox 1167 3970 1224 4050; x_wconf 91' lang='lat' dir='ltr'><strong>ipsi</strong></span> <span class='ocrx_word' id='word_1_382' title='bbox 1246 3972 1303 4033; x_wconf 90' lang='lat' dir='ltr'><strong>AB</strong></span> <span class='ocrx_word' id='word_1_383' title='bbox 1328 3971 1496 4033; x_wconf 86' lang='lat' dir='ltr'><strong>constituas</strong></span> 
     </span>
     <span class='ocr_line' id='line_1_42' title="bbox 151 4058 1520 4145; baseline -0.003 -22"><span class='ocrx_word' id='word_1_384' title='bbox 151 4062 312 4145; x_wconf 80' lang='lat' dir='ltr'><strong>aequalem</strong></span> <span class='ocrx_word' id='word_1_385' title='bbox 328 4060 394 4136; x_wconf 87' lang='lat' dir='ltr'><strong>BR,</strong></span> <span class='ocrx_word' id='word_1_386' title='bbox 418 4070 452 4124; x_wconf 92' lang='lat' dir='ltr'><strong>nt</strong></span> <span class='ocrx_word' id='word_1_387' title='bbox 467 4060 550 4123; x_wconf 87' lang='lat' dir='ltr'><strong>sitR</strong></span> <span class='ocrx_word' id='word_1_388' title='bbox 569 4069 702 4123; x_wconf 88' lang='lat' dir='ltr'><strong>centmm</strong></span> <span class='ocrx_word' id='word_1_389' title='bbox 725 4060 893 4142; x_wconf 83' lang='lat' dir='ltr'><strong>aequantia,</strong></span> <span class='ocrx_word' id='word_1_390' title='bbox 917 4060 1045 4141; x_wconf 83' lang='lat' dir='ltr'><strong>angulus</strong></span> <span class='ocrx_word' id='word_1_391' title='bbox 1068 4058 1186 4140; x_wconf 90' lang='lat' dir='ltr'><strong>quidem</strong></span> <span class='ocrx_word' id='word_1_392' title='bbox 1200 4058 1285 4122; x_wconf 74' lang='grc' dir='ltr'><strong>ΕΗΒ</strong></span> <span class='ocrx_word' id='word_1_393' title='bbox 1300 4078 1359 4122; x_wconf 89' lang='grc' dir='ltr'>ιιοιι</span> <span class='ocrx_word' id='word_1_394' title='bbox 1372 4060 1520 4121; x_wconf 67' lang='lat' dir='ltr'><strong>multumt</strong></span> 
     </span>
     <span class='ocr_line' id='line_1_43' title="bbox 152 4147 1496 4230; baseline -0.006 -13"><span class='ocrx_word' id='word_1_395' title='bbox 152 4148 276 4217; x_wconf 76' lang='lat' dir='ltr'><strong>differet</strong></span> <span class='ocrx_word' id='word_1_396' title='bbox 298 4172 317 4212; x_wconf 94' lang='lat' dir='ltr'><strong>a</strong></span> <span class='ocrx_word' id='word_1_397' title='bbox 335 4151 437 4213; x_wconf 88' lang='lat' dir='ltr'><strong>valore</strong></span> <span class='ocrx_word' id='word_1_398' title='bbox 459 4170 548 4213; x_wconf 86' lang='lat' dir='ltr'><strong>areae</strong></span> <span class='ocrx_word' id='word_1_399' title='bbox 564 4150 660 4225; x_wconf 84' lang='grc' dir='ltr'><strong>ΒΗΑ,</strong></span> <span class='ocrx_word' id='word_1_400' title='bbox 684 4158 718 4210; x_wconf 92' lang='lat' dir='ltr'><strong>at</strong></span> <span class='ocrx_word' id='word_1_401' title='bbox 731 4150 819 4229; x_wconf 89' lang='lat' dir='ltr'><strong>longe</strong></span> <span class='ocrx_word' id='word_1_402' title='bbox 842 4149 995 4213; x_wconf 86' lang='lat' dir='ltr'><strong>difficilius</strong></span> <span class='ocrx_word' id='word_1_403' title='bbox 1019 4148 1244 4230; x_wconf 89' lang='lat' dir='ltr'><strong>computabitur,</strong></span> <span class='ocrx_word' id='word_1_404' title='bbox 1270 4166 1325 4209; x_wconf 92' lang='lat' dir='ltr'><strong>nec</strong></span> <span class='ocrx_word' id='word_1_405' title='bbox 1348 4147 1496 4209; x_wconf 90' lang='lat' dir='ltr'><strong>ullatenus</strong></span> 
     </span>
     <span class='ocr_line' id='line_1_44' title="bbox 152 4236 1495 4320; baseline -0.004 -15"><span class='ocrx_word' id='word_1_406' title='bbox 152 4239 293 4305; x_wconf 85' lang='lat' dir='ltr'><strong>intendet</strong></span> <span class='ocrx_word' id='word_1_407' title='bbox 315 4238 440 4319; x_wconf 88' lang='lat' dir='ltr'><strong>digitum</strong></span> <span class='ocrx_word' id='word_1_408' title='bbox 464 4240 493 4301; x_wconf 93' lang='lat' dir='ltr'><strong>in</strong></span> <span class='ocrx_word' id='word_1_409' title='bbox 516 4258 625 4302; x_wconf 90' lang='lat' dir='ltr'><strong>causas</strong></span> <span class='ocrx_word' id='word_1_410' title='bbox 647 4237 803 4320; x_wconf 85' lang='lat' dir='ltr'><strong>physicas,</strong></span> <span class='ocrx_word' id='word_1_411' title='bbox 835 4239 935 4301; x_wconf 89' lang='lat' dir='ltr'><strong>demto</strong></span> <span class='ocrx_word' id='word_1_412' title='bbox 960 4240 1016 4301; x_wconf 88' lang='lat' dir='ltr'><strong>hoc</strong></span> <span class='ocrx_word' id='word_1_413' title='bbox 1042 4239 1137 4312; x_wconf 89' lang='lat' dir='ltr'><strong>unico,</strong></span> <span class='ocrx_word' id='word_1_414' title='bbox 1162 4236 1239 4318; x_wconf 93' lang='lat' dir='ltr'><strong>qnod</strong></span> <span class='ocrx_word' id='word_1_415' title='bbox 1261 4236 1357 4316; x_wconf 86' lang='lat' dir='ltr'><strong>prirno</strong></span> <span class='ocrx_word' id='word_1_416' title='bbox 1381 4255 1495 4316; x_wconf 90' lang='lat' dir='ltr'><strong>ponen-</strong></span> 
     </span>
     <span class='ocr_line' id='line_1_45' title="bbox 153 4325 1496 4409; baseline -0.006 -15"><span class='ocrx_word' id='word_1_417' title='bbox 153 4330 214 4394; x_wconf 81' lang='lat' dir='ltr'><strong>dus</strong></span> <span class='ocrx_word' id='word_1_418' title='bbox 236 4338 285 4392; x_wconf 90' lang='lat' dir='ltr'><strong>est</strong></span> <span class='ocrx_word' id='word_1_419' title='bbox 316 4348 405 4392; x_wconf 88' lang='lat' dir='ltr'><strong>arcus</strong></span> <span class='ocrx_word' id='word_1_420' title='bbox 437 4327 595 4391; x_wconf 86' lang='lat' dir='ltr'><strong>eccentrici</strong></span> <span class='ocrx_word' id='word_1_421' title='bbox 617 4328 686 4401; x_wconf 89' lang='lat' dir='ltr'><strong>DF,</strong></span> <span class='ocrx_word' id='word_1_422' title='bbox 722 4326 829 4389; x_wconf 90' lang='lat' dir='ltr'><strong>deiude</strong></span> <span class='ocrx_word' id='word_1_423' title='bbox 861 4347 898 4388; x_wconf 80' lang='lat' dir='ltr'><strong>ex</strong></span> <span class='ocrx_word' id='word_1_424' title='bbox 920 4348 979 4390; x_wconf 92' lang='lat' dir='ltr'><strong>nna</strong></span> <span class='ocrx_word' id='word_1_425' title='bbox 1008 4337 1094 4409; x_wconf 88' lang='lat' dir='ltr'><strong>parte</strong></span> <span class='ocrx_word' id='word_1_426' title='bbox 1126 4326 1338 4406; x_wconf 88' lang='lat' dir='ltr'><strong>computandus</strong></span> <span class='ocrx_word' id='word_1_427' title='bbox 1369 4325 1496 4407; x_wconf 87' lang='lat' dir='ltr'><strong>angulus</strong></span> 
     </span>
     <span class='ocr_line' id='line_1_46' title="bbox 153 4414 1497 4499; baseline -0.006 -16"><span class='ocrx_word' id='word_1_428' title='bbox 153 4416 242 4495; x_wconf 74' lang='grc' dir='ltr'><strong>ΠΛΡ</strong></span> <span class='ocrx_word' id='word_1_429' title='bbox 264 4418 469 4499; x_wconf 88' lang='lat' dir='ltr'><strong>apparentiae,</strong></span> <span class='ocrx_word' id='word_1_430' title='bbox 492 4437 530 4479; x_wconf 86' lang='lat' dir='ltr'><strong>ex</strong></span> <span class='ocrx_word' id='word_1_431' title='bbox 552 4419 649 4479; x_wconf 89' lang='lat' dir='ltr'><strong>altera</strong></span> <span class='ocrx_word' id='word_1_432' title='bbox 670 4425 756 4495; x_wconf 92' lang='lat' dir='ltr'><strong>parte</strong></span> <span class='ocrx_word' id='word_1_433' title='bbox 781 4436 853 4478; x_wconf 90' lang='lat' dir='ltr'><strong>area</strong></span> <span class='ocrx_word' id='word_1_434' title='bbox 874 4418 960 4481; x_wconf 84' lang='lat' dir='ltr'><strong>FDA</strong></span> <span class='ocrx_word' id='word_1_435' title='bbox 983 4414 1149 4478; x_wconf 89' lang='lat' dir='ltr'><strong>anomaliae</strong></span> <span class='ocrx_word' id='word_1_436' title='bbox 1173 4415 1237 4495; x_wconf 88' lang='lat' dir='ltr'><strong>ejus</strong></span> <span class='ocrx_word' id='word_1_437' title='bbox 1259 4414 1385 4490; x_wconf 84' lang='lat' dir='ltr'><strong>mediae,</strong></span> <span class='ocrx_word' id='word_1_438' title='bbox 1409 4414 1497 4476; x_wconf 89' lang='lat' dir='ltr'><strong>nnica</strong></span> 
     </span>
     <span class='ocr_line' id='line_1_47' title="bbox 154 4502 1499 4588; baseline -0.006 -15"><span class='ocrx_word' id='word_1_439' title='bbox 154 4507 404 4588; x_wconf 82' lang='lat' dir='ltr'><strong>multiplicatione</strong></span> <span class='ocrx_word' id='word_1_440' title='bbox 428 4508 540 4568; x_wconf 87' lang='lat' dir='ltr'><strong>valoris</strong></span> <span class='ocrx_word' id='word_1_441' title='bbox 563 4505 683 4568; x_wconf 85' lang='lat' dir='ltr'><strong>maximi</strong></span> <span class='ocrx_word' id='word_1_442' title='bbox 707 4505 847 4584; x_wconf 83' lang='lat' dir='ltr'><strong>trianguli</strong></span> <span class='ocrx_word' id='word_1_443' title='bbox 870 4506 901 4567; x_wconf 94' lang='lat' dir='ltr'><strong>in</strong></span> <span class='ocrx_word' id='word_1_444' title='bbox 920 4505 1017 4567; x_wconf 91' lang='lat' dir='ltr'><strong>sinum</strong></span> <span class='ocrx_word' id='word_1_445' title='bbox 1040 4523 1126 4567; x_wconf 86' lang='lat' dir='ltr'><strong>arcus</strong></span> <span class='ocrx_word' id='word_1_446' title='bbox 1139 4503 1211 4566; x_wconf 87' lang='lat' dir='ltr'><strong>FD:</strong></span> <span class='ocrx_word' id='word_1_447' title='bbox 1236 4513 1269 4567; x_wconf 93' lang='lat' dir='ltr'><strong>ut</strong></span> <span class='ocrx_word' id='word_1_448' title='bbox 1283 4503 1326 4565; x_wconf 89' lang='lat' dir='ltr'><strong>ita</strong></span> <span class='ocrx_word' id='word_1_449' title='bbox 1348 4502 1499 4566; x_wconf 87' lang='lat' dir='ltr'><strong>anomalia</strong></span> 
     </span>
     <span class='ocr_line' id='line_1_48' title="bbox 155 4592 1345 4675; baseline -0.007 -14"><span class='ocrx_word' id='word_1_450' title='bbox 155 4592 257 4661; x_wconf 73' lang='lat' dir='ltr'><strong>media</strong></span> <span class='ocrx_word' id='word_1_451' title='bbox 278 4597 363 4659; x_wconf 85' lang='lat' dir='ltr'><strong>FDA</strong></span> <span class='ocrx_word' id='word_1_452' title='bbox 387 4597 469 4671; x_wconf 92' lang='lat' dir='ltr'><strong>data,</strong></span> <span class='ocrx_word' id='word_1_453' title='bbox 492 4616 551 4657; x_wconf 93' lang='lat' dir='ltr'><strong>non</strong></span> <span class='ocrx_word' id='word_1_454' title='bbox 574 4595 615 4656; x_wconf 91' lang='lat' dir='ltr'><strong>sit</strong></span> <span class='ocrx_word' id='word_1_455' title='bbox 638 4593 767 4655; x_wconf 89' lang='lat' dir='ltr'><strong>directus</strong></span> <span class='ocrx_word' id='word_1_456' title='bbox 789 4613 949 4675; x_wconf 88' lang='lat' dir='ltr'><strong>processus</strong></span> <span class='ocrx_word' id='word_1_457' title='bbox 973 4595 1011 4656; x_wconf 93' lang='lat' dir='ltr'><strong>ad</strong></span> <span class='ocrx_word' id='word_1_458' title='bbox 1035 4600 1228 4674; x_wconf 89' lang='lat' dir='ltr'><strong>coaequatam</strong></span> <span class='ocrx_word' id='word_1_459' title='bbox 1252 4592 1345 4656; x_wconf 87' lang='lat' dir='ltr'>FAD.</span> 
     </span>
    </p>

    <p class='ocr_par' dir='ltr' id='par_1_15' title="bbox 156 4680 1497 4944">
     <span class='ocr_line' id='line_1_49' title="bbox 245 4680 1497 4766; baseline -0.003 -18"><span class='ocrx_word' id='word_1_460' title='bbox 245 4686 316 4748; x_wconf 87' lang='lat' dir='ltr'><strong>Jarn</strong></span> <span class='ocrx_word' id='word_1_461' title='bbox 339 4705 410 4749; x_wconf 86' lang='lat' dir='ltr'><strong>vero</strong></span> <span class='ocrx_word' id='word_1_462' title='bbox 434 4683 689 4766; x_wconf 90' lang='lat' dir='ltr'><strong>operaepretium</strong></span> <span class='ocrx_word' id='word_1_463' title='bbox 713 4691 760 4742; x_wconf 89' lang='lat' dir='ltr'><strong>est</strong></span> <span class='ocrx_word' id='word_1_464' title='bbox 787 4683 888 4744; x_wconf 87' lang='lat' dir='ltr'><strong>videre</strong></span> <span class='ocrx_word' id='word_1_465' title='bbox 916 4683 1111 4765; x_wconf 88' lang='lat' dir='ltr'><strong>aequationes</strong></span> <span class='ocrx_word' id='word_1_466' title='bbox 1143 4681 1273 4756; x_wconf 85' lang='lat' dir='ltr'><strong>mixtas,</strong></span> <span class='ocrx_word' id='word_1_467' title='bbox 1305 4689 1339 4743; x_wconf 90' lang='lat' dir='ltr'><strong>nt</strong></span> <span class='ocrx_word' id='word_1_468' title='bbox 1361 4681 1388 4743; x_wconf 92' lang='lat' dir='ltr'><strong>si</strong></span> <span class='ocrx_word' id='word_1_469' title='bbox 1410 4680 1497 4744; x_wconf 83' lang='lat' dir='ltr'><strong>Luna</strong></span> 
     </span>
     <span class='ocr_line' id='line_1_50' title="bbox 156 4768 1494 4853; baseline -0.007 -13"><span class='ocrx_word' id='word_1_470' title='bbox 156 4774 200 4849; x_wconf 78' lang='lat' dir='ltr'><strong>sit</strong></span> <span class='ocrx_word' id='word_1_471' title='bbox 221 4776 252 4838; x_wconf 89' lang='lat' dir='ltr'><strong>in</strong></span> <span class='ocrx_word' id='word_1_472' title='bbox 275 4776 314 4852; x_wconf 91' lang='lat' dir='ltr'><strong>H,</strong></span> <span class='ocrx_word' id='word_1_473' title='bbox 339 4775 355 4839; x_wconf 94' lang='lat'>1</span> <span class='ocrx_word' id='word_1_474' title='bbox 378 4775 426 4838; x_wconf 90' lang='lat' dir='ltr'><strong>vel</strong></span> <span class='ocrx_word' id='word_1_475' title='bbox 448 4776 486 4838; x_wconf 89' lang='lat' dir='ltr'><strong>K.</strong></span> <span class='ocrx_word' id='word_1_476' title='bbox 531 4774 588 4837; x_wconf 86' lang='lat' dir='ltr'><strong>Hic</strong></span> <span class='ocrx_word' id='word_1_477' title='bbox 611 4791 666 4853; x_wconf 89' lang='lat' dir='ltr'><strong>ego</strong></span> <span class='ocrx_word' id='word_1_478' title='bbox 688 4770 719 4834; x_wconf 93' lang='lat' dir='ltr'><strong>in</strong></span> <span class='ocrx_word' id='word_1_479' title='bbox 741 4770 941 4852; x_wconf 84' lang='lat' dir='ltr'><strong>Ephemeride</strong></span> <span class='ocrx_word' id='word_1_480' title='bbox 965 4780 997 4835; x_wconf 88' lang='lat' dir='ltr'><strong>et</strong></span> <span class='ocrx_word' id='word_1_481' title='bbox 1011 4772 1156 4835; x_wconf 88' lang='lat' dir='ltr'><strong>hactenus</strong></span> <span class='ocrx_word' id='word_1_482' title='bbox 1178 4770 1325 4850; x_wconf 90' lang='lat' dir='ltr'><strong>duplicem</strong></span> <span class='ocrx_word' id='word_1_483' title='bbox 1348 4768 1494 4833; x_wconf 86' lang='lat' dir='ltr'><strong>eccentri-</strong></span> 
     </span>
     <span class='ocr_line' id='line_1_51' title="bbox 157 4858 1497 4944; baseline -0.007 -13"><span class='ocrx_word' id='word_1_484' title='bbox 157 4866 283 4931; x_wconf 79' lang='lat' dir='ltr'><strong>eitatem</strong></span> <span class='ocrx_word' id='word_1_485' title='bbox 305 4864 444 4929; x_wconf 85' lang='lat' dir='ltr'><strong>adhibui:</strong></span> <span class='ocrx_word' id='word_1_486' title='bbox 469 4864 524 4927; x_wconf 91' lang='lat' dir='ltr'><strong>sed</strong></span> <span class='ocrx_word' id='word_1_487' title='bbox 545 4860 726 4944; x_wconf 85' lang='lat' dir='ltr'><strong>deprehendi</strong></span> <span class='ocrx_word' id='word_1_488' title='bbox 749 4860 878 4941; x_wconf 88' lang='lat' dir='ltr'><strong>eclipses</strong></span> <span class='ocrx_word' id='word_1_489' title='bbox 906 4860 989 4924; x_wconf 86' lang='lat' dir='ltr'><strong>iliam</strong></span> <span class='ocrx_word' id='word_1_490' title='bbox 1012 4880 1070 4925; x_wconf 92' lang='lat' dir='ltr'><strong>nnn</strong></span> <span class='ocrx_word' id='word_1_491' title='bbox 1093 4860 1181 4925; x_wconf 80' lang='lat' dir='ltr'><strong>serre.</strong></span> <span class='ocrx_word' id='word_1_492' title='bbox 1226 4858 1306 4923; x_wconf 86' lang='lat' dir='ltr'><strong>Nam</strong></span> <span class='ocrx_word' id='word_1_493' title='bbox 1329 4859 1360 4921; x_wconf 93' lang='lat' dir='ltr'><strong>in</strong></span> <span class='ocrx_word' id='word_1_494' title='bbox 1381 4859 1497 4942; x_wconf 82' lang='lat' dir='ltr'><strong>copulis</strong></span> 
     </span>
    </p>
   </div>
   <div class='ocr_carea' id='block_1_7' title="bbox 0 0 1696 5534">
    <p class='ocr_par' dir='ltr' id='par_1_16' title="bbox 0 0 1696 5534">
     <span class='ocr_line' id='line_1_52' title="bbox 0 0 1696 5534; baseline 0 0"><span class='ocrx_word' id='word_1_495' title='bbox 0 0 1696 5534; x_wconf 95' lang='lat' dir='ltr'><strong> </strong></span> 
     </span>
    </p>
   </div>
  </div>
 </body>
</html>
