3368 5534
175 288 221 365 40
591 288 692 351 iscam
709 295 811 363 chlsrr'
829 289 978 366 alicmmqnc
995 302 1097 351 metrae

174 474 258 539 illam
281 495 449 556 panum
471 475 509 537 de
531 474 650 557 gemino
683 476 791 539 stellae
818 479 962 560 perigaeo
985 478 1086 541 causis
1109 477 1179 540 aliis
1202 475 1449 540 concurrentibus
1466 473 1524 538 ad·

168 565 276 644 jurare
298 573 410 646 potest
456 563 561 628 Simile
583 564 633 627 bis
655 573 704 628 est
725 573 756 628 et
772 568 878 648 procul
896 567 986 631 dubio
1003 586 1041 631 ex
1055 567 1160 629 eadem
1176 586 1269 629 causa
1283 585 1422 640 manans,
1445 564 1525 647 qnod

171 653 366 718 Ptolemaeus
389 653 511 735 ejusque
533 654 584 717 hic
606 652 739 716 imitator
762 655 792 718 in
820 656 882 718 alia
910 655 1071 739 hypothesi
1102 655 1286 737 Copernicus
1304 661 1372 726 (tib.
1394 658 1453 724 vt)
1476 655 1523 716 in·

172 742 353 806 clinationes
374 743 530 824 planorum
555 743 584 805 in
607 742 739 822 planetis
761 744 921 808 libratione
945 745 1155 828 aliqna,quae
1178 746 1220 808 sit
1241 741 1423 806 resolutioni
1440 741 1524 806 Solia

173 831 326 911 daatoyoc,
349 830 509 895 instabiles
531 832 667 894 reddunt.
714 833 749 894 Id
772 833 845 897 mihi
868 853 986 915 semper
1008 835 1138 897 alienum
1161 841 1309 897 enatura
1331 832 1442 907 visum,
1466 828 1524 894 e'tsi

171 921 292 1004 quidem
315 920 507 984 latitudinum
521 921 552 983 in
567 940 633 983 meo
652 920 756 984 libello
771 943 830 985 non
847 924 904 985 feci
918 923 1108 999 mentionem,
1128 932 1161 985 at
1177 918 1358 1003 deprehendi
1374 921 1407 983 in
1421 921 1522 984 Marte

171 1007 396 1074 inclinationem
427 1009 510 1090 plani
542 1011 834 1086 constantissimam,
864 1013 983 1094 quoties
1012 1013 1042 1075 in
1074 1013 1200 1075 eundern
1231 1011 1329 1073 locum
1361 1008 1522 1073 eccentrici

168 1099 315 1174 recurrit,
339 1118 577 1181 quorumcunque
602 1100 697 1163 Terra
720 1101 888 1164 recesserit
926 1103 1010 1165 Idem
1033 1101 1063 1165 in
1078 1103 1197 1164 Venere
1221 1109 1253 1162 et
1267 1100 1419 1162 Mercurio
1442 1100 1523 1161 circa

171 1189 268 1255 nodos
292 1207 394 1251 eornm
417 1189 606 1270 exploratum
628 1190 735 1251 habeo.

258 1278 342 1340 Haec
375 1277 402 1340 si
424 1278 547 1358 Magius
580 1278 780 1341 solertissime
813 1278 906 1341 fueris
937 1279 1023 1341 unico
1054 1277 1165 1341 mentis
1197 1277 1305 1340 intuitu
1337 1277 1521 1358 complexus,

168 1385 284 1430 mecum
307 1367 442 1448 equidem
467 1374 594 1442 statues,
618 1368 746 1431 omnium
771 1369 789 1432 7
814 1367 1011 1442 theoriarum,
1044 1368 1123 1448 quod
1146 1375 1244 1430 motus
1268 1366 1400 1431 siderum
1424 1364 1522 1428 reales

169 1456 289 1532 attinet,
312 1457 439 1518 formam
458 1475 526 1518 esse
551 1457 640 1536 plane
660 1456 786 1520 eandem
809 1476 932 1538 eamque
954 1455 1207 1538 simplicissimam
1214 1477 1224 1532 ;
1248 1455 1376 1537 quilibet
1394 1454 1521 1516 enimin

169 1565 228 1608 nna
257 1545 443 1609 revolutione
465 1546 743 1608 constantissimum
770 1545 1051 1628 exactissimumque
1074 1546 1217 1608 circulum
1239 1544 1380 1621 decurrit,
1404 1543 1521 1605 tardius

121 1668 124 1673 ·
169 1654 270 1717 supra,
286 1634 421 1698 velocius
439 1635 518 1696 infra
531 1634 603 1697 h.e.
618 1654 710 1716 prope
725 1635 837 1710 Solem,
857 1635 944 1715 idque
961 1656 1019 1697 non
1033 1654 1088 1716 per
1104 1635 1296 1716 phantasiam
1316 1635 1369 1696 sed
1383 1652 1417 1696 re
1438 1651 1520 1693 vera

168 1724 247 1788 Nam
262 1724 365 1806 Tycho
389 1725 481 1786 etiam
504 1724 534 1786 in
548 1725 634 1785 Luna
649 1732 827 1806 aequantem
841 1723 986 1786 adhibuit.
1025 1725 1074 1786 Er
1092 1744 1151 1806 qua
1173 1723 1375 1786 concinnitate
1390 1732 1423 1784 et
1446 1721 1521 1783 sirn-

167 1812 305 1894 plicitate
337 1813 365 1876 h.
392 1833 416 1873 e.
441 1813 624 1894 perfectione
657 1820 790 1875 motuum
821 1813 995 1876 coelestium
1029 1822 1171 1895 quantum
1204 1813 1371 1893 Cepernico
1404 1810 1521 1875 roboris

169 1902 304 1977 accedat,
329 1902 418 1964 facile
440 1901 598 1983 perspicis.
644 1904 724 1965 Nam
747 1903 805 1964 etsi
827 1903 930 1984 Tycho
955 1903 1153 1984 Copernicnm
1176 1922 1263 1984 quain
1286 1903 1424 1983 proxime
1452 1901 1521 1962 imi·

169 1998 251 2053 tatur
273 1999 305 2053 et
327 1999 537 2072 repraesentat
559 1999 676 2055 retenta
699 1993 794 2054 Terra
817 1992 846 2053 in
870 1991 968 2053 medio
992 1991 1151 2073 immobili,
1185 1991 1259 2053 illud
1288 2000 1391 2054 minen
1415 2009 1519 2053 cauere

170 2099 230 2143 non
252 2087 374 2161 potest,
397 2081 468 2162 quin
492 2081 569 2156 vias,
592 2099 646 2162 per
668 2102 744 2162 quas
766 2081 907 2161 planetae
930 2083 961 2144 in
985 2081 1184 2162 liquidissimo
1207 2080 1339 2158 aethere,
1363 2080 1445 2162 qnod
1464 2078 1520 2161 ipsi

168 2169 258 2231 facile
282 2171 388 2243 credo,
418 2179 577 2251 gyrantnr,
601 2171 754 2251 inspiras
776 2170 975 2251 inaequaliter
998 2189 1174 2253 semperque
1198 2170 1288 2232 aliter
1311 2176 1519 2252 contorqueat

167 2261 213 2321 At
234 2278 294 2322 non
318 2258 386 2321 ideo
410 2259 528 2321 facilior
550 2261 602 2321 het
624 2260 766 2322 calculus.
812 2259 883 2321 Jnro
906 2268 1017 2340 quanto
1047 2266 1137 2340 captu
1165 2259 1284 2339 planior
1310 2259 1387 2322 haec
1418 2267 1520 2321 astro·

168 2347 286 2410 nomiae
310 2348 415 2422 forma,
439 2357 525 2433 tapto
548 2357 719 2429 computatn
743 2348 933 2424 laboriosior,
956 2349 1078 2410 inventu
1102 2349 1280 2411 intricatior.

257 2435 346 2509 Quod
369 2438 408 2498 ad
432 2437 634 2500 inventionem
657 2438 782 2511 attinet,
806 2437 969 2517 periculum
993 2437 1021 2499 in
1045 2439 1171 2500 Marte
1195 2438 1267 2514 feci;
1292 2438 1370 2500 unde
1395 2438 1520 2499 demon-

168 2525 348 2591 strationum
371 2525 488 2588 initium
511 2527 642 2589 facerem
665 2546 724 2589 non
746 2526 854 2601 habui,
885 2534 972 2589 erant
1001 2527 1099 2588 omnia
1130 2527 1254 2589 incerta.
1302 2525 1421 2599 Quodsi
1454 2526 1521 2608 quis

168 2615 320 2678 fortunam
341 2615 506 2695 periclitari
531 2624 563 2677 et
584 2622 824 2696 praesupponere
848 2614 949 2697 aliqua
971 2634 1025 2677 ceu
1048 2624 1132 2678 certa
1163 2616 1252 2690 velit,
1282 2635 1377 2697 esque
1407 2635 1521 2696 suppo·

168 2703 277 2768 sitione
300 2704 462 2767 identidem
486 2706 604 2767 variata
626 2706 712 2787 quasi
735 2723 789 2785 per
812 2706 947 2785 regulam
970 2705 1040 2766 falsi
1063 2706 1210 2786 paulatim
1232 2705 1271 2766 ad
1294 2724 1384 2768 veras
1400 2705 1520 2767 dinwn-

167 2792 269 2857 siones
293 2795 488 2868 contendere,
520 2794 566 2856 illi
589 2794 619 2856 in
651 2802 735 2856 tanto
764 2813 885 2856 numero
909 2795 1143 2876 quaerendorum
1174 2815 1234 2857 non
1263 2795 1352 2857 facile
1382 2803 1520 2875 apparet,

167 2902 226 2966 qus
249 2883 279 2944 in
301 2893 388 2963 parta
415 2884 516 2945 lateat
543 2903 640 2959 error3
672 2901 833 2964 processus
865 2903 936 2946 vero
969 2883 1078 2963 singuli
1111 2884 1148 2946 ab
1181 2884 1267 2946 initio
1300 2883 1519 2965 suppositionis

166 2991 261 3054 usqne
292 2973 331 3034 ad
363 2975 451 3035 finem
480 2992 558 3053 pene
590 2973 722 3035 infinitae
755 2973 960 3053 longitudinis.
1025 2975 1130 3056 ltaque
1163 2974 1263 3035 divino
1294 2992 1341 3035 me
1373 2972 1519 3035 beneficio

167 3062 289 3142 Magius
311 3061 575 3142 praestantissime
598 3063 745 3137 afficeres,
770 3062 795 3124 si
818 3082 866 3125 me
890 3064 1013 3126 doceres
1037 3064 1087 3124 via
1110 3063 1239 3125 faciliori
1262 3061 1412 3143 inquirere
1437 3081 1519 3124 corn·

165 3154 283 3232 positas
306 3153 437 3214 eccentri
466 3151 672 3233 aequationes.
718 3152 795 3215 Rem
825 3153 945 3233 quidem
975 3171 1010 3214 eo
1033 3153 1174 3233 perduxi,
1208 3160 1241 3214 ut
1271 3151 1344 3215 mihi
1368 3171 1430 3213 non
1452 3152 1519 3232 plns

165 3239 282 3303 duabus
305 3240 605 3322 multiplicationibus
629 3261 704 3322 opus
728 3242 776 3302 sit
823 3244 869 3304 At
889 3242 960 3303 dum
983 3241 1074 3303 nimia
1092 3241 1255 3322 cupiditate
1275 3241 1356 3302 feror
1371 3241 1402 3301 in
1419 3240 1519 3322 inqui·

166 3329 309 3395 titionem
331 3330 557 3393 verissimarum
579 3330 814 3412 proportionum,
838 3331 958 3392 tabulas
976 3331 1186 3412 aequationum
1201 3329 1301 3392 nullas
1320 3330 1427 3404 condo,
1452 3329 1519 3411 qni·

167 3419 224 3481 hus
247 3418 278 3481 in
301 3419 451 3501 operando
476 3421 629 3483 sublever:
655 3439 721 3482 cum
744 3440 803 3481 non
827 3420 870 3482 ita
892 3438 1018 3500 magnus
1042 3439 1114 3482 sane
1138 3420 1223 3483 labor
1246 3419 1301 3495 sit,
1325 3415 1391 3482 ³60
1413 3417 1519 3482 multi·

167 3508 347 3590 pllcationes
369 3529 424 3592 pro
453 3503 533 3575 180⁰
553 3511 711 3590 perlicere;
745 3509 847 3583 labor,
881 3509 1015 3590 inquam,
1048 3527 1106 3571 non
1137 3510 1181 3575 ita
1203 3527 1344 3590 magnus,
1374 3508 1402 3571 si
1426 3507 1519 3571 semel

166 3597 377 3680 susciperetur.
410 3600 456 3663 At
477 3599 570 3662 toties
593 3617 700 3662 novam
724 3597 852 3663 condere
874 3598 1018 3671 tabulam,
1042 3598 1160 3679 quoties
1183 3607 1320 3662 assumta
1343 3597 1520 3679 symmetria

167 3687 247 3750 falsa
261 3689 501 3770 deprehenditur,
526 3689 558 3750 id
572 3708 644 3751 vero
660 3687 874 3768 permolestum
889 3697 921 3750 et
934 3688 1157 3768 praestabilius,
1182 3698 1234 3752 tuo
1248 3687 1378 3770 mystico
1394 3705 1518 3750 numero

165 3776 211 3839 nti
233 3776 273 3839 ad
297 3797 349 3841 eas
373 3778 456 3841 solas
479 3779 674 3860 aequationee
698 3776 871 3852 eliciendas,
895 3777 1001 3858 quibus
1023 3798 1078 3859 pro
1101 3797 1133 3840 re
1156 3787 1230 3840 nata
1253 3796 1328 3858 opus
1350 3771 1447 3851 est')

254 3865 331 3930 Cum
345 3867 445 3949 itaque
460 3869 511 3930 din
526 3868 712 3930 laborassem
728 3867 869 3947 variaque
884 3866 1170 3929 demonstrationum
1186 3865 1367 3928 adminicula
1382 3866 1516 3929 effinxis-

165 3973 243 4030 sem,
278 3956 399 4019 tandem
422 3957 452 4019 in
474 3957 549 4018 haec
572 3958 630 4018 duo
653 3956 842 4036 problemata
864 3955 971 4031 incidi,
1004 3975 1079 4037 quae
1108 3957 1147 4017 ad
1177 3976 1240 4018 rem
1262 3955 1392 4017 maxime
1416 3955 1517 4018 facere

163 4053 253 4127 puto:
278 4065 402 4127 quorum
424 4046 552 4108 alterurn
574 4046 643 4126 plus
666 4044 865 4117 certitudinis,
890 4045 1017 4107 alterum
1039 4047 1107 4127 plus
1126 4045 1237 4127 ingenii
1254 4044 1366 4107 habere
1387 4045 1515 4107 ridetur.

252 4135 350 4199 Detur
372 4136 500 4215 angulus
523 4144 622 4196 motus
645 4134 735 4196 medii
758 4132 899 4213 planetae
916 4134 1044 4216 itemque
1059 4135 1142 4197 Solis
1158 4135 1238 4198 circa
1252 4143 1366 4214 puncta
1378 4155 1515 4216 aequan-

164 4231 228 4287 tnm
250 4225 290 4286 ad
321 4225 466 4305 temporis
498 4224 653 4305 quodlibet
684 4223 814 4303 spatium
846 4223 1082 4287 determinatum.
1128 4226 1225 4287 Detur
1257 4231 1289 4285 et
1315 4223 1402 4286 locus
1431 4223 1515 4287 Solis

164 4332 253 4376 verns
276 4314 315 4375 ad
338 4322 518 4376 momentum
543 4313 707 4394 quodlibet,
731 4331 798 4373 cum
820 4330 878 4393 quo
901 4312 989 4374 datur
1004 4322 1036 4374 et
1051 4332 1215 4394 apogaeum
1231 4322 1263 4375 et
1277 4314 1515 4376 eccentricitatis

163 4403 348 4484 compositae
371 4403 408 4464 ad
433 4403 535 4464 orbem
556 4401 720 4482 proportio.
767 4401 929 4463 Nesciatur
952 4423 1023 4464 vero
1048 4403 1200 4482 longitudo
1225 4403 1353 4483 simplex
1370 4402 1514 4484 planetae

163 4492 248 4567 (nam
271 4501 302 4555 et
324 4493 405 4554 circa
423 4491 500 4553 hanc
516 4489 724 4569 corrigendam
739 4490 870 4552 artifices
888 4494 1094 4573 occupantur),
1118 4494 1270 4555 nesciatur
1285 4493 1369 4554 locus
1384 4490 1513 4574 apogaei

167 4581 283 4661 (potius
305 4581 445 4660 ἀφηλιου)
468 4579 619 4660 planetae,
643 4579 794 4640 nesciatur
816 4582 971 4660 proportio
994 4582 1108 4645 orbium
1132 4585 1243 4644 Terrae
1267 4585 1336 4656 (scu
1358 4580 1460 4656 Solis)
1483 4591 1516 4644 et

162 4669 311 4749 planetae,
336 4669 489 4733 nesciatur
502 4668 655 4748 proportio
670 4667 903 4731 eccentricitatis
916 4671 1056 4750 planetae
1071 4672 1110 4732 ad
1126 4671 1227 4733 orbem
1242 4691 1337 4747 suurn,
1359 4674 1514 4735 nesciatur

163 4760 316 4839 proportio
338 4759 471 4841 partium
493 4758 580 4837 hujus
604 4757 848 4832 eccentricitatis,
871 4761 1022 4822 nesciatur
1044 4761 1135 4823 etiam
1154 4762 1184 4823 in
1206 4761 1326 4824 theoria
1339 4760 1424 4825 Solis
1447 4761 1513 4836 (rel

162 4848 288 4922 Terrae)
312 4848 467 4930 proportio
488 4847 618 4927 partium
641 4846 875 4909 eccentricitatis
897 4849 1089 4930 compositae.
1130 4851 1248 4915 Dentur
1265 4852 1335 4932 jain
1352 4860 1417 4915 tres
1440 4851 1512 4936 pla·
