3374 5528
764 324 927 399 mrem·
1309 302 1312 307 ¹
1455 310 1520 389 did

267 504 487 588 Albategoius,
520 514 638 571 retenta
669 508 839 590 quantitate
867 506 1054 590 aequatiouis
1076 506 1179 591 hujus,
1204 506 1277 572 nrbil
1301 504 1392 569 etiam
1414 501 1445 567 iu
1468 520 1521 566 ec·

179 595 371 658 contricitate
393 603 509 658 mutare
531 597 637 678 potuit.
1361 602 1365 607 ’

268 682 452 764 Copernicus
475 687 613 763 exiguum
638 687 748 765 aliquid
772 686 892 750 demait.
931 687 1010 749 Nam
1034 686 1099 766 ejus
1123 685 1262 767 aequatio
1280 684 1519 762 maximacopu-

177 773 253 835 laris
282 773 324 835 iu·
340 774 472 856 syzygiis
503 771 543 838 «1⁰
574 771 628 839 561
662 774 728 840 20“
764 776 897 851 ostendit
927 777 1178 838 eccentricitatem
1203 771 1300 839 8610.
1346 774 1448 853 Atque
1472 772 1520 834 bic

177 863 285 927 modus
309 870 357 924 εει
379 863 607 944 investigandae
632 865 865 927 eccentricitatis
888 864 992 927 Lunae
1014 865 1092 927 idern
1117 865 1195 945 apud
1218 880 1331 926 ornnes.

267 950 362 1031 Atqui
391 971 449 1014 uon
470 973 566 1033 ,uuum
595 962 655 1029 εει,
688 955 765 1034 quod
793 955 822 1016 iu
845 954 904 1016 hac
925 955 1042 1016 ratione
1066 953 1244 1016 desiderem.
1292 952 1421 1014 Primum
1444 949 1522 1012 euim

175 1040 271 1103 innixi
295 1047 365 1102 sunt
385 1041 532 1123 principio
561 1042 763 1106 insufficienti.
809 1044 877 1105 Nou
896 1042 980 1104 enim
1003 1043 1098 1106 omnis
1121 1043 1230 1104 variati
1258 1049 1355 1103 motus
1378 1040 1524 1119 inaequa-

177 1130 252 1192 litas
288 1149 326 1191 ex
353 1130 474 1192 fallacia
502 1132 585 1195 visus
609 1133 718 1194 oritur:
759 1132 870 1214 aliquid
893 1132 952 1212 ipsi
976 1132 1067 1195 etiam
1090 1133 1202 1207 Lunae,
1238 1149 1296 1193 uon
1314 1130 1412 1192 minua
1435 1146 1523 1210 quam
1569 1152 1573 1159 ·

176 1218 289 1281 ceteris
324 1237 358 1279 re
387 1237 460 1281 vera
498 1221 578 1282 inest
608 1222 748 1301 planetis.
810 1219 1065 1292 Quemadmodum
1103 1221 1181 1283 enim
1213 1220 1329 1282 illomrn
1362 1225 1460 1279 motus
1493 1223 1526 1278 ει

176 1309 351 1371 lentescunt
378 1327 464 1378 vere,
492 1328 559 1372 cum
582 1330 600 1371 a
625 1309 696 1372 Sole
725 1311 931 1391 digrediuntur
956 1321 987 1372 et
1009 1311 1145 1373 contrahi
1161 1310 1189 1371 iu
1205 1316 1363 1389 angustum
1376 1308 1523 1379 videntur,

177 1396 217 1459 ob
245 1397 411 1459 discessum
444 1398 569 1474 avisu,
603 1400 691 1481 idque
721 1401 895 1479 aequalibus
922 1400 1136 1480 propemodum
1157 1399 1291 1480 utrisque
1316 1395 1524 1469 decrementis,

177 1505 218 1548 ex
240 1504 299 1567 qno
322 1488 432 1557 evenit,
455 1496 489 1549 nt
511 1489 594 1551 sinus
618 1490 806 1570 aequationis
829 1489 976 1551 maximae
1000 1509 1058 1550 non
1081 1496 1173 1563 totus,
1198 1489 1251 1549 sed
1270 1496 1357 1569 parte
1372 1484 1418 1548 ani
1433 1483 1522 1546 dimi-

180 1575 235 1637 dia
258 1574 399 1637 metiatur
422 1577 687 1652 ecceutricitatem,
712 1578 830 1657 quade
853 1596 885 1639 rc
909 1578 977 1638 vide
1000 1578 1185 1658 praeludium
1203 1578 1269 1639 loco
1283 1595 1374 1656 supra
1392 1575 1525 1651 allegato

178 1662 253 1743 Opt
278 1681 306 1743 p.
333 1660 412 1740 336,
443 1665 649 1744 plenissimam
678 1686 749 1728 vero
783 1667 1067 1729 demonstrationem
1101 1666 1331 1733 Commentariis
1356 1666 1392 1725 de
1416 1662 1524 1735 Marte,

177 1772 245 1833 cap.
254 1752 344 1839 XVl.
369 1754 418 1815 Ad
429 1755 556 1817 eundem
565 1756 683 1817 modum
695 1756 764 1817 etin
776 1757 862 1818 Luna
872 1774 920 1817 res
931 1756 1031 1830 habet,
1045 1765 1080 1817 ut
1090 1753 1302 1828 semicirculus,
1319 1753 1368 1836 qui
1379 1751 1525 1814 aTellnre

177 1840 301 1920 lougius
337 1843 442 1915 abest,
476 1862 532 1905 non
563 1853 680 1907 tautum
709 1846 806 1907 minor
837 1846 914 1907 visui
944 1845 1082 1907 videatur
1106 1847 1143 1907 ob
1165 1845 1359 1907 remotionem
1381 1842 1524 1921 majorem

182 1951 203 1992 a
224 1930 303 2005 visu,
327 1932 381 1992 sed
405 1932 494 1994 etiam
518 1934 629 1996 lentius
652 1943 684 1996 et
711 1934 838 2014 longiori
862 1942 997 2014 tempore
1027 1932 1166 1996 asidera
1196 1936 1381 1995 decurratur.
1436 1926 1523 2000 Quae

181 2020 260 2081 duae
291 2038 401 2081 causae
425 2020 611 2101 composilae
638 2042 703 2085 curn
732 2023 889 2085 conficiant
917 2023 1126 2104 aequationem
1153 2023 1311 2085 maximam
1342 2020 1522 2103 copularem,

181 2115 329 2189 utsupra
352 2108 473 2184 dictum,
498 2109 545 2181 5⁰,
569 2112 720 2194 quaelibet
742 2112 833 2191 igitur
856 2131 911 2191 per
933 2131 967 2173 se
991 2112 1163 2174 causabitur
1185 2111 1338 2174 dimidium
1360 2101 1444 2191 2¹l,⁰
1465 2109 1525 2169 cir-

181 2196 278 2258 citer:
303 2205 335 2259 et
357 2198 402 2259 sic
424 2202 641 2263 eccentrioitati
665 2201 746 2263 orbis
769 2201 873 2262 Lunae
903 2200 1083 2283 (epicyclum
1112 2201 1190 2263 enim
1213 2208 1346 2263 veterum
1371 2208 1525 2260 auctorum

182 2304 241 2367 ego
271 2286 302 2347 in
330 2288 528 2351 eccentricum
558 2297 720 2363 commuto,
758 2297 793 2351 ut
816 2289 955 2351 similium
982 2309 1081 2351 rerum
1113 2290 1226 2351 similes
1255 2289 1345 2350 etiam
1369 2288 1430 2350 sint
1452 2303 1525 2348 cou-

182 2377 306 2454 ceptus)
328 2376 505 2457 relinquitur
520 2396 578 2441 nou
599 2380 668 2458 plus
691 2376 780 2460 qdam
802 2374 898 2454 4365,
923 2378 1075 2440 dimidium
1099 2398 1141 2441 so.
1166 2380 1203 2440 de
1219 2378 1422 2441 Ptolemaiou:
1447 2374 1525 2459 quod

181 2464 335 2526 minimum
351 2464 439 2527 abest
456 2467 494 2528 ab
517 2486 568 2542 eo,
592 2468 670 2548 quod
694 2486 731 2529 ex
754 2466 967 2548 apparentibus
990 2467 1145 2530 diametris
1168 2487 1260 2548 supra
1282 2468 1462 2528 inveneram.

272 2551 389 2634 Siquis
412 2573 450 2616 ex
472 2574 519 2616 me
542 2564 677 2637 quaerat,
699 2556 749 2638 qui
767 2557 899 2638 probem,
922 2555 1001 2618 idem
1024 2557 1143 2619 evenire
1158 2557 1271 2631 Lunae,
1296 2555 1374 2637 quod
1397 2551 1526 2635 planetis

182 2642 311 2716 ceteris,
335 2650 522 2725 metuatque,
557 2665 593 2706 ue
625 2646 693 2727 qnid
727 2645 994 2706 indemonstratum
1017 2645 1131 2726 irrepat
1152 2646 1231 2707 inter
1255 2645 1356 2707 initia:
1379 2643 1447 2706 huic
1471 2660 1526 2719 ego

182 2732 212 2793 si
241 2731 411 2810 analogiam
444 2734 571 2814 allegem
601 2735 787 2814 planetarum
820 2735 949 2796 omnium
981 2734 1133 2815 ipsiusque
1170 2734 1245 2797 adeo
1281 2732 1364 2797 Solia
1400 2733 1526 2806 (Terrae

186 2820 370 2899 Ooperuioo)
397 2839 563 2904 causasque
594 2823 753 2904 physicas,
790 2823 896 2904 quibos
928 2823 1069 2903 planetae
1101 2824 1224 2906 ipsaque
1247 2822 1334 2885 Luna
1357 2821 1473 2884 cientur
1496 2820 1526 2882 iu

184 2928 282 2971 vacuo
306 2910 428 2971 aethere
451 2910 542 2974 nullis
561 2912 688 2975 revincti
705 2912 834 2986 orbibus,
859 2931 982 2992 quarum
1004 2912 1156 2991 ingenium
1177 2913 1305 2987 honest,
1329 2920 1363 2974 ut
1382 2927 1528 2972 concessa

183 2996 355 3060 variatione
377 2998 529 3062 intervalli
559 3002 654 3081 (quod
683 3001 713 3062 iu
736 3002 823 3063 Luna
850 3009 932 3063 certo
964 3003 1063 3081 arguit
1084 3002 1237 3065 mutabilis
1260 3000 1436 3083 apparentia
1458 2998 1526 3060 dia-

183 3086 290 3163 metri)
313 3089 484 3151 neoessario
506 3099 538 3151 et
559 3091 684 3172 physica
706 3098 803 3152 motos
825 3090 952 3153 intentio
975 3099 1007 3152 et
1028 3091 1166 3153 remissio
1189 3098 1348 3172 sequatur:
1379 3088 1455 3150 haee
1476 3087 1526 3149 in·

183 3195 276 3260 quam
298 3170 486 3257 si'allegem
515 3176 686 3260 repudiabit
706 3179 778 3241 talis
803 3179 909 3259 aliquis
931 3186 966 3241 ut
986 3179 1114 3261 physica
1136 3198 1172 3242 ac
1189 3180 1313 3261 proinde
1329 3185 1473 3240 extranea
1488 3175 1527 3238 ab
1643 3245 1652 3267 ο

185 3265 392 3329 astronomia:
414 3266 540 3346 perinde
564 3287 599 3330 ac
622 3269 648 3329 si
672 3268 852 3330 eontrarium
875 3269 942 3330 huic
966 3269 1085 3330 axioma
1108 3270 1145 3330 de
1168 3277 1300 3331 motuum
1314 3265 1528 3349 aequabilitate

183 3375 246 3420 nou
278 3354 320 3415 sit
354 3374 448 3436 aeque
474 3357 649 3440 physicum,
682 3357 760 3438 quod
789 3363 889 3419 tamen
917 3364 1063 3439 usurpant
1084 3365 1201 3419 veteres
1225 3358 1304 3420 inter
1326 3353 1526 3418 astronomiae

184 3443 341 3526 principia.
389 3442 546 3515 Quaerant
569 3447 650 3508 litem
669 3446 909 3525 intempestivam
933 3447 1086 3520 differam,
1123 3448 1243 3508 remitto
1270 3452 1468 3526 opponentem
1496 3442 1526 3505 in

185 3535 355 3600 comment
386 3533 511 3610 Martia,
544 3535 594 3597 ubi
626 3535 662 3596 de
691 3536 778 3597 Luna
805 3536 955 3614 peculiare
977 3535 1161 3621 qapntltlro.
1185 3535 1354 3599 XXXVII.
1385 3533 1527 3596 inveniet

186 3626 223 3688 In
246 3623 421 3703 praeseutia
444 3625 520 3686 satis
543 3633 600 3698 est,
625 3625 717 3687 coiise
741 3623 826 3687 nobis
850 3625 907 3686 duo
981 3622 986 3633 '
1035 3643 1071 3686 en
1193 3642 1304 3704 genera
1326 3624 1356 3685 iu
1379 3622 1527 3685 moentri-

185 3713 313 3775 citatem
335 3714 548 3792 propemodum
571 3709 704 3790 eande‘m,
728 3733 852 3795 quorum
874 3734 911 3776 ve
954 3714 1104 3797 olitqm'um
1181 3723 1296 3777 mtrum
1311 3712 1465 3799 probando
1480 3712 1529 3773 iu-

184 3802 295 3864 stituto
318 3790 438 3864 suflicit
966 3792 1007 3885 ¹⁵³³
1039 3790 1178 3887 ’ᾖ

277 3889 434 3965 Brabeus,
471 3891 609 3970 adjutore
638 3891 811 3956 Christiano
839 3889 881 3952 Se
1005 3866 1284 3997 (lwtauo)
1315 3907 1381 3953 cnm
1403 3888 1530 3961 videret,

188 3998 304 4043 cauus
325 3979 537 4060 aequatinnum
558 3976 741 4063 ex'dimidio
765 3999 832 4042 esse
854 3980 915 4062 phy
1009 3970 1212 4073 ¹idiu'emihi
1229 3979 1257 4041 in
1273 3979 1344 4043 Sole
1359 3978 1528 4051 succedere,

187 4066 362 4132 introduxit
382 4060 473 4131 edam
503 4069 533 4131 in
555 4060 672 4133 mnan
695 4069 792 4131 simile
813 4069 893 4151 quid,
917 4060 999 4131 more
1020 4066 1121 4132 ιιιιιι
1143 4088 1216 4144 suo,
1248 4077 1282 4131 ut
1304 4069 1441 4150 quicum
1465 4064 1529 4129 co-

186 4158 312 4240 pernico
326 4152 573 4239 inaequalitatem
586 4162 830 4261 *osperosus
855 4167 1018 4240 aequantes
1030 4158 1229 4220 Ptolemaioos
1251 4176 1304 4219 seu
1321 4176 1404 4218 meas
1421 4174 1530 4217 causae

186 4247 331 4330 physicas
353 4244 628 4328 speraratrdqplr'p
638 4248 641 4253 '
650 4247 802 4328 epicycliis
817 4247 942 4327 exprimi
957 4254 988 4308 et
1000 4247 1221 4328 repraesentari
1237 4266 1290 4308 seu
1304 4245 1415 4308 salvari
1428 4261 1528 4325 posse.

184 4337 300 4417 Igitur,
324 4310 773 4409 octenariuttle²·l’tolemaiea‚
804 4333 893 4400 8300
914 4336 1041 4397 rotundo
1055 4354 1185 4411 numero,
1210 4355 1247 4397 ex
1270 4336 1336 4397 sinu
1351 4335 1378 4395 iu
1397 4343 1529 4412 tangen-

187 4436 253 4495 tem
274 4442 421 4487 conversa
435 4423 542 4486 relicta
557 4425 742 4503 quantitate,
765 4428 819 4505 pr'o
837 4425 1014 4507 εεῃειίουε
1037 4420 1077 4489 5⁸
1100 4424 1130 4488 1‘
1152 4425 1296 4487 assumsit
1319 4419 1359 4486 4⁰
1381 4419 1435 4486 58¹
1453 4418 1528 4498 20⁴⁴,

184 4523 336 4599 quantum
359 4512 495 4575 exhibuit
517 4532 655 4576 uumerus
678 4510 765 4577 8700
784 4512 939 4599 extabpla
952 4524 1017 4576 tau
1033 4525 1118 4590 ἐμω
1166 4515 1269 4595 quue
1284 4520 1366 4574 secto
1382 4512 1413 4573 in
1426 4518 1529 4590 partes

183 4612 264 4677 tros,
287 4600 367 4685 quod
386 4598 474 4667 8700
498 4602 527 4664 iu
550 4603 610 4663 tria
632 4603 721 4665 facile
733 4590 936 4677 divideretur,
961 4612 991 4662 et
1014 4605 1152 4678 dss'ss'd„
1176 4631 1191 4657 a
1218 4602 1306 4664 alteri
1329 4599 1409 4662 datie
1431 4594 1528 4674 5800,

186 4692 307 4776 reliquo
330 4684 428 4769 2⁰⁰⁰,
452 4692 606 4795 effecitpt
623 4692 710 4754 Luna
731 4692 760 4753 iu
784 4708 919 4775 apogaeo
937 4691 990 4752 vel
1018 4698 1157 4745 ·'·'·
1186 4702 1306 4753 emente
1321 4688 1529 4781 etueutricitaa

191 4788 281 4845 esset
302 4798 363 4845 uon
381 4778 481 4861 major
503 4798 589 4861 qnam
613 4777 717 4856 29003
742 4781 820 4860 quod
842 4780 932 4845 etiam
956 4780 985 4841 io
999 4765 1202 4862 pusulis
1217 4774 1381 4842 tractandis
1399 4777 1458 4841 eibi
1472 4794 1528 4859 op·

187 4878 353 4957 portuum
379 4884 455 4935 me
487 4870 636 4934 credebat
689 4870 768 4933 Vide
797 4869 836 4933 da
865 4870 921 4935 boc
950 4877 982 4932 et
1010 4878 1127 4954 partem
1148 4870 1275 4955 primam
1298 4868 1466 4937 Commeat
1491 4869 1528 4933 dc
