3374 5528
546 272 577 326 a
595 272 785 329 commeari·
802 271 834 325 rs
848 281 921 331 ,mou
939 274 1029 329 sarra
1046 272 1142 327 rum.
1483 267 1523 339 31
1577 260 1581 264 ’

255 460 322 512 Turn
339 459 373 511 sd
392 459 444 512 slis
460 460 592 519 undas.
611 460 636 511 ln
647 460 698 512 tine
716 461 844 512 liternum
861 462 894 514 ad
905 463 989 528 prlers
1004 461 1079 519 redit,
1096 460 1135 512 his
1152 460 1197 512 ills
1214 459 1352 511 illumne:
1380 449 1527 530 Superius

161 543 252 623 coepi
275 543 410 605 scribere
434 543 471 604 de
489 542 604 606 Corum.
621 542 731 605 Martis
745 552 887 625 tanquam
911 545 950 607 ad
972 543 1128 607 scientem.
1166 543 1243 604 Pars
1259 541 1413 622 pecuniae,
1437 556 1526 620 quam

163 654 184 695 a
209 632 348 697 Caesare
372 631 475 713 accepi
497 651 552 713 per
574 650 681 693 manus
701 631 739 695 D.
753 632 888 697 Welscri
912 634 1069 708 sactorum,
1093 631 1275 694 transmissa
1288 638 1346 692 est
1368 629 1529 711 ari-Voge-

162 723 278 797 linum‚
318 716 411 803 quod
434 720 548 785 nullum
585 721 693 785 scirem
725 724 946 804 typographum
978 721 1076 802 magis
1107 721 1264 796 idoneum;
1303 718 1529 785 commendatus

163 812 278 895 quippe
302 810 376 873 mihi
400 811 518 874 fuit'sb
541 811 617 873 artis
640 811 888 892 intelligentibus.
935 814 1065 893 Figurae
1095 829 1225 873 excusae
1255 817 1327 872 sunt
1348 811 1468 888 Pragae
1497 813 1530 867 et
1620 813 1625 819 '

165 903 281 964 missae
304 900 540 989 Franlrofurtum
561 919 665 962 mense
687 905 845 989 Angust03
878 902 1033 985 exemplar
1059 919 1163 964 mense
1187 899 1358 981 Septembri
1381 896 1527 979 Lipsiem.

165 994 324 1071 Exspecto
349 990 475 1052 formam
506 989 570 1072 typi
604 990 643 1052 ad
670 990 888 1056 delibrandum.
935 993 1013 1055 Pars
1043 1004 1116 1053 vero
1144 988 1262 1071 reliqua
1287 986 1433 1070 pecuniae
1456 1002 1530 1047 cum
1565 1046 1568 1057 ,

165 1080 273 1145 multis
297 1077 369 1142 aliis
392 1100 411 1141 a
433 1098 481 1141 me
509 1086 666 1142 consumta
694 1088 757 1157 est,
789 1101 857 1144 curn
886 1076 951 1144 non'
977 1083 1052 1143 fiant
1069 1079 1172 1160 justae
1205 1077 1372 1140 solutiones
1402 1074 1528 1137 aulicae.

164 1172 274 1251 ltaque
301 1168 368 1249 jam
395 1168 506 1231 dudum
533 1176 640 1231 venter
665 1188 751 1233 meus
773 1170 931 1234 famelicus
953 1168 1080 1250 respicit
1096 1169 1194 1231 instar
1212 1166 1297 1229 canis
1311 1167 1350 1228 ad
1364 1161 1529 1238 dominum,

167 1282 187 1322 a
210 1279 271 1340 quo
286 1259 390 1333 ¹semel
408 1259 474 1339 jam
497 1257 555 1320 luit
576 1266 693 1340 pastus.
729 1261 880 1345 Equidem
904 1260 930 1323 si
945 1259 984 1323 D.
999 1259 1160 1323 Welserns
1178 1264 1333 1337 pateretur
1356 1275 1389 1318 se
1412 1270 1531 1316 rursum

167 1347 290 1421 exorari
314 1349 353 1409 ad
384 1347 468 1410 mille
500 1356 553 1410 aut
585 1348 771 1430 sesquimille
804 1349 985 1413 solutionem
1017 1351 1151 1423 (tanturn
1181 1345 1260 1408 enim
1283 1364 1376 1427 coque
1400 1342 1530 1424 amplius

167 1439 241 1501 mihi
266 1437 425 1512 debetur),
456 1444 600 1519 quantum
630 1438 699 1501 inde
721 1440 795 1503 mihi
819 1439 992 1503 securitatis
1014 1438 1187 1513 accederet,
1211 1443 1354 1519 quantum
1386 1431 1532 1514 temporis

168 1529 341 1602 retinerem,
364 1534 462 1589 toturn
485 1527 516 1589 id
529 1526 731 1608 impenderem
745 1530 794 1592 vel
810 1529 841 1592 in
855 1528 1054 1612 Porphyrium
1069 1531 1266 1601 (flamonium),
1288 1524 1337 1586 uel
1353 1525 1384 1586 in
1400 1540 1531 1603 geogra-

168 1616 273 1700 phiam
296 1616 406 1679 melius
430 1617 572 1692 fortasse,
596 1636 684 1702 quam
708 1619 734 1680 si
757 1627 951 1702 quaestomm
974 1624 1095 1681 mensas
1115 1624 1259 1692 sectatus,
1284 1612 1403 1676 aeraria
1419 1611 1531 1693 diutis-

171 1707 245 1770 sime
278 1704 423 1785 pnlsans,
455 1706 584 1787 deniqne
615 1708 808 1771 nihilominus
840 1709 967 1771 eandem
999 1726 1144 1771 summam
1177 1713 1396 1788 extorquerem.
1451 1698 1533 1764 Nam

171 1794 319 1861 Caesaris
339 1813 426 1859 mora
448 1797 561 1858 nullam
584 1806 701 1879 partem
722 1798 877 1878 pensionis
898 1797 1018 1873 deterit,
1041 1795 1114 1859 mihi
1133 1815 1205 1859 vero
1227 1803 1347 1874 tempus
1369 1789 1528 1854 consumit.

174 1884 206 1946 u:
222 1884 305 1935 literis
325 1896 403 1948 „quas
420 1885 490 1934 initio
508 1884 654 1937 Novembris
672 1902 725 1936 snm
737 1876 857 1940 'sionna
876 1888 915 1936 rix
932 1886 1014 1946 hodie,
1033 1884 1077 1935 21.
1095 1884 1158 1935 nse.
1181 1881 1257 1935 lter.
1276 1877 1373 1944 hnie.“)

262 1954 408 2016 P⁰⁰¹²fli⁸02
435 1959 680 2021 consuescerent
697 1958 829 2021 Keplem,
858 1965 977 2009 autumno
996 1959 1055 2008 anni
1076 1952 1154 2007 1008.
1178 1955 1287 2007 nondum
1309 1954 1410 2003 tument
1426 1950 1532 2007 solutae,

177 2042 232 2079 enm
249 2025 401 2085 Herrsrto.
420 2028 505 2101 qnid
527 2025 568 2077 13.
588 2028 656 2092 Sept.
677 2026 754 2079 1608.
776 2031 890 2095 scripsit:
917 2029 958 2080 ich
976 2030 1103 2084 semein.
1127 2028 1168 2078 ich
1185 2028 1268 2079 mnne
1293 2024 1422 2075 nnsehrer
1438 2028 1532 2072 mnem-

175 2112 283 2151 rnsssen.
303 2110 355 2148 νυ
375 2112 402 2147 ss
420 2100 518 2149 ratione
538 2097 693 2151 serenissimi
711 2100 833 2152 idrelns
850 2101 950 2153 Gestalt
967 2100 1019 2151 und
1037 2099 1208 2166 Celegenheit
1246 2097 1291 2149 lch
1309 2097 1357 2147 bitt
1374 2094 1422 2145 den
1440 2092 1532 2151 Herm,

175 2184 201 2220 er
216 2168 290 2219 velle
308 2169 365 2219 scin
381 2167 443 2221 Bais
460 2169 527 2221 nach
546 2170 679 2221 Frankiurt
694 2170 754 2223 bnld
778 2171 937 2230 illrnehrnen,
966 2173 1035 2222 etin
1053 2172 1090 2221 itu
1109 2167 1158 2231 (nit
1182 2170 1295 2220 allaterat
1311 2168 1338 2216 in
1355 2160 1448 2225 mdiu)
1467 2162 1534 2213 misle

176 2241 249 2292 tilido
267 2239 405 2300 Mueller,
424 2242 491 2293 sech
509 2242 549 2293 die
567 2241 668 2293 Ssshen
686 2242 763 2294 dnhin
781 2244 928 2300 sinrichten,
948 2243 1027 2293 damis
1045 2256 1072 2292 er
1089 2243 1129 2292 eln
1142 2241 1200 2292 Zelt
1216 2242 1278 2306 lang
1294 2252 1332 2288 re
1348 2235 1458 2302 meghch
1475 2233 1535 2285 eder

175 2312 237 2363 doeh
254 2326 284 2363 sc
303 2310 366 2378 lang
384 2326 414 2361 es.
428 2314 512 2364 minen
539 2320 616 2379 gntsn
635 2313 801 2380 (delegenhelt
822 2329 884 2378 ssyu
911 2315 984 2372 vird,
1012 2315 1052 2364 bei
1076 2315 1124 2363 mlr
1147 2312 1222 2363 nllhle
1247 2310 1387 2363 rerbleiben
1411 2306 1464 2357 und
1479 2304 1535 2356 sich

176 2394 306 2446 amusan
324 2390 418 2458 miser
434 2420 466 2429 -
486 2409 544 2445 cnm
561 2395 601 2444 his
618 2394 742 2444 nervam
761 2395 931 2460 ramanent:
949 2386 1072 2449 Literna
1094 2394 1175 2460 tuas,
1197 2384 1277 2447 Nob.
1293 2389 1325 2443 et
1344 2382 1448 2459 Magn.
1465 2378 1534 2452 Vir,

180 2472 225 2539 1³.
249 2474 341 2557 Sept.
373 2474 504 2555 scriptas
536 2475 613 2556 proh
642 2474 730 2537 dolor
761 2475 853 2537 tertio
885 2474 1029 2537 Octobris
1061 2474 1224 2536 etiamnum
1256 2474 1375 2551 Pragae
1405 2469 1535 2529 haerens

176 2563 288 2646 accepi.
338 2563 462 2625 Viatico
485 2564 569 2625 inhio
599 2560 746 2626 hactenns
777 2566 909 2626 frustra:
941 2583 996 2626 nec
1026 2562 1092 2627 sine
1115 2581 1151 2624 eo
1174 2562 1327 2643 irelqnco.
1368 2555 1535 2621 -Remissus

177 2654 294 2736 quidem
326 2670 393 2716 sum
422 2646 489 2715 cum
521 2653 666 2716 trecentis
698 2653 737 2715 ad
766 2652 957 2717 Welscmm:
989 2658 1022 2716 at
1050 2651 1110 2715 nisi
1142 2650 1194 2714 ille
1225 2650 1308 2730 prins
1342 2644 1535 2711 consensisse
1616 2700 1624 2709 .

178 2750 318 2818 testetur,
340 2740 401 2805 hac
415 2761 469 2824 spe
484 2740 587 2823 Praga
607 2740 715 2824 pedem
734 2762 795 2806 nen
809 2761 933 2818 moveo;
958 2741 1046 2824 quod,
1071 2741 1145 2816 scio,
1170 2739 1234 2822 ipse
1253 2757 1371 2821 quoquc
1389 2732 1540 2834 probahis

179 2828 231 2895 (¹8⁸
252 2827 424 2964 (iiieiwsiini
442 2917 508 2967 qnae
525 2903 550 2954 in
577 2903 704 2954 codicibus
721 2900 845 2967 Petropsl.
864 2908 891 2954 et
908 2900 1128 2952 Monachiensibus
1152 2899 1357 2965 deprehendlmns
1376 2894 1410 2947 sd
1427 2893 1536 2953 Μυκη

180 2974 331 3039 pertinentis
356 2975 421 3025 inter
447 2974 532 3025 literas
551 2974 653 3039 Keplerl
671 2983 698 3025 et
714 2974 838 3025 Hervarti
864 2984 973 3025 mutuae
1010 2973 1069 3024 Jsm
1087 2973 1122 3024 sd
1145 2973 1208 3023 alios
1233 2973 1385 3025 trnsimus.
1414 2968 1456 3033 qni
1479 2980 1536 3017 cnm

181 3046 291 3111 Keplero
309 3045 340 3096 de
360 3045 457 3095 edendo
476 3061 520 3095 sne
539 3058 612 3110 opere
630 3061 674 3119 per
691 3047 778 3098 literas
797 3045 915 3096 collocuti·
929 3051 996 3094 sunt.
1063 3092 1066 3097 .

263 3123 389 3189 Ksplsm
406 3124 430 3175 d
450 3123 476 3174 1.
495 3124 552 3175 Oct
567 3123 646 3181 18⁰7.
664 3128 729 3181 hace
747 3127 929 3192 brenggero
946 3126 1034 3176 ntea:
1057 3115 1139 3178 Clar.
1164 3122 1198 3176 ct
1218 3117 1308 3179 Dect.
1331 3113 1398 3175 Vir.
1420 3105 1538 3193 Accepi

178 3205 282 3269 literas
309 3215 380 3267 tuas
404 3213 612 3285 (amaleth,
630 3213 830 3282 persecet.)
863 3213 933 3269 ante
967 3204 1133 3270 octiduum:
1167 3205 1207 3265 nd
1238 3224 1314 3284 quas
1346 3222 1419 3282 qno.
1437 3198 1537 3261 minus

178 3294 386 3376 respondeam,
410 3284 637 3359 excusationem
659 3299 699 3359 do
723 3297 937 3377 occupationes
959 3315 1054 3366 meas,
1077 3294 1129 3373 qui
1151 3313 1257 3355 versor
1287 3292 1316 3354 in
1337 3287 1537 3354 adomstioue

179 3383 471 3449 Commentariorum
494 3385 531 3446 de
553 3387 685 3450 motibus
709 3386 817 3449 stellae
840 3386 971 3460 Martis,
994 3381 1275 3465 operosissimamm
1298 3377 1539 3461 speculationum

178 3473 373 3561 plenissima.⁸
403 3475 505 3537 Trade
521 3475 599 3538 enim
615 3497 675 3539 una
692 3474 915 3557 philosophiam
938 3494 992 3537 sen
1013 3470 1171 3554 physicam
1189 3472 1352 3534 coelestem
1374 3487 1430 3551 pre
1448 3466 1538 3528 theo-

179 3562 259 3642 logia
282 3561 411 3625 coelesti
435 3583 488 3627 seu
511 3565 719 3648 metaphysica
733 3564 919 3628 Aristotelis.
964 3562 1087 3628 Utinam
1111 3560 1201 3642 prius.
1218 3570 1252 3622 tn
1273 3561 1410 3640 relegere
1432 3573 1538 3634 meque

181 3671 301 3714 monere
332 3653 436 3733 possis
468 3673 557 3736 quam
588 3656 735 3718 edamur.-
772 3654 968 3717 Excudentur
999 3650 1078 3732 apud
1101 3651 1282 3730 Voegclinm
1304 3645 1537 3724 Heidelbergae.

181 3741 406 3823 Exemplarium
421 3743 619 3806 distractione
633 3743 707 3808 mihi
721 3751 771 3806 est
781 3764 800 3804 a
811 3743 944 3807 Caesare
960 3739 1160 3804 interdictum.
1186 3739 1221 3801 In
1236 3759 1296 3821 qua
1308 3738 1436 3821 physica
1450 3732 1538 3797 simul

181 3848 290 3894 novam
312 3829 537 3897 arithmeticam
560 3833 665 3911 doceo,
689 3831 882 3915 computandi
904 3851 965 3895 non
989 3850 1027 3892 ex
1050 3829 1182 3917 circulis,
1207 3828 1261 3891 sed
1279 3846 1318 3891 ex
1342 3822 1539 3891 facultatibus

182 3918 371 3984 naturahbus
382 3923 611 4003 etmagneticis.
634 3925 768 3988 Arcesso
779 3922 898 4004 quidem
909 3928 941 3981 et
949 3919 1089 3992 circulos,
1105 3918 1208 3981 sedad
1218 3916 1377 3992 calculum,
1390 3920 1538 3997 qnatenus

183 4010 308 4074 circulis
327 4009 496 4091 explicatur
520 4013 598 4074 ratio
622 4021 766 4087 staterae,
790 4009 887 4072 vectis
907 4016 938 4070 et
951 4008 1126 4090 ponderum,
1146 4014 1178 4068 ct
1196 4007 1226 4068 in
1240 4015 1328 4087 parte
1341 4012 1477 4075 tantum3
1501 3998 1538 4060 de

183 4100 299 4181 reliquo
322 4118 446 4162 arcesso
468 4100 562 4182 plana
590 4120 643 4164 scu
669 4121 771 4172 areas,
802 4121 877 4182 quas
900 4097 1045 4160 describit
1066 4096 1190 4179 planeta
1215 4116 1268 4158 suo
1289 4095 1419 4166 ambitu,
1451 4097 1485 4151 ut
1508 4087 1537 4149 in

184 4188 261 4253 areis
285 4186 437 4250 inveniam
463 4189 670 4252 fortitudinem
689 4198 721 4253 et
734 4188 973 4253 debilitationem
987 4185 1095 4249 virium
1108 4186 1138 4247 in
1154 4192 1267 4247 motum
1290 4184 1478 4247 collatarum.
1496 4207 1536 4221 -

186 4276 245 4342 Sed
267 4295 412 4358 quorsum
435 4277 584 4361 abripior!
608 4280 678 4343 Non
700 4298 747 4341 me
763 4281 850 4341 Mars
869 4277 965 4358 jussit
988 4274 1130 4349 scribere,
1154 4275 1208 4336 sed
1231 4273 1331 4335 aliud:
1358 4270 1437 4345 „Est
1453 4268 1538 4330 Deus

186 4366 215 4430 in
235 4364 343 4442 nobis,
376 4365 513 4446 agitante
542 4368 723 4431 calescimus
747 4368 831 4430 illo.“
878 4367 958 4429 Nam
983 4373 1052 4427 tuae
1081 4364 1187 4426 literae
1216 4361 1362 4423 vaticinia
1390 4362 1460 4418 suut
1482 4356 1536 4419 &a

188 4454 223 4517 (r.
239 4453 299 4504 Vol.
319 4452 354 4505 11.
372 4470 398 4519 p.
418 4452 473 4518 8⁰).
511 4456 716 4523 Brenggerus
734 4456 876 4521 respondit:
896 4454 933 4505 Cl.
954 4460 980 4503 et
997 4453 1072 4504 Dect.
1093 4451 1147 4509 Vir,
1166 4452 1253 4501 Amice
1271 4447 1382 4500 colende.
1411 4443 1537 4497 Redditse

190 4532 244 4577 sunt
260 4524 323 4576 mihi
340 4524 429 4576 haras
447 4534 524 4586 tuae,
553 4529 687 4592 exquibus
715 4527 842 4585 intellexi,
862 4526 898 4576 'l'e
916 4526 942 4575 in
961 4524 1197 4575 Commentariorum
1216 4521 1247 4570 de
1272 4526 1339 4568 motu
1359 4516 1447 4565 Martis
1466 4515 1538 4565 ador·

190 4600 288 4650 uticus
307 4599 434 4662 occupari,
454 4614 501 4663 qno
521 4601 620 4649 nomine
638 4606 663 4649 te
682 4613 802 4656 excuses,
821 4597 885 4663 quod
903 4597 980 4648 literis
998 4597 1060 4646 meis
1079 4608 1128 4644 non
1146 4591 1303 4656 respondeas.
1341 4588 1395 4652 Ego
1413 4601 1471 4637 rere
1488 4600 1539 4636 nnn

192 4676 284 4721 tem
303 4670 489 4721 medonem
508 4670 589 4740 Tuam
607 4671 693 4721 lubens
713 4670 817 4733 accipio.
835 4669 880 4720 ssd
898 4671 976 4719 etiarn
993 4667 1077 4717 hortor
1095 4672 1121 4715 et
1132 4679 1200 4729 rogo,
1219 4660 1326 4725 nequid
1346 4660 1379 4709 ab
1395 4672 1470 4723 opera
1485 4659 1538 4719 jnm

194 4748 274 4807 coepte
292 4747 407 4793 accurs
424 4747 450 4793 te
470 4743 582 4807 patiaris,
601 4749 737 4806 antequam
755 4741 788 4791 sd
805 4741 881 4792 tinsrn
898 4739 961 4791 illud
977 4738 1127 4804 perduxerls.
1159 4733 1232 4797 Quod
1248 4746 1305 4783 sero
1324 4730 1404 4786 eddis.
1423 4736 1449 4781 te
1466 4728 1538 4779 misul

195 4811 314 4877 physicam
333 4810 468 4865 eoelestm
486 4820 515 4867 et
530 4827 620 4865 noram
639 4813 820 4865 nridrmeticam
837 4827 882 4864 see
901 4809 1060 4877 computandi
1077 4807 1185 4863 modurn.
1204 4819 1254 4854 non
1272 4817 1302 4853 ex
1321 4799 1490 4859 circuhsmd
1508 4810 1538 4849 er

197 4884 350 4939 haihttbrs
367 4884 531 4938 rationalibus
543 4885 730 4954 nmgnedcls
747 4882 856 4943 medere.
874 4883 947 4936 valde
958 4882 1047 4938 laetor,
1065 4879 1120 4937 etsi,
1140 4873 1442 4934 attaminarentur
1460 4866 1536 4922 arith·
