3368 5534
456 342 632 398 raumara
652 341 730 396 roas·
1201 310 1271 417 γῇ

156 522 253 609 *igitur
281 525 418 607 exemplo
448 527 561 588 cernite
592 525 720 606 primu'm
742 523 909 606 Hipparchi
939 524 1136 603 industriam,
1167 529 1270 610 quiin

146 614 299 677 onicorum
318 623 450 677 motuum
470 615 647 678 tumultibus
663 635 717 697 per
736 613 836 676 decies
860 621 988 677 centena
1010 636 1154 697 passuum
1175 618 1272 682 millia

145 723 189 766 ‚ae
212 704 341 766 Lunaris
363 704 536 784 indagavit,
564 724 630 767 cum
658 712 741 767 esset
763 705 977 767 astronomiam
1000 726 1091 787 super
1112 708 1170 769 hoc
1192 708 1270 771 deli-

145 812 223 857 orus.
540 797 547 816 ’
1213 816 1218 827 ’

145 888 203 945 rate
227 881 370 963 amplius,
395 900 582 964 nequaquam
604 884 666 946 ista
688 881 790 963 perfici
812 882 902 945 aliter
923 882 1077 963 potuisse,
1101 885 1159 948 nisi
1183 904 1271 968 reges

145 972 253 1045 ioniae,
276 971 422 1053 Aegypti,
446 972 582 1053 quamvis
601 981 672 1036 tnnc
692 974 730 1034 de
748 991 848 1034 rerum
867 990 982 1034 summa
1004 973 1084 1035 inter
1104 994 1172 1039 sese
1196 996 1270 1039 oon-

145 1061 244 1123 errimc
277 1068 417 1143 terraque
450 1069 481 1123 et
511 1062 588 1124 mari
622 1069 818 1144 grassantes,
852 1061 881 1122 in
913 1061 1000 1123 unios
1028 1070 1131 1126 tamen
1159 1064 1269 1145 privati

150 1151 307 1213 unanimes
328 1150 555 1213 consensissent
575 1151 693 1232 iterque
719 1159 815 1214 tutum
838 1149 883 1211 illi
907 1149 983 1213 artis
1007 1153 1269 1233 praeclarissimae

145 1239 277 1315 itissent,
302 1239 406 1302 forsan
429 1247 461 1301 et
484 1240 633 1303 sumtibus
651 1241 813 1321 juvissent.

145 1348 166 1391 ’o
186 1328 318 1391 adhaec
338 1337 445 1391 nostra
463 1349 572 1392 revoco
591 1338 737 1411 tempora,
761 1329 867 1411 quibus
885 1335 957 1408 post
974 1328 1062 1408 jacta
1079 1346 1133 1409 per
1147 1331 1268 1413 Tycho-

144 1417 311 1480 olidissima
333 1415 530 1481 fundamenta
555 1419 586 1481 id
613 1419 700 1483 unice
728 1418 847 1498 agitur,
879 1424 913 1479 ut
940 1419 1156 1482 astronomiam
1179 1439 1269 1501 quam

145 1506 352 1570 uhabeamus
364 1528 373 1583 ;
405 1514 436 1569 et
458 1508 537 1589 quod
559 1527 657 1571 meam
680 1515 798 1589 partem
821 1506 946 1582 attinet,
969 1516 1086 1589 tempus
1111 1509 1214 1571 forsan
1237 1518 1269 1573 et

145 1595 244 1659 nicola
266 1596 341 1658 mihi
364 1596 530 1672 defuerint,
558 1599 676 1662 animus
700 1606 782 1660 certe
805 1616 955 1678 nunqnam
979 1598 1078 1672 deest,
1109 1616 1268 1661 successus

145 1685 427 1755 t‚‘observati0nes
450 1687 561 1749 adsunt
584 1688 613 1749 in
637 1688 739 1768 copia,
769 1687 875 1768 quales
898 1687 1022 1768 quaevis
1045 1695 1212 1767 temporum
1235 1695 1269 1749 et

145 1775 207 1838 litio
239 1773 381 1837 exhibet:
415 1777 482 1837 sola
511 1776 588 1838 haec
610 1776 786 1858 Hipparcho
809 1783 955 1856 usurpata
978 1777 1097 1838 occasio
1121 1777 1267 1839 hactenus

145 1884 151 1925 .·
174 1865 325 1927 defectum
347 1864 430 1927 Solis
454 1865 581 1929 diversis
608 1866 685 1929 locis
709 1866 850 1928 accurate
873 1865 1065 1927 observatum
1090 1865 1195 1929 eadem
1218 1868 1266 1928 in-

158 1953 344 2033 expeditins,
375 1972 451 2034 quae
481 1954 601 2017 aliunde
630 1975 745 2036 quoque
768 1956 924 2017 innotuere
947 1974 1002 2035 per
1024 1954 1176 2034 longiores
1199 1975 1267 2017 am·

145 2062 157 2104 e
188 2061 353 2104 consensus
385 2043 507 2105 veritati
537 2043 698 2124 praeberet
726 2044 939 2107 testimonium.
987 2043 1105 2117 Quodsi
1134 2043 1267 2106 seculum

145 2132 329 2213 zemplemnr,
352 2132 525 2196 rarissimas
548 2133 716 2196 videbimus
739 2132 906 2215 hujusmodi
931 2133 1115 2195 occasiones.

145 2215 203 2287 344
226 2239 336 2300 magna
359 2221 417 2282 fuit
439 2220 560 2303 eclipsis
583 2229 616 2284 et
638 2223 748 2285 alicubi
770 2222 876 2285 totalis
895 2229 928 2285 et
946 2221 1139 2285 mediocriter
1161 2222 1267 2284 adulto

149 2356 158 2383 ,
190 2316 223 2371 nt
247 2308 376 2372 Gemma
403 2309 519 2374 Frisios
546 2312 724 2387 adnotavit,
755 2311 880 2374 inferior
907 2311 989 2375 Solis
1018 2331 1091 2393 pars
1121 2310 1268 2374 defecerit

145 2398 336 2461 ridionalibns
368 2399 461 2478 igitur
492 2400 567 2463 locis
595 2398 704 2463 alicubi
734 2408 817 2463 totus
841 2399 896 2463 Sol
925 2409 997 2481 post
1019 2401 1136 2463 Lunam
1164 2399 1264 2463 latuit.

145 2488 275 2562 turritas,
300 2489 355 2550 sed
377 2488 531 2568 neglecta,
556 2490 634 2552 forte
658 2491 736 2574 quod
761 2499 832 2552 tunc
855 2489 1059 2553 astronomiae
1082 2489 1266 2552 restauratio

144 2584 192 2650 at,
216 2577 475 2640 observationibus
498 2579 733 2643 accuratioribus
756 2579 886 2642 nondum
910 2578 1105 2659 consignatis.

145 2662 202 2731 360
225 2666 347 2749 eclipsis
370 2666 453 2730 Solis
476 2676 509 2730 et
530 2669 637 2732 totalis
660 2670 745 2731 etin
767 2668 892 2730 meridie
915 2668 973 2730 fuit
994 2668 1026 2730 in
1042 2667 1212 2742 Lusitania,
1236 2673 1268 2731 et

165 2755 281 2839 passim
301 2775 355 2836 per
376 2753 582 2834 Germaniam,
607 2758 768 2839 digitorum
790 2766 892 2820 tamen
915 2776 1056 2820 numerus
1080 2757 1148 2819 sola
1170 2756 1266 2820 aesti-

145 2875 147 2899 ·
177 2845 303 2909 artificio
331 2846 489 2927 proditus;
522 2847 626 2930 itaque
654 2867 712 2910 non
742 2847 886 2926 majorem
915 2848 954 2909 ad
978 2846 1188 2910 certitudinem
1211 2865 1266 2909 nos

145 2942 174 2998 ta
203 2944 268 3009 est,
299 2955 387 3016 qnam
409 2935 616 3017 Hipparchum
644 2955 700 3000 sua
726 2935 876 3016 perduxit.
921 2936 1012 2998 Adde
1035 2934 1114 3017 quod
1138 2935 1267 2999 ethaeo

169 3020 253 3089 1567
278 3032 405 3106 sequuta
427 3033 486 3099 est,
508 3026 625 3090 Romae
650 3025 680 3087 in
703 3023 825 3086 meridie
845 3025 998 3100 centralis,
1023 3033 1212 3088 astronomos
1234 3025 1266 3086 in

145 3121 229 3176 eruut
253 3114 420 3178 sententiae
444 3133 533 3196 super
548 3116 718 3195 quantitate
733 3115 871 3177 diametri
886 3115 1008 3190 Lunae;
1032 3134 1122 3196 qnam
1142 3121 1265 3176 contro-

145 3202 229 3280 pticis
246 3204 321 3265 meis
336 3204 486 3283 explicavi
501 3223 567 3283 cap.
588 3204 673 3267 VIII.
707 3205 759 3267 Ita
781 3205 855 3266 fides
879 3203 998 3266 illarum
1021 3202 1266 3266 observationum

145 3309 166 3352 ee
191 3297 247 3352 est.
295 3290 426 3369 Sperant
453 3300 555 3354 autem
582 3312 699 3355 mecum
730 3293 816 3355 multi
848 3294 933 3369 fore,
964 3300 999 3355 ut
1029 3293 1079 3375 qui
1108 3299 1265 3372 utramque

145 3379 238 3461 psinm
261 3379 421 3441 memoriae
444 3381 643 3461 consignavit,
670 3379 906 3463 Ghristophorns
928 3381 1065 3457 Clarius,
1088 3381 1135 3444 vir
1158 3382 1195 3443 de
1217 3381 1265 3443 hie

145 3488 159 3531 e
183 3468 319 3543 meritus,
341 3468 495 3533 luculenta
517 3470 619 3552 aliqua
642 3471 814 3533 narratione
838 3490 891 3533 seu
913 3471 1035 3551 publica
1058 3472 1112 3533 seir
1133 3471 1265 3552 privata,

160 3559 218 3621 hac
238 3559 317 3633 vita,
339 3557 401 3640 jam
424 3575 518 3627 senex
540 3561 711 3634 admodum,
736 3559 884 3632 discedat,
908 3579 964 3622 nos
987 3580 1025 3622 ex
1048 3560 1087 3622 iis
1111 3558 1264 3642 ambigui-

145 3656 180 3718 t,
213 3648 245 3711 in
277 3647 383 3728 quibus
405 3666 461 3710 nos
485 3668 522 3710 ex
545 3648 674 3712 lectione
699 3648 825 3729 allegati
850 3649 908 3711 loci
930 3668 1064 3712 meorum
1087 3649 1264 3732 Opticorum

145 3737 193 3799 :eri
216 3737 310 3800 videt.

144 3846 242 3890 meum
266 3826 436 3890 institutum
458 3826 549 3888 redeo
574 3834 605 3888 et
626 3845 720 3907 pergo
744 3827 783 3903 ad
808 3833 968 3906 sequentes
992 3826 1132 3908 eclipses.
1178 3825 1264 3899 Quas

145 3937 155 3977 s
179 3916 418 3985 commemoravi,
440 3934 540 3978 meum
564 3923 662 3978 ortum
683 3934 787 3978 omnes
804 3923 1043 3998 praevertemnt.
1077 3915 1160 3979 Anni
1177 3913 1263 3981 1579

145 4007 325 4087 squidem,
359 4005 413 4066 sed
436 4002 509 4068 Sole
539 4006 662 4069 nimium
690 4005 834 4067 inclinato
866 4005 904 4066 ad
933 4024 1091 4078 occasum,
1124 4005 1263 4068 instituto

145 4119 150 4157 ι
173 4114 231 4157 non
256 4096 312 4157 fuit
334 4093 450 4157 idonea.
485 4096 574 4157 Anno
602 4090 687 4158 1590
708 4093 806 4157 minor
829 4094 888 4156 fuit
910 4094 1092 4168 obscuratio,
1119 4114 1207 4175 quam
1229 4103 1264 4156 ut

162 4203 216 4265 per
238 4184 399 4265 Europam,
425 4203 484 4263 qua
503 4182 694 4248 Christianus
717 4184 882 4265 porrigitur
904 4183 996 4259 orbis,
1019 4184 1123 4266 quaeri
1146 4191 1261 4266 posset.

145 4275 227 4336 mbra
242 4274 345 4336 Lunae
365 4273 416 4334 rix
439 4280 606 4336 extremum
629 4280 661 4335 et
683 4272 867 4354 inhospitum
891 4273 996 4354 attigit
1014 4274 1260 4355 septentrionem,

154 4364 244 4445 plane
267 4369 389 4443 propter
412 4363 538 4425 Terram
561 4362 707 4425 intactam
729 4363 894 4427 transierit

145 4449 206 4517 000
244 4452 348 4513 umbra
380 4451 485 4515 Lunae
521 4451 551 4513 in
590 4451 791 4514 remotissimo
825 4451 947 4515 meridie
985 4452 1158 4532 quaerenda
1193 4449 1261 4513 fuit.

145 4542 223 4604 mbra
239 4543 340 4603 Lunae
365 4540 483 4621 longius
507 4541 600 4603 etiam
615 4560 704 4623 quam
728 4561 805 4603 anno
832 4538 916 4605 1598
939 4562 958 4603 a
981 4540 1147 4604 meditullio
1172 4540 1260 4603 faciei

145 4649 203 4693 rsus
227 4629 446 4713 septentriones
471 4630 632 4695 aberravit.

145 4737 171 4779 .·o
184 4720 270 4783 nulla
283 4720 368 4782 nobis
388 4721 594 4801 exspectanda
608 4719 729 4802 eclipsis
745 4738 856 4800 magna
870 4738 964 4801 neque
980 4720 1019 4782 ad
1034 4737 1144 4781 annum
1163 4712 1259 4795 1621,

145 4808 252 4873 andum
268 4828 413 4872 annorum
429 4808 560 4889 deliquia
578 4828 690 4891 magna
712 4807 750 4871 iis
773 4810 958 4884 commendo,
983 4808 1034 4891 qui
1056 4815 1127 4871 tunc
1150 4806 1260 4883 victoni

145 4898 221 4977 rnjns
242 4899 311 4963 anni
337 4895 420 4964 1605
444 4897 584 4980 eclipsis,
613 4899 693 4983 quod
715 4897 888 4964 observatio
910 4918 978 4962 mea
1000 4894 1120 4974 docuit,
1142 4895 1188 4960 aio
1209 4902 1261 4963 eat

162 5003 198 5044 m.
1013 5000 1049 5052 47
