3368 5534
161 320 227 391 316
644 318 1029 378 permissumque·

162 503 235 566 tiam
260 505 312 565 αθ
334 501 505 565 0000000010
536 508 568 564 01
591 502 656 565 0100
684 502 810 586 00001011
838 503 963 567 00001110
991 504 1124 568 efficeret
1151 503 1268 584 justam
1295 509 1328 566 et
1357 503 1511 586 aequalem

162 593 220 674 ipsi
243 591 322 653 AD.

251 683 296 742 At
323 688 533 761 praeterquam
563 682 642 763 quod
674 681 792 745 iseum
823 683 974 746 axiomata
998 681 1101 762 quinto
1133 701 1266 763 pugnare
1298 682 1434 756 videtur,
1465 683 1513 767 qui

164 770 248 845 dicit,
271 770 425 850 planetam
449 770 477 831 vi
502 770 595 831 insita
618 771 758 851 progredi
781 772 818 833 de
842 773 908 834 loco
932 772 961 833 in
986 771 1083 833 locum
1106 790 1144 833 ex
1164 794 1181 853 γ
1202 773 1231 834 10
1254 777 1290 848 θ,
1314 772 1516 836 0001100110οι

163 860 225 923 0110
241 859 374 921 absurda
397 859 596 921 involvuntur.
636 859 771 922 Ducatur
789 861 867 922 enim
885 861 941 941 ipsi
965 859 1030 921 BD
1054 861 1217 940 parallelos
1241 862 1319 937 AN,
1345 869 1379 923 et
1393 861 1437 922 sit
1451 860 1516 922 AN

164 948 299 1030 aequalis
332 948 391 1027 ipsi
414 948 494 1023 BD,
519 956 550 1009 et
574 957 677 1010 centro
701 949 729 1010 N
753 950 902 1012 scribatur
925 949 1091 1031 epicyclus,
1124 951 1173 1030 qui
1200 969 1254 1031 per
1276 951 1305 1013 D
1328 950 1396 1013 mia
1444 948 1517 1013 Cum

164 1038 272 1118 igitur,
306 1037 457 1099 existente
482 1035 546 1100 OD
569 1038 703 1117 perlecto
727 1038 854 1111 circulo,
888 1039 977 1100 iidem
1001 1037 1195 1119 perficiantur
1226 1040 1327 1119 anguli
1352 1060 1374 1102 a
1393 1039 1516 1120 planeta

164 1128 193 1190 D
219 1127 298 1207 apud
321 1126 347 1188 B
371 1134 506 1188 centrum
522 1128 681 1189 eccentrici
700 1136 731 1188 et
755 1127 793 1190 ab
815 1128 845 1190 N
869 1137 972 1189 centro
996 1127 1121 1210 epicycli
1145 1128 1223 1209 apud
1242 1136 1379 1191 ceatmm
1393 1127 1517 1191 8011οΔ

63 1250 68 1257 -
165 1220 234 1298 (000
257 1216 522 1296 aequipollentiam
547 1217 785 1278 demonstratam
809 1217 907 1298 capite
931 1218 1003 1290 ll.),
1034 1217 1180 1279 diametro
1203 1218 1328 1301 epicycli
1352 1217 1439 1292 NI),
1473 1217 1517 1299 qni

167 1308 322 1385 planetam
345 1305 375 1366 in
390 1305 419 1366 D
433 1304 541 1378 habet,
575 1314 714 1368 manente
738 1307 795 1387 ipsi
819 1307 884 1369 AB
908 1307 1054 1387 parallelo
1077 1315 1217 1388 respectu
1241 1307 1317 1369 01100
1340 1307 1372 1368 10
1395 1306 1516 1368 mundo:

164 1396 233 1459 ideo
257 1394 305 1456 hic
327 1402 489 1474 poneretur
513 1394 618 1456 eadem
633 1395 774 1457 celeritas
797 1396 825 1457 N
850 1396 945 1458 centri
969 1395 1095 1476 epicycli
1110 1397 1192 1457 circa
1206 1416 1226 1458 a
1240 1395 1345 1459 Solem
1358 1403 1391 1458 01
1406 1395 1437 1457 D
1452 1395 1516 1477 pla·

165 1494 255 1548 00100
280 1483 359 1546 circa
381 1484 407 1545 B
431 1493 565 1545 centrum
589 1484 729 1565 epicycli,
764 1484 809 1546 ita
836 1493 869 1546 01
902 1485 990 1547 simul
1022 1485 1250 1547 intenderentur
1280 1486 1334 1548 isti
1365 1494 1468 1548 motus
1490 1494 1518 1546 01

167 1575 256 1638 simul
287 1573 528 1635 remitterentur:
562 1581 593 1634 et
623 1574 693 1653 quia
715 1573 845 1635 intensio
869 1583 900 1635 et
923 1574 1059 1636 remissio
1083 1582 1132 1636 est
1159 1595 1179 1637 a
1205 1575 1310 1656 majori
1338 1574 1390 1637 vel
1416 1573 1518 1637 mioori

166 1663 315 1726 distantia
339 1662 472 1744 corporis
495 1663 635 1742 planetae
655 1660 771 1735 aSole‚
796 1663 863 1723 ideo
887 1671 1021 1725 centrum
1045 1663 1187 1746 epicycli‚
1212 1683 1338 1726 manens
1363 1664 1393 1725 10
1419 1664 1519 1725 eadem

171 1753 333 1827 distantia,
363 1752 526 1830 fingeretur
549 1752 635 1813 tarde
658 1752 706 1813 vel
730 1752 868 1814 celeriter
896 1754 1009 1815 moveri
1032 1764 1156 1833 propter
1177 1753 1333 1834 planetam
1358 1753 1547 1816 distantem·

169 1842 288 1922 longius
312 1842 359 1902 vel
382 1840 501 1903 brevius
525 1861 544 1900 a
566 1838 648 1903 8010.

258 1931 300 1992 Et
323 1929 458 2011 quamvis
482 1929 578 1990 virtus
600 1928 740 2008 planetas
763 1928 876 1990 vehens
891 1929 1017 1992 celerior
1042 1937 1090 1993 est
1112 1929 1248 1993 omnibus
1272 1931 1393 1993 omnino
1416 1931 1519 2012 plauc-

170 2021 221 2096 tis,
246 2029 281 2082 ut
303 2027 458 2082 ostensum
481 2037 547 2098 cap.
570 2018 723 2093 XXXIV,
754 2018 802 2080 hic
825 2026 927 2081 tamen
951 2028 1035 2081 esset
1057 2020 1143 2082 nobis
1167 2020 1381 2100 supponendus
1413 2019 1518 2100 imagi-

174 2110 296 2173 natione
329 2128 404 2170 0000
436 2108 555 2170 virtutis
580 2127 617 2169 ex
640 2106 712 2169 8010
740 2108 841 2170 radius
864 2109 950 2185 AN,
980 2127 1034 2171 000
1065 2110 1161 2186 11000,
1196 2110 1227 2171 10
1255 2129 1314 2191 qna
1335 2109 1367 2172 N
1389 2117 1520 2173 0001000

175 2199 301 2281 epicycli
332 2205 478 2278 perpetuo
510 2205 660 2259 maneret:
694 2216 771 2278 quae
794 2198 875 2261 linea
897 2217 963 2260 cum
994 2199 1060 2279 ipso
1083 2207 1187 2262 centro
1210 2199 1238 2261 N
1260 2199 1414 2262 interdum
1445 2205 1523 2261 00001

171 2290 270 2362 tarda,
294 2287 443 2349 interdum
466 2285 572 2360 volox;
605 2287 712 2348 iterum
736 2296 841 2349 contra
864 2307 914 2362 00,
939 2306 1017 2368 quae
1040 2308 1132 2369 supra
1155 2289 1247 2362 dicta,
1271 2289 1352 2370 quod
1375 2288 1520 2352 01010010

172 2379 277 2441 eadem
300 2377 447 2439 distantia
470 2376 596 2438 eandem
617 2385 761 2456 perpetuo
785 2386 921 2456 praestet
936 2377 1138 2440 celeritatem:
1161 2380 1317 2461 planetam
1341 2397 1415 2440 vero
1431 2377 1519 2440 debe-

170 2486 270 2531 remus
292 2484 403 2546 ponere
427 2485 495 2526 0000
520 2466 708 2528 evolventem
721 2484 760 2528 ex
782 2467 838 2528 hoc
862 2466 1039 2547 imaginario
1064 2468 1148 2530 radio
1171 2469 1243 2530 AN
1267 2468 1296 2530 10
1320 2477 1428 2548 partes
1452 2486 1520 2529 con·

171 2557 282 2620 1000100
305 2555 489 2636 temporibus
513 2555 688 2636 aequalibus
712 2555 926 2636 inaequaliter,
957 2565 1045 2635 prout
1074 2558 1139 2640 ipse
1169 2557 1217 2619 bic
1241 2556 1343 2618 radius
1372 2557 1422 2619 vel
1447 2556 1520 2619 celer

171 2647 222 2708 vel
245 2645 351 2708 tarum
373 2645 467 2706 fieret.
514 2651 589 2724 (Hoc
617 2654 741 2711 ultimum
769 2655 923 2711 declinatur
950 2656 1022 2711 10100
1050 2674 1110 2728 000.
1138 2657 1239 2712 XLIX.
1266 2650 1370 2711 ceteris'
1399 2655 1520 2711 absurda

171 2736 370 2812 manentibus.)
411 2731 478 2804 Quo
511 2743 600 2814 pacto
629 2735 818 2813 geometricis
847 2736 965 2816 quidem
997 2746 1132 2799 veterum
1162 2736 1422 2817 suppositionibus
1453 2754 1520 2817 pro·

172 2828 274 2908 piorcs
296 2826 443 2897 fieremus,
468 2824 522 2886 sed
536 2845 554 2886 0
568 2823 701 2905 physicis
724 2824 980 2905 speculationibus
999 2825 1207 2889 aberraremus
1224 2844 1313 2907 quam
1338 2825 1521 2906 longissime,

173 2927 208 2979 ut
229 2924 383 2977 ostensum
406 2933 470 2994 cap.
497 2914 536 2975 11.
573 2912 678 2992 Neque
703 2913 855 2975 sufficiunt
878 2915 1078 2993 cogitationes
1101 2935 1186 2977 meae
1209 2914 1249 2976 ad
1273 2915 1438 2978 eruendum
1461 2932 1521 2976 000·

175 3006 254 3081 dum,
279 3023 337 3084 quo
359 3003 421 3064 ista
443 3004 616 3082 contingere
640 3012 765 3081 possent
788 3003 975 3066 naturaliter.

263 3092 436 3171 Simplicius
450 3092 540 3172 igitur
559 3091 764 3170 cogitarentur
787 3091 856 3167 ista,
881 3092 907 3153 si
931 3092 1147 3171 inspiceremus
1170 3094 1239 3156 ND
1263 3094 1445 3157 diametrum
1461 3092 1520 3173 epi·

174 3184 251 3268 cycli
283 3183 340 3245 sibi
373 3182 430 3262 ipsi
462 3190 605 3261 perpetuo
629 3181 806 3261 parallelum
830 3190 1010 3244 manentem.
1057 3184 1140 3246 Tunc
1174 3184 1265 3263 igitur
1294 3185 1421 3263 planeta
1453 3183 1521 3245 huuc

174 3283 287 3339 motum
319 3273 498 3343 conticeret,
530 3269 746 3349 imaginatione
778 3289 834 3331 000
865 3271 989 3353 epicycli
1024 3272 1078 3333 sed
1112 3274 1206 3335 centri
1240 3273 1401 3335 eccentrici
1425 3274 1466 3348 B,
1496 3282 1522 3332 et

175 3363 285 3427 tuendo
308 3381 376 3424 0000
399 3361 429 3421 10
453 3360 559 3422 eadem
582 3369 727 3439 perpetuo
744 3359 890 3421 distantia
913 3361 950 3422 ab
977 3361 1028 3422 illo
1051 3369 1166 3423 centro.
1205 3361 1248 3424 Ar
1271 3360 1326 3422 snb
1351 3362 1521 3443 principium

175 3454 274 3534 operis
298 3470 364 3532 cap.
390 3450 430 3511 ll.
455 3450 567 3510 dictum
592 3458 652 3522 est,
688 3448 933 3511 absurdissimum
956 3469 1041 3526 esse,
1075 3460 1109 3511 ut
1137 3452 1260 3531 planeta
1283 3453 1439 3531 (quamvis
1463 3468 1522 3512 eum

175 3552 275 3605 mente
299 3542 447 3612 instruas)
472 3540 651 3619 imaginetur
675 3538 730 3599 sibi
746 3548 880 3600 centrum
904 3547 935 3600 et
957 3541 994 3600 ab
1019 3559 1055 3601 eo
1079 3540 1264 3612 distantiam,
1291 3539 1320 3599 in
1346 3557 1403 3619 quo
1429 3548 1522 3601 centro

176 3633 289 3695 nullum
311 3629 461 3711 peculiare
476 3648 583 3709 corpus
606 3645 660 3706 pro
677 3635 749 3688 uota
772 3628 855 3689 insit.
892 3627 934 3689 Et
957 3630 1094 3710 quamuis
1109 3630 1231 3702 dixeris,
1255 3629 1411 3707 planetam
1432 3627 1522 3708 respi-

176 3741 245 3786 cere
268 3721 306 3783 ad
330 3718 432 3782 Solem
455 3719 498 3792 A,
523 3719 638 3798 etjam
661 3726 752 3778 autea
779 3717 855 3779 scire
888 3719 1073 3792 memoriter,
1108 3719 1212 3799 quales
1236 3717 1339 3778 ordine
1365 3717 1524 3780 distantiae

178 3833 198 3874 a
221 3812 292 3874 Sole
319 3806 445 3890 perlecti
468 3806 627 3869 eccentrici
650 3807 823 3886 contingere
847 3805 993 3869 debeant:
1023 3808 1151 3888 primum
1175 3808 1231 3869 boc
1256 3807 1401 3870 remotius
1431 3814 1526 3869 estet

179 3902 295 3980 indiget
316 3896 434 3968 mediis,
457 3917 532 3978 quae
548 3898 686 3958 ellectum
710 3896 836 3976 perfecti
853 3896 1008 3959 circularis
1031 3897 1149 3958 itineris
1172 3916 1238 3958 cum
1263 3896 1351 3977 signo
1365 3895 1524 3959 crescentis

180 3999 211 4052 et
226 3987 427 4051 decrescentis
451 3987 589 4049 diametri
606 3985 687 4048 Solis
710 3993 900 4058 connectant,
925 3987 1016 4048 etiam
1039 3987 1068 4048 in
1094 3987 1194 4066 aliqua
1209 3995 1318 4048 mente.
1370 3985 1405 4048 ld
1430 3993 1524 4048 autera

181 4080 309 4141 medium
339 4096 396 4140 000
427 4085 475 4137 001
502 4076 596 4149 aliud,
630 4074 688 4136 nisi
722 4076 832 4154 positio
863 4077 957 4136 centri
986 4075 1144 4138 eccentrici
1174 4077 1200 4136 B
1232 4076 1261 4137 in
1293 4082 1379 4136 certa
1411 4095 1433 4137 a
1461 4073 1526 4139 Sole

184 4168 345 4240 distantia;
370 4166 447 4246 quod
467 4166 532 4247 jam
553 4165 640 4226 modo
665 4165 786 4238 dictum,
811 4185 830 4224 a
852 4165 932 4225 nuda
955 4176 1054 4228 mente
1080 4164 1141 4226 lieri
1167 4184 1223 4227 non
1247 4182 1347 4244 posse.

270 4259 337 4319 Nou
370 4274 462 4334 nego,
495 4255 621 4333 cogitari
654 4272 744 4333 posse
778 4262 926 4327 centrum,
960 4262 991 4315 et
1014 4255 1095 4315 circa
1123 4254 1153 4314 id
1183 4255 1334 4316 circulum.
1383 4251 1447 4317 Sed
1478 4252 1528 4314 boe

67 4380 74 4395 ·
183 4347 264 4421 dico,
288 4347 314 4408 01
338 4354 473 4406 centrum
497 4344 681 4425 cogitatione
705 4344 772 4404 sola
794 4343 956 4417 consistat,
980 4344 1060 4405 nullo
1084 4352 1236 4423 tempore,
1262 4343 1343 4404 nullo
1367 4343 1528 4423 0100000-

183 4446 278 4512 terno,
302 4454 359 4497 000
384 4453 473 4513 posse
490 4435 569 4496 circa
592 4434 622 4495 id
637 4432 768 4494 ordinari
792 4432 914 4494 realiter
937 4433 1068 4513 corporis
1088 4433 1214 4513 alicujus
1238 4431 1358 4494 mobilis
1380 4432 1442 4495 iter
1463 4448 1529 4514 prr·

184 4528 262 4588 10010
284 4524 438 4586 circulare.

271 4615 437 4677 Praeterea
460 4614 486 4675 si
509 4612 632 4692 planeta
656 4630 728 4672 0000
747 4612 847 4691 justas
871 4610 1034 4673 distantias
1058 4631 1077 4672 a
1100 4609 1172 4674 Sole
1192 4610 1258 4690 lege
1283 4609 1386 4672 circuli
1410 4611 1529 4673 ordina·

185 4715 234 4768 tas
259 4704 448 4785 depromeret
471 4721 508 4763 ex
531 4701 682 4772 memoria,
708 4701 897 4781 depromeret
925 4701 1055 4762 indidem
1079 4702 1171 4763 etiam
1194 4708 1337 4781 tanquam
1362 4718 1400 4762 ex
1424 4699 1533 4762 tabulis

188 4794 358 4857 Prutenicis
383 4800 435 4854 aut
453 4789 651 4871 Alphonsinis
675 4791 815 4870 aequales
839 4808 925 4851 arcus
949 4790 1117 4866 eccentrici,
1142 4789 1342 4853 decurrendos
1366 4788 1533 4872 inaequali·

187 4883 243 4946 bus
261 4883 455 4963 temporibus,
478 4888 511 4943 et
529 4878 729 4943 decurrendoa
752 4878 942 4942 0100100000
964 4878 1105 4956 00801ος
1127 4878 1217 4943 01010
1239 4877 1408 4961 praesciret
1421 4895 1535 4944 memo·
