3368 5534
513 357 808 413 ·mssntm
1195 304 1400 430 ’1

46 545 143 599 uram
167 535 311 598 mundum
333 534 419 599 nohis
440 534 590 617 proprium
613 544 647 599 et
667 537 880 617 particularem
907 558 967 602 161
989 545 1079 622 puto,
1108 559 1179 605 nam
1208 548 1263 605 611
1292 546 1341 604 661
1369 550 1402 603 61

49 626 125 689 inter
147 626 220 708 ipaa
242 643 381 706 corpora,
402 644 478 707 quae
501 624 608 688 stellas
630 644 783 703 vocamus,
805 646 860 708 per
878 647 1063 710 consequens
1081 638 1113 691 et
1127 628 1207 710 ignis
1226 637 1259 691 et
1276 650 1355 712 aqua
1370 636 1402 693 et

50 724 138 778 terra.
187 716 314 778 Terram
344 721 444 795 antem
472 732 561 796 qoam
588 715 738 778 calcamus
766 716 879 779 nostris
908 716 1049 798 pedibus,
1077 736 1132 780 nec
1159 720 1319 781 rotundam
1346 737 1402 782 uec

54 804 207 885 globosus
232 822 301 866 esse
324 803 431 879 credo,
461 803 516 866 sed
538 804 579 865 ad
601 804 718 866 oralem
749 806 874 886 liguram
903 805 1026 887 propius
1056 807 1208 869 accedere.
1255 808 1309 881 (K.
1333 809 1403 871 Non

10 940 12 958 2
55 894 137 975 plane
160 892 436 967 contemnendum.)
479 892 545 954 Nec
560 892 643 956 Solis
656 912 711 955 166
731 894 887 957 stellarum
903 894 1001 957 lumen
1019 914 1056 957 ex
1070 896 1209 972 materia,
1233 898 1287 959 sed
1300 897 1403 978 potius

10 1008 12 1013 ’
57 1002 90 1044 ea
108 1001 213 1049 eornm
235 989 321 1044 motu
343 982 503 1063 procedere
527 990 559 1043 et
581 982 734 1045 dimanare
753 983 866 1063 judico,
894 984 1037 1065 planetae
1066 1004 1139 1047 vero
1173 1006 1192 1047 a
1221 985 1293 1050 Sole
1317 1005 1404 1048 suum

10 1074 12 1079 ’
57 1072 147 1134 lamen
181 1080 356 1147 assumunt,
386 1071 456 1154 quia
483 1070 600 1137 tardius
626 1080 784 1135 moventur
815 1081 847 1134 61
874 1073 1005 1153 propriis
1034 1074 1165 1137 motibus
1193 1074 1402 1156 impediuntur.

10 1164 13 1247 ξ
58 1160 216 1243 Keplerns:
243 1160 326 1232 Quid
347 1159 447 1241 potina
462 1159 573 1221 mirer?-
607 1159 805 1241 Stuporemue
821 1180 930 1239 meum,
953 1161 1003 1243 qui
1019 1163 1173 1244 patefacta
1187 1165 1260 1227 mihi
1277 1172 1403 1226 naturae

59 1250 221 1331 6616116116
243 1249 293 1312 his
315 1249 429 1325 literis,
456 1267 523 1311 oum
550 1248 621 1311 illae
644 1251 845 1331 accepissem,
875 1250 1073 1331 introspicere
1101 1254 1247 1315 contemsi
1270 1253 1403 1334 adeoque

60 1338 204 1402 oblivione
228 1337 367 1419 sepelivi,
389 1346 425 1401 ut
445 1356 483 1400 ne
505 1345 614 1427 pestes
634 1338 764 1420 quidem,
788 1360 855 1402 cum
878 1340 997 1403 clavem
1018 1342 1144 1402 eandem
1162 1342 1292 1404 adhaec
1310 1361 1404 1422 pene-

60 1427 141 1490 tralia
159 1446 338 1510 quaererem
352 1435 384 1489 et
400 1426 594 1501 invenissem,
617 1427 771 1490 literamm
790 1429 894 1491 harum
910 1428 1016 1491 inerim
1034 1431 1223 1506 recordatum
1248 1452 1286 1493 au
1305 1432 1406 1511 potios

60 1517 141 1580 mirer
162 1518 227 1580 rim
249 1515 399 1592 veritatis,
421 1536 497 1598 qnae
521 1515 636 1578 duobus
660 1535 729 1579 sese
750 1537 811 1580 non
833 1538 893 1580 una
915 1518 966 1579 via
987 1519 1121 1599 aperuit;
1145 1539 1185 1581 an
1208 1526 1333 1582 naturae
1356 1520 1405 1581 iu-

62 1607 183 1686 genium,
207 1624 296 1689 quae,
319 1606 399 1687 qnod
412 1605 520 1668 Brutio
532 1604 617 1666 dedit
639 1606 757 1669 occulto
779 1606 924 1669 instinctu
947 1628 966 1668 a
988 1607 1091 1688 priori,
1114 1608 1187 1671 mihi
1208 1608 1351 1670 methodo
1375 1617 1407 1669 et

61 1695 185 1758 11116116
213 1704 247 1758 61
273 1694 369 1757 661116
402 1694 565 1756 eruendum
596 1695 770 1757 concessit?
823 1696 881 1759 His
912 1696 1009 1758 literis
1040 1704 1169 1778 apparet
1199 1696 1407 1779 compendium

61 1782 202 1866 quoddam
223 1802 311 1846 meae
333 1782 476 1865 physicae
499 1783 643 1845 coelestis
665 1784 696 1846 in
718 1785 820 1848 Marte
842 1785 992 1866 proditae.

137 1873 229 1936 Hanc
245 1872 470 1935 annotationem
484 1872 650 1953 adscripsit
661 1873 812 1954 Ksplerus
828 1875 867 1935 ad
882 1873 981 1936 Brutii
997 1874 1103 1936 literas
1120 1874 1148 1936 d.
1165 1874 1195 1939 5.
1212 1875 1288 1955 Apr.
1312 1869 1406 1947 1610,

60 1980 144 2045 eaque
167 1981 226 2025 nos
248 1961 355 2037 movit,
377 1969 411 2024 ut
432 1960 504 2024 illas
523 1961 575 2024 hic
594 1962 774 2024 adderemus
783 1983 798 2038 ;·
817 1962 942 2044 Kepleri
965 1964 1083 2044 quidem
1104 1962 1210 2025 literae
1226 1964 1345 2037 desunt,
1368 1962 1408 2023 ad

60 2071 127 2133 quas
165 2051 293 2114 Brutine
333 2050 384 2112 his
422 2050 592 2132 respondit,
631 2071 727 2132 neque
766 2052 864 2114 elucet
906 2070 944 2113 ex
982 2052 1040 2115 hac
1080 2052 1295 2132 responsione,
1337 2050 1408 2132 q'uid

60 2141 203 2222 Keplerus
226 2139 399 2222 scripserit;
429 2148 531 2202 tamen
558 2141 681 2203 relectis
709 2140 779 2202 aliis
811 2139 923 2216 literis,
954 2161 1030 2223 quas
1059 2140 1113 2202 1116
1143 2149 1278 2221 tempore
1302 2139 1408 2201 amicis

61 2229 187 2312 scripsit,
210 2248 317 2312 parom
340 2228 421 2291 dubii
443 2230 511 2304 erit,
534 2229 565 2291 in
585 2230 632 2299 his
649 2249 764 2311 quoqne
779 2230 941 2310 Keplerum
962 2231 999 2291 de
1015 2229 1125 2291 studiis
1141 2229 1204 2291 suis
1227 2229 1408 2290 disseruisse

59 2326 87 2381 et
104 2318 184 2381 talia
203 2318 356 2400 tetigisse,
380 2336 456 2400 quae
473 2326 605 2380 mentem
618 2318 715 2380 Brutii
735 2318 766 2381 in
783 2318 992 2399 respondendo
1011 2318 1052 2380 ad
1070 2316 1181 2380 similia
1195 2316 1407 2398 pertraxerint.
1542 2335 1543 2339 ¹

60 2407 200 2472 Ceterum
221 2408 392 2489 praemissa
415 2409 605 2481 confirmant,
634 2426 710 2487 quae
734 2407 880 2483 diximus,
906 2408 1070 2488 Keplemm
1099 2427 1155 2488 per
1177 2402 1407 2469 anuum-1603.

59 2496 122 2560 aliis
144 2496 320 2560 dismiotum
342 2491 473 2577 negotiis
494 2514 600 2577 pamm
624 2496 744 2577 quidem
765 2497 934 2577 profecisse
954 2498 985 2559 iu
1008 2496 1172 2558 condendis
1188 2494 1299 2558 Martis
1314 2493 1408 2556 Com—

58 2587 221 2663 mentariis,
245 2605 343 2669 neque
364 2602 438 2648 vero
460 2585 550 2666 plane
573 2584 719 2647 intactum
742 2585 884 2665 rejecisse
904 2605 979 2667 opus
996 2586 1078 2667 quod
1093 2585 1307 2658 meditabatur,
1331 2602 1408 2664 qno·

59 2694 235 2758 qnorersom
257 2676 406 2738 intentum
429 2674 468 2735 ad
484 2673 601 2737 monita
618 2673 790 2749 amicorum,
814 2674 1082 2756 respicientemque
1101 2674 1216 2737 auxilia
1227 2674 1270 2735 ad
1286 2690 1408 2753 promo-

57 2765 179 2828 vendum
200 2765 362 2846 inceptum

137 2854 272 2937 Propius
295 2853 335 2916 ad
357 2870 420 2915 rem
442 2851 575 2915 accessit
591 2872 670 2914 anno
692 2848 787 2928 1604,
811 2851 1104 2934 61611616116116111
1125 2859 1189 2914 tum
1207 2851 1303 2931 ipsum
1328 2849 1409 2911 deti-

60 2943 165 3006 nebant
188 2944 303 3006 multae
327 2941 407 3004 aliae
429 2942 651 3023 occupationes.
698 2941 788 3004 lnitio
820 2942 909 3022 hujus
940 2942 1010 3003 anni
1040 2940 1224 3002 absolvendo
1259 2939 1343 3019 operi
1371 2939 1408 2999 de

60 3031 165 3114 Optica
196 3030 403 3106 incumbebat,
426 3048 482 3112 per
502 3048 623 3092 menses
646 3031 776 3110 Majum,
799 3032 922 3094 lunium
951 3038 983 3092 61
1003 3030 1117 3094 Julinm
1147 3029 1342 3109 aegrotabat,
1370 3027 1408 3089 ab
1455 3012 1467 3043 ‘

59 3122 140 3186 initio
156 3120 303 3186 Octobris
327 3138 421 3202 usque
444 3120 594 3182 adduam
618 3119 688 3181 6111
710 3120 835 3182 multum
858 3119 1003 3201 temporis
1026 3119 1222 3181 consumebat
1244 3117 1274 3178 in
1302 3117 1409 3179 obscr-

59 3212 153 3275 randa
177 3211 434 3291 describendoque
460 3207 579 3285 ,Stella
600 3208 708 3272 Nova“
732 3209 764 3272 in
787 3208 998 3290 serpentario,
1022 3226 1097 3290 quae
1120 3217 1184 3270 tum
1207 3207 1328 3268 effulsit.
1374 3207 1409 3269 In

58 3300 149 3365 literis
172 3301 213 3363 ad
227 3301 576 3381 Longomontanum
599 3297 689 3373 datis,
708 3316 784 3380 quae
802 3297 882 3360 inira
901 3305 1072 3380 sequentur,
1095 3298 1132 3358 (16
1149 3296 1258 3359 studiis
1278 3296 1341 3358 suis
1355 3295 1408 3356 illo

56 3398 186 3473 tempore
207 3389 297 3472 plura
319 3389 422 3452 refert.
466 3388 502 3450 In
525 3402 615 3468 opere
641 3387 708 3468 ipso
732 3395 852 3461 (capxl
873 3405 900 3447 66
916 3394 974 3457 xv)
997 3387 1091 3449 refert
1119 3385 1347 3449 observationes
1376 3384 1408 3446 in

56 3479 163 3556 116116,
187 3497 266 3562 qnae
292 3475 516 3542 commentaria
537 3476 727 3556 spectabant,
743 3496 879 3540 amense
894 3477 1057 3540 Februario
1072 3475 1103 3536 in
1118 3474 1256 3555 Aprilem
1275 3474 1408 3549 habitas,

57 3570 162 3650 quibus
190 3585 347 3631 numemm
373 3564 538 3648 complevit
566 3563 809 3629 observationum
840 3567 973 3629 locomm
1001 3564 1112 3628 Martis
1144 3563 1174 3626 in
1207 3562 1407 3643 oppositione,

57 3677 180 3740 quarum
201 3656 365 3723 maximam
386 3665 505 3737 partem
528 3655 712 3738 eTycbonis
727 3655 875 3718 desumsit
888 3652 1111 3735 manuscriptis,
1136 3661 1167 3713 et
1181 3671 1256 3734 quas
1272 3650 1410 3714 adhibuit

57 3746 308 3810 adtendendam
331 3744 600 3826 stabiliendamque
623 3763 732 3806 novam
756 3764 840 3807 suam
862 3743 1052 3827 hypothesin.

143 3835 206 3901 Die
231 3833 261 3898 7.
285 3832 357 3899 Feb.
385 3830 478 3898 1604.
503 3832 667 3914 Keplerus,
699 3833 790 3896 dubia
812 3843 844 3894 et
866 3833 1057 3915 quaestiones
1079 3830 1209 3894 Fabricii
1239 3829 1409 3910 ponderans

59 3928 155 4011 adque
172 3943 227 3988 eas
240 3923 438 4006 respondens,
455 3923 531 3985 haec
542 3921 580 3983 (16
595 3921 853 4005 disquisitionibus
869 3923 932 3984 suls
945 3920 1075 4002 profert:
1100 3938 1204 3981 omnes
1219 3919 1409 3981 demonstra-

56 4017 163 4092 tiones,
189 4015 244 4089 ait,
265 4032 298 4076 se
316 4013 357 4075 ad
369 4011 547 4086 Ptolemaei,
572 4011 731 4093 Copemiei
754 4019 787 4073 et
804 4010 956 4094 Tychonis
978 4008 1163 4091 hypotheses
1186 4008 1408 4087 adoptatorum,

56 4126 120 4170 cnm
133 4103 282 4188 Tychone
300 4103 367 4183 jam
391 4108 590 4187 ,conventum
606 4102 714 4178 esse“;
738 4100 860 4163 deinde:
885 4119 922 4162 ex
941 4096 1201 4162 observationibus
1220 4093 1408 4176 acronychiis

55 4195 148 4258 talem
172 4211 244 4256 esse
265 4191 506 4254 constituendam
528 4190 725 4273 hypothesin,
751 4210 767 4252 e
791 4209 849 4272 qua
870 4189 956 4251 locus
984 4188 1125 4269 planetae
1148 4185 1285 4248 eliciatur
1317 4181 1407 4243 etiam

54 4293 127 4360 11111,
146 4300 218 4346 cum
232 4299 294 4343 non
309 4280 341 4342 iu
357 4279 545 4362 oppositione
561 4280 660 4343 fuerit.
690 4279 833 4360 Figuram
846 4278 962 4340 orbitae
976 4276 1096 4358 prodire
1111 4275 1264 4357 hucusque
1279 4270 1405 4363 ovalem.

55 4374 231 4447 1161161611,
243 4389 303 4451 qua
316 4370 439 4451 propius
453 4369 492 4431 ad
508 4388 629 4450 scopum
645 4370 786 4449 attingat,
796 4368 926 4430 nondum
939 4387 958 4427 6
969 4385 1001 4428 66
1016 4384 1083 4426 6666
1098 4363 1259 4436 inventam,
1269 4356 1406 4441 quamvis

53 4462 244 4544 paulopost
264 4458 420 4541 quaerenti
441 4457 580 4522 Fabricio
606 4458 797 4540 ,ellipoidem
820 4457 927 4519 suum“
958 4455 1112 4537 explicans
1139 4461 1171 4516 et
1201 4464 1322 4515 causam
1354 4462 1406 4505 cur

55 4552 224 4627 ,1166161116
247 4548 446 4628 expetendum
468 4565 537 4609 csse
559 4546 730 4628 putaverit“
755 4547 855 4609 addit:
885 4543 1095 4607 limitationem
1119 4542 1249 4622 aliquam
1272 4552 1305 4596 66
1328 4550 1405 4594 nunc

53 4642 166 4705 videre.
222 4636 341 4701 Deinde
370 4636 524 4717 problema
553 4636 642 4698 affert
672 4636 765 4709 idem,
796 4634 877 4717 quod
907 4633 1031 4696 exhibet
1058 4631 1089 4693 iu
1119 4620 1405 4722 0611111061-

54 4727 280 4802 mentariornm,
303 4724 432 4789 addens:
455 4725 514 4789 Die
536 4724 644 4808 quibus
666 4725 697 4787 111
714 4723 845 4788 numeris
863 4729 895 4784 et
909 4722 969 4784 eris
984 4721 1057 4784 mihi
1071 4738 1197 4798 magnus
1212 4710 1403 4810 Apollqmuss·

139 4821 177 4883 ln
199 4814 300 4880 literis
323 4813 352 4875 d.
378 4810 428 4879 14.
451 4814 525 4877 Dec.
553 4808 984 4878 1004.’611Μ66611111111
1013 4809 1110 4882 datis,
1141 4808 1179 4868 de
1210 4796 1402 4878 ,laborrbns“

56 4909 117 4972 auia
137 4908 172 4972 in
195 4902 432 4974 commutariia
452 4902 586 4988 loquitur
615 4910 649 4965 et
668 4902 700 4966 in
721 4903 780 4966 116
802 4899 897 4976 addit,
923 4918 1011 4975 „cum
1039 4898 1076 4962 de
1098 4892 1272 4959 valetudine
1302 4901 1405 4965 angar,
