3368 5534
161 310 227 382 324
644 317 685 368 n·
702 316 814 369 66666
832 315 926 369 ssia
943 312 1032 369 nus·

249 497 344 560 Porro
369 494 474 557 eadem
497 493 614 557 ratione
629 496 860 571 demonstratur,
882 497 973 558 etiarn
987 497 1037 568 (61
1058 495 1115 557 666
1137 495 1235 561 obiter
1256 496 1385 570 addam)
1397 496 1515 560 distan-

160 582 222 648 tias
246 584 284 647 ab
307 584 348 656 A,
371 585 589 664 respondentes
613 586 749 648 omnibus
773 581 838 649 360
862 585 1005 664 gradibus
1035 584 1160 663 integris
1183 585 1285 665 anguli
1308 585 1349 647 ad
1373 587 1404 648 A
1427 589 1517 668 (qnae

162 682 234 736 sunt
250 672 285 735 in
316 672 462 753 superiori
487 672 597 753 capitis
619 675 727 738 XXX.
751 675 890 748 tabula),
922 674 1066 736 collectas
1094 674 1125 737 in
1153 693 1242 736 unam
1271 690 1422 737 summam
1451 693 1516 739 6666

161 763 293 825 minores
316 781 405 843 quem
429 759 615 827 36000000.
655 762 839 838 Traiiciatnr
861 764 940 824 enim
963 781 1016 841 per
1038 765 1068 826 A
1091 772 1234 843 punctum
1257 772 1343 826 recta
1365 784 1516 845 quaecun-

162 870 230 934 que,
252 860 374 931 praeter
397 849 474 926 DC,
501 871 577 930 quae
601 853 642 914 sit
664 852 743 926 EV,
775 860 807 913 et
829 859 1045 914 connectantur
1067 852 1108 926 Ε,
1132 852 1162 912 V
1185 871 1251 914 cum
1274 852 1312 914 B.
1359 853 1461 915 Erunt
1491 853 1517 915 in

162 940 314 1020 triangulo
336 938 433 1000 EBV
466 946 568 1001 rectae
599 941 670 1015 ΕΒ,
703 941 766 1001 BV
795 941 920 1020 junctae
956 940 1106 1019 longiores
1140 960 1228 1023 quam
1251 940 1326 1016 EA,
1351 941 1421 1003 AV
1444 942 1516 1004 dnae

164 1029 328 1092 distantiae
348 1029 516 1107 oppositae.
556 1027 618 1091 Sed
640 1028 709 1103 ΕΒ,
734 1030 796 1091 BV
820 1049 922 1090 omnes
937 1025 1002 1092 360
1016 1031 1163 1097 66066166
1187 1031 1303 1093 faciunt
1331 1026 1517 1105 36000000,

164 1136 237 1198 ergo
259 1117 332 1192 EA,
356 1117 425 1179 AV
448 1136 550 1178 omnes
574 1114 639 1181 360
663 1119 810 1180 collectae
836 1119 948 1181 facient
969 1119 1066 1180 minus
1089 1139 1177 1199 quarn
1202 1116 1393 1183 36000000.

251 1207 296 1270 Ut
318 1205 410 1286 igitur
432 1215 585 1285 repetam,
617 1208 778 1288 quaejam
802 1216 872 1269 sunt
895 1208 993 1279 dicta,
1027 1207 1101 1268 haec
1125 1208 1334 1287 aequationem
1363 1206 1517 1270 methodus

164 1295 464 1377 compendiosissima
479 1296 596 1376 quidem
621 1304 677 1365 est,
702 1306 733 1357 et
757 1297 944 1358 naturalibus
968 1305 1101 1358 motuum
1124 1296 1225 1359 causis
1248 1297 1398 1358 hactenus
1422 1296 1515 1377 expli·

164 1385 241 1449 catis
264 1385 412 1457 innititur,
436 1385 490 1445 sed
513 1392 546 1446 et
568 1385 597 1445 in
622 1386 741 1446 theoria
765 1384 846 1447 Solis
870 1384 917 1446 vel
943 1386 1054 1446 Terrae
1084 1385 1344 1466 scrupulosissime
1368 1384 1516 1449 satisfacit

165 1475 347 1549 observatis,
364 1473 418 1536 sed
429 1481 529 1535 tamen
541 1474 569 1535 in
582 1474 696 1536 duobus
707 1483 828 1553 peccat:
847 1475 952 1554 primo,
966 1475 1043 1554 quod
1052 1475 1138 1554 ponit
1153 1474 1283 1536 orbitam
1297 1476 1445 1554 planetae
1455 1493 1515 1537 esst

162 1564 331 1645 perfectum
350 1563 502 1636 circulum,
529 1564 607 1643 quod
627 1583 728 1624 verum
752 1583 811 1625 uon
830 1582 897 1623 esse
923 1564 1000 1624 infra
1014 1563 1269 1626 demonstrabitur
1298 1582 1366 1644 cap.
1395 1564 1515 1637 XLlll3

165 1653 274 1722 (Posito
299 1653 425 1724 elliptics
452 1652 543 1707 orbita
563 1655 696 1724 planetae
721 1654 790 1709 nihil
817 1662 915 1724 peccat
940 1654 1012 1709 haec
1035 1656 1188 1712 methodus.
1228 1655 1305 1711 Nota
1324 1672 1397 1727 ergo
1423 1650 1514 1720 illan)

165 1733 308 1807 secundo,
332 1732 411 1813 quod
433 1732 524 1810 plano
543 1734 637 1794 utitur
660 1751 717 1793 666
734 1742 839 1794 exacte
854 1733 998 1795 metiente
1012 1734 1175 1796 distantias
1199 1732 1328 1796 omnium
1345 1746 1515 1816 punctorum

167 1821 297 1886 aSole:
331 1839 455 1900 quarum
487 1828 586 1883 tamen
611 1840 769 1883 causarum
803 1822 900 1883 altera
929 1823 1070 1896 alteram,
1104 1823 1182 1902 quod
1210 1823 1347 1886 miraculi
1376 1823 1444 1885 loco
1473 1823 1515 1896 sit,

165 1911 358 1975 exactissime
382 1910 471 1985 tollit,
495 1917 528 1971 ut
551 1911 630 1972 infra
654 1910 908 1974 demonstrabitur
931 1911 1028 1990 capite
1052 1911 1136 1975 LIX.

253 2000 296 2063 Et
318 1999 388 2082 quia
410 1998 486 2061 haec
509 2007 595 2061 aetas
618 2000 898 2080 praestantissimos
921 2000 1013 2063 habet
1034 2009 1218 2080 geometras,
1240 1999 1291 2081 qni
1314 2000 1469 2063 interdum
1490 2001 1514 2062 in

166 2091 255 2154 rebus
278 2108 338 2152 non
361 2089 405 2150 ita
428 2087 581 2150 manifesti
605 2108 676 2151 usus
691 2090 844 2152 desudant
865 2089 1043 2164 diutissime,
1068 2091 1187 2170 appello
1207 2107 1311 2152 omnes
1327 2099 1361 2151 et
1374 2089 1514 2169 singulos,

165 2187 201 2243 nt
221 2178 273 2242 hic
296 2197 343 2241 me
370 2177 479 2257 juvent
501 2178 531 2240 in
559 2178 648 2256 plano
682 2179 782 2259 aliquo
813 2178 1005 2258 inquirendo,
1037 2180 1116 2259 qnod
1149 2178 1355 2260 aequipolleat
1386 2177 1516 2241 collectis

167 2268 318 2333 universis
341 2265 505 2328 distantiis.
544 2265 737 2330 Geometrice
761 2267 880 2348 quidem
904 2268 980 2340 (late
1004 2276 1130 2347 accepta
1151 2271 1242 2341 voce)
1262 2267 1294 2329 id
1314 2268 1381 2347 ipss
1406 2266 1513 2329 inveni:

167 2359 222 2422 sed
253 2357 382 2419 doceant
413 2373 461 2417 me
494 2375 668 2429 numerare,
702 2357 779 2437 quod
803 2375 859 2434 ego
890 2356 1071 2435 geometrice
1103 2357 1274 2431 delineavi;
1304 2356 1367 2419 imo
1395 2356 1515 2419 (1666661

169 2450 295 2528 figuram
309 2447 463 2507 inventam
481 2445 639 2524 quadrare.
674 2445 851 2526 Explicetur
865 2445 956 2524 igitur
970 2446 1287 2509 semicireumferentia
1303 2444 1513 2521 0610111611)

513 2535 543 2596 iu
559 2534 668 2596 lineam
682 2542 805 2607 rectam,
824 2542 856 2596 ct
869 2535 1020 2597 dividatur
1035 2535 1065 2597 in
1079 2544 1184 2615 partes
1198 2536 1326 2598 totidem
1343 2544 1419 2615 quot
1432 2535 1514 2617 prins,

513 2623 633 2704 punctis
652 2621 693 2698 G,
709 2624 747 2698 H,
762 2623 800 2697 Ε,
816 2624 842 2695 1,
859 2625 906 2685 K:
932 2631 1016 2685 etex
1034 2624 1154 2704 punctis
1169 2624 1352 2687 divisionum
1370 2624 1513 2704 erigantur

399 2726 417 2772 6
443 2722 461 2772 Α
513 2713 776 2794 perpendiculares
791 2714 931 2793 aequales
946 2713 1030 2775 radio
1046 2712 1114 2777 CB:
1136 2722 1168 2775 et
1181 2715 1340 2777 claudatur
1355 2714 1511 2792 parallele-

282 2594 335 2662 ug.
357 2592 398 2643 ss.

225 2780 408 2927 .
514 2821 688 2883 vammum·
728 2801 794 2864 Erit
819 2802 848 2863 id
872 2802 994 2883 duplum
1017 2803 1056 2864 ad
1079 2802 1263 2882 triangulum
1276 2802 1511 2874 Archimedem,

236 2941 237 2944 ¹
395 2914 399 2947 ¹»
427 2886 474 2947 ‘t
515 2911 572 2973 quo
597 2890 778 2953 semicirculi
801 2910 902 2953 aream
932 2891 958 2953 is
986 2892 1117 2955 metitur.
1157 2892 1274 2963 Quodsi
1294 2910 1333 2953 ex
1356 2892 1512 2954 secenum

423 3052 437 3062 ,γ
514 2981 641 3061 singulis
660 2981 690 3042 in
710 2980 788 3042 hunc
811 2980 931 3042 modum
955 2981 1074 3062 singula
1097 2981 1205 3043 feceris
1227 2980 1510 3062 parallelogramma,

395 3078 397 3101 ³
423 3055 463 3119 ἶ
513 3080 585 3135 1666
608 3077 705 3132 totum
729 3070 1041 3149 parallelogrammum
1069 3070 1195 3133 divisum
1226 3071 1257 3133 in
1285 3078 1392 3150 partes
1419 3068 1510 3150 seqni-

396 3230 398 3237 ,
513 3160 640 3241 pollebit
663 3158 719 3221 toti
744 3177 832 3220 areae
861 3158 1059 3223 semicirculi:
1093 3158 1203 3240 ubique
1235 3160 1356 3223 scilicet
1387 3155 1511 3240 regnabit

396 3249 398 3257 ’
515 3249 592 3311 ratio
616 3248 717 3327 dupla.

602 3337 813 3399 Extendantur
849 3343 950 3398 autem
989 3336 1018 3397 in
1054 3337 1131 3399 hunc
1168 3337 1295 3401 eundem
1334 3337 1454 3400 modum
1484 3344 1509 3395 st

514 3427 678 3489 distantiae
712 3425 787 3498 CA,
823 3422 882 3488 GA
916 3427 969 3488 fre.
1010 3432 1042 3486 et
1081 3434 1194 3506 puncta
1236 3427 1266 3489 A
1305 3436 1509 3489 connectantur

515 3514 722 3588 conchoide*)
747 3514 869 3576 AAAA
891 3533 945 3593 per
974 3514 1094 3593 singula
1124 3524 1236 3595 puncta
1270 3516 1363 3579 ducta
1386 3520 1509 3597 (quorun

378 3682 382 3691 Ι
515 3613 585 3669 6661
603 3605 720 3667 infinita
737 3603 900 3684 potentia),
920 3606 1014 3683 ligura
1032 3604 1149 3669 AACD
1172 3604 1390 3685 aequipollebit
1405 3606 1509 3669 distan-

382 3697 388 3700 ’
515 3695 566 3757 tiis
590 3694 726 3758 omnibus
742 3713 780 3755 ex
799 3694 838 3755 A.
876 3693 956 3756 Nam
979 3692 1118 3755 similiter
1140 3712 1178 3755 ex
1194 3693 1322 3773 singulis
1346 3694 1438 3757 lineis
1450 3690 1508 3763 Ab,

515 3785 575 3847 ΑΗ
598 3785 711 3846 factum
741 3790 789 3844 est
819 3801 907 3844 unum
930 3782 1243 3862 parallelogrammum
1266 3802 1358 3863 quarn
1379 3782 1510 3864 proxime.

516 3873 573 3936 nisi
597 3871 676 3952 qnod
707 3871 848 3933 conchois
880 3871 938 3950 ipsi
963 3870 1018 3935 CD
1040 3872 1203 3951 parallelos
1225 3890 1285 3935 non
1308 3883 1377 3947 est,
1402 3872 1455 3934 sed
1475 3870 1510 3933 sic

517 3962 663 4023 inclinata
686 3961 725 4021 ad
748 3959 850 4023 radios
875 3959 945 4033 GA,
965 3961 1034 4034 uA.
1054 3960 1120 4034 EA,
1146 3961 1233 4023 utin
1256 3961 1323 4041 ipso
1346 3962 1440 4025 ctiam
1461 3960 1512 4022 cir·

401 4070 403 4083 *
439 4113 445 4135 ,
517 4051 583 4113 6616
616 4049 797 4112 inclinantur
829 4048 992 4113 distantiae
1024 4050 1064 4110 ad
1094 4050 1387 4113 circumferentiam:
1422 4061 1454 4113 nt
1476 4048 1513 4111 ita

518 4139 591 4201 nihil
616 4138 769 4218 impediat,
793 4139 873 4218 quod
892 4138 1107 4201 conchoisAA
1133 4140 1246 4220 longior
1269 4149 1319 4203 est
1337 4141 1514 4221 factaquan

518 4227 719 4291 semicirculus
749 4225 814 4290 CD.
869 4227 927 4289 Est
959 4237 1060 4289 autem
1088 4227 1146 4290 EA
1177 4229 1295 4308 longior
1330 4248 1422 4310 quam
1450 4227 1514 4299 EB3

436 4310 438 4315 ⁴
518 4319 624 4398 quodsi
657 4325 842 4379 sumerentur
876 4316 940 4391 CA,
966 4315 1039 4391 GQ,
1071 4317 1147 4391 HR,
1168 4317 1238 4392 ΕΒ,
1271 4316 1322 4394 18,
1354 4318 1426 4395 KL,
1453 4317 1514 4389 DA,

519 4414 647 4488 quantas
679 4406 880 4468 determinant
910 4407 1172 4486 perpendiculares
1201 4407 1353 4471 demissae
1380 4426 1420 4469 ex
1440 4404 1515 4472 A'n

520 4495 682 4557 distantias
711 4503 888 4575 punctorum
915 4517 934 4556 a
956 4498 981 4557 B
1006 4498 1054 4568 (ut
1084 4496 1110 4558 si
1139 4495 1167 4557 in
1195 4496 1351 4559 schemate
1384 4493 1516 4559 circulari

402 4624 437 4681 ff
451 4618 471 4674 s'
520 4586 550 4647 in
587 4586 642 4647 ΗΒ
679 4585 883 4648 continuatam
922 4585 1116 4647 descenderet
1158 4586 1419 4666 perpendicularis
1453 4582 1516 4657 AR

520 4675 722 4737 determinans
746 4674 805 4737 llll
826 4674 994 4739 breviorem
1023 4694 1112 4758 quam
1134 4675 1210 4748 HA)
1233 4683 1304 4739 tunc
1327 4676 1424 4757 figura
1446 4676 1517 4738 inter

174 4744 445 4758 .‘—------.—-
462 4743 484 4752 -a

262 4788 290 4861 ⁸)
312 4792 537 4846 Conchoidss
563 4792 621 4846 dico
647 4810 701 4846 non
734 4792 810 4846 illam
838 4791 989 4846 Nicostrati
1020 4797 1202 4861 (1116666666),
1235 4808 1308 4865 quac
1335 4792 1445 4849 infinita
1468 4800 1516 4851 0⁵·

174 4871 213 4926 sic
234 4872 274 4926 illi
296 4873 377 4935 dicta,
399 4874 469 4943 quod
492 4872 586 4927 similis
607 4873 745 4927 conchae:
767 4873 814 4925 sed
828 4870 913 4937 illam,
934 4889 1005 4942 quas
1026 4872 1120 4929 similis
1133 4882 1178 4931 act
1195 4872 1338 4935 conchnirh‘
1351 4873 1515 4933 unum:

174 4959 206 5009 ut
225 4952 398 5009 rhomboides
417 4952 530 5009 dicimus
550 4952 577 5006 id
598 4954 669 5025 quod
690 4958 734 5007 est
753 4950 841 5007 simile
861 4951 982 5010 rhombo.
1018 4955 1115 5027 (Gonp.
1133 4975 1158 5029 p.
1177 4956 1235 5024 03.)
