3368 5534
267 293 311 363 80
693 298 795 351 Literae
814 297 919 364 Keplsrl
935 294 1087 365 alienaque
1100 254 1207 351 mamae

264 474 346 556 pium
370 481 520 555 petentes.
567 476 603 539 ld
626 475 736 556 proba,
769 477 849 539 male
878 476 988 540 habere
1012 495 1110 540 meam
1134 475 1369 541 eccentricitatis
1393 475 1630 554 ordinationem,

264 565 427 628 destructis
450 566 498 641 iis,
524 565 631 645 quibus
654 567 758 628 rideas
782 567 1074 648 superaedificatam.

265 709 270 718 .
354 655 401 715 De
438 653 740 738 aequipollentia
776 656 1039 738 hypotheseon
1071 656 1169 720 sentio
1203 654 1326 737 plagam
1349 655 1379 718 in
1407 653 1505 735 digito
1538 655 1629 737 pedis

266 744 402 821 minimo,
453 746 580 818 Fateor,
620 745 772 806 minimum
805 745 918 824 aliquid
951 745 1125 808 mutandum
1158 752 1206 807 est
1239 744 1268 807 in
1302 743 1558 815 dimensionibus,
1594 753 1631 809 ut

263 852 400 914 aequans
424 833 627 896 Ptolemaicus
651 843 683 894 et
705 835 882 916 epicyclium
906 832 1145 915 Cepernicanum
1167 831 1253 914 paria
1276 833 1401 896 saciant.
1448 833 1557 914 Neque
1581 833 1629 898 aie

266 930 370 987 umen
394 923 484 1001 plane
507 922 761 1003 aequipollebnnt,
784 924 894 1004 siquis
912 924 990 986 inira
1004 924 1137 985 secunda
1151 923 1292 1003 scrupula
1304 931 1411 1004 posset
1428 923 1627 987 descendere.

265 1010 398 1075 Causam
422 1030 550 1092 quaeres
583 1012 613 1074 iu
638 1010 821 1094 Copernioo,
855 1012 905 1076 nbi
937 1013 974 1075 de
1002 1013 1093 1077 trium
1125 1013 1310 1094 superiorum
1342 1011 1563 1094 inaequalitate
1598 1011 1628 1076 in

260 1120 371 1183 genere
395 1102 469 1181 agit.

288 1246 292 1254 .
350 1191 397 1252 De
421 1189 662 1261 miraculosa,
685 1197 719 1250 nt
742 1190 802 1266 ais,
827 1190 961 1254 Martis
984 1190 1186 1254 latitudine
1218 1189 1384 1254 identidem
1418 1189 1475 1253 tibi
1506 1197 1626 1271 repeto,

259 1280 334 1344 nihil
355 1299 403 1342 me
427 1298 464 1341 ex
488 1298 556 1341 mea
572 1278 738 1361 hypothesi
762 1280 890 1356 dixisse,
920 1280 1053 1363 adeoque
1086 1300 1124 1342 ne
1156 1280 1274 1361 quidem
1308 1287 1464 1355 tentasse,
1495 1281 1551 1342 sed
1588 1300 1627 1344 ex

259 1369 421 1452 ipsissimis
445 1368 706 1431 observationibus
730 1387 797 1432 cnm
820 1377 904 1432 esset
926 1369 1010 1434 Mars
1035 1370 1064 1432 in
1087 1376 1127 1443 r.
1153 1401 1194 1411 —

346 1457 488 1521 Revocas
511 1476 558 1520 me
583 1462 621 1526 (in
646 1465 724 1516 huus
742 1466 766 1516 d.
789 1463 855 1529 1111.
875 1463 958 1526 Febr.)
987 1460 1026 1521 ad
1054 1459 1203 1521 theoriam
1225 1457 1345 1521 Martis.
1392 1455 1493 1539 Supra
1516 1456 1624 1522 multa.

259 1547 377 1629 Sequar
413 1555 444 1610 te
481 1555 594 1609 tamen.
643 1543 774 1609 Causam
811 1548 890 1629 petis
927 1549 1132 1628 probabilem,
1171 1567 1241 1622 cnr,
1279 1555 1441 1628 postquam
1476 1547 1625 1613 constitui

260 1636 441 1718 acronychia
472 1635 633 1698 eccentrici
664 1636 731 1698 loca
760 1655 815 1716 per
848 1644 960 1700 certam
1001 1637 1272 1712 eccentricitatem,
1308 1636 1347 1698 ab
1384 1656 1422 1698 ea
1450 1645 1564 1716 postea
1595 1637 1625 1703 ia

258 1726 438 1810 quaerendis
469 1723 678 1807 parallaxibns
708 1726 820 1806 aliquid
854 1726 995 1790 demam?
1036 1726 1239 1807 Respondeo:
1273 1725 1379 1789 vitium
1402 1744 1490 1789 omne
1516 1745 1555 1789 ne
1579 1726 1624 1791 sic

258 1816 378 1899 quidem
406 1817 514 1890 abest,
548 1834 615 1876 cnm
645 1823 736 1877 aucta
759 1824 827 1878 utar
850 1815 1095 1892 eccentricitate‚
1125 1835 1181 1879 nec
1210 1816 1299 1897 plane
1329 1816 1396 1877 loca
1423 1816 1461 1877 ad
1491 1834 1623 1895 unguens

257 1905 344 1969 reddi
380 1913 525 1985 possunt,
564 1903 590 1964 si
625 1903 701 1966 libet
732 1904 947 1985 ἀκριβολογωε
991 1906 1046 1967 sed
1084 1912 1167 1967 esset
1196 1905 1344 1972 utendum
1382 1904 1470 1984 justa
1511 1925 1623 1968 eccen-

257 1995 409 2068 tricitste,
446 1994 499 2056 sed
535 2012 591 2073 per
627 1994 834 2077 operationem
862 1995 944 2077 plani
982 1994 1131 2074 ellipoidis
1159 2014 1212 2056 seu
1248 1993 1436 2079 metopoidis.
1488 1995 1536 2057 At
1567 2012 1623 2075 per

257 2083 401 2147 vicariam
431 2091 464 2146 et
499 2091 619 2145 auctam
656 2085 912 2148 eccentricitatem
949 2083 1190 2164 compendiosius
1220 2091 1255 2159 et¹
1284 2084 1365 2146 intra
1401 2102 1510 2146 sensus
1544 2083 1620 2145 anb-

261 2174 406 2237 tilitatem
429 2172 632 2234 descenditur.
679 2174 895 2255 Aequipollent
918 2173 998 2235 enim
1027 2173 1189 2236 secundum
1218 2171 1315 2252 magis
1339 2179 1372 2234 et
1393 2172 1491 2237 minus
1515 2171 1622 2237 variae

258 2262 456 2347 hypotheses.
502 2261 652 2335 Primum,
676 2261 703 2324 si
727 2264 821 2325 umus
850 2262 1069 2326 immanissima
1096 2261 1339 2337 eccentricitate,
1372 2259 1621 2327 nihilominnain

258 2369 398 2436 apogaeo
422 2359 455 2413 et
477 2349 619 2430 perigaeo
644 2352 712 2413 loca
734 2362 905 2434 sequentur,
932 2352 1089 2414 dummodo
1110 2350 1237 2431 apogaei
1262 2351 1344 2413 locus
1369 2359 1400 2411 et
1420 2350 1621 2415 revolutionis

257 2451 379 2522 tempus
410 2457 512 2500 rernm
544 2439 699 2504 habeatnr.
747 2440 879 2523 Reliqua
908 2442 977 2504 loca
1008 2441 1109 2503 omnia
1138 2441 1247 2502 vitiose
1277 2439 1452 2519 prodibunt.
1499 2439 1619 2505 Deinde

254 2550 310 2614 par
333 2528 591 2591 eccentricitatem
614 2531 740 2593 totalem
764 2541 892 2612 quatuor
916 2532 983 2595 loca
1007 2530 1036 2591 in
1058 2548 1212 2609 apogaeo,
1242 2529 1404 2608 perigaeo,
1428 2528 1621 2593 intermediis

126 2682 132 2690 ,
256 2620 428 2684 constitues
458 2636 544 2691 vere,
577 2618 675 2680 deerit
707 2620 819 2701 aliquid
850 2620 925 2682 locis
955 2619 1065 2680 ceteris
1093 2618 1246 2680 omnibus:
1279 2619 1323 2680 sic
1352 2627 1452 2680 minen
1478 2625 1513 2680 ut
1544 2618 1620 2682 nihil

254 2707 394 2790 impediti
418 2704 531 2771 luerint
554 2717 674 2770 veteres
697 2710 754 2771 hoc
779 2710 887 2790 exiguo
911 2709 1031 2771 deiectu
1055 2707 1084 2768 in
1102 2707 1206 2769 Lunae
1230 2707 1361 2769 motibus
1384 2706 1619 2788 investigandis.

255 2799 292 2863 In
316 2807 341 2869 (t
365 2795 465 2860 adhuc
489 2795 587 2876 major
611 2798 823 2862 ecoentricitas
848 2797 929 2861 Solis
959 2816 1098 2877 magnum
1122 2797 1152 2859 in
1182 2795 1354 2859 octantibus
1377 2795 1454 2858 iacit
1477 2815 1620 2861 errorem

376 2957 382 2968 ,
578 2886 657 2951 Nam
687 2888 713 2949 si
736 2889 793 2950 BA
825 2895 914 2949 tanta
945 2885 1172 2956 ecceutricitas,
1206 2894 1349 2966 quantam
1380 2880 1507 2965 requirit
1528 2885 1619 2951 BDA

286 3049 291 3061 ·
355 2957 409 3021 ΡΨ·
433 2952 475 3004 ²¹·
577 2977 706 3056 angulus
732 2977 920 3058 aequationis
944 2975 1107 3050 maximae,
1136 2985 1207 3038 tunc
1231 2974 1257 3036 si
1280 2971 1349 3049 BG,
1373 2976 1430 3038 BD
1454 2974 1517 3038 sint
1539 2975 1619 3040 radii

333 3085 350 3134 c
524 3109 542 3156 α
577 3074 608 3127 et
624 3062 709 3130 GBC
729 3066 858 3146 simplex
871 3064 1034 3141 anomalia,
1059 3063 1143 3127 cedit
1155 3062 1213 3128 AO
1237 3062 1326 3127 nimis
1339 3064 1371 3125 in
1386 3065 1617 3144 consequentia,

378 3135 521 3219 ys]
577 3155 697 3217 etiamsi
721 3153 793 3231 AG,
817 3152 879 3219 AD
899 3152 1031 3221 amdam
1064 3153 1186 3217 iaciant.
1233 3154 1277 3218 Ut
1306 3172 1379 3234 ergo
1407 3161 1439 3215 et
1461 3151 1521 3218 Ac
1545 3155 1617 3236 plns

359 3248 361 3253 ’
576 3244 605 3306 in
622 3245 835 3306 antecedentia
849 3243 1013 3309 mnndum
1035 3243 1211 3324 requisitum
1230 3241 1472 3331 observationum
1494 3242 1617 3308 inveni·

409 3340 412 3345 “
576 3342 655 3405 atur,
679 3341 799 3411 oportet
822 3333 930 3396 ducere
944 3333 1001 3397 As
1014 3340 1046 3395 et
1065 3341 1164 3395 tamen
1189 3350 1309 3394 manere
1325 3327 1409 3393 GBC
1430 3332 1617 3397 anomaliam

576 3421 741 3501 simplicem
766 3442 819 3485 seu
847 3442 1029 3490 mensuram,
1047 3421 1258 3502 aequalitatis;
1295 3438 1367 3500 ergo
1391 3420 1433 3482 sit
1461 3421 1560 3485 sectio
1585 3423 1616 3486 in

575 3512 610 3582 F,
635 3530 726 3591 quare
751 3514 801 3575 FB
826 3512 922 3573 minor
953 3532 1041 3592 qnam
1066 3509 1134 3580 CB.
1166 3510 1206 3572 sit
1238 3528 1309 3589 ergo
1340 3509 1444 3588 aliqua
1474 3512 1616 3594 aequalis

576 3597 629 3662 CB
653 3602 701 3661 vel
727 3599 779 3665 Dlt
815 3601 917 3672 radio,
955 3601 996 3662 sit
1019 3598 1088 3673 FE,
1131 3599 1173 3661 sic
1207 3609 1239 3661 ut
1262 3598 1334 3671 FB,
1371 3598 1428 3661 ΕΙ)
1453 3600 1520 3680 jam
1550 3601 1617 3667 sint

574 3690 725 3767 aequales.
774 3690 881 3769 ltaque
914 3697 983 3750 octo
1016 3688 1090 3750 locis
1119 3687 1147 3748 in
1180 3688 1315 3751 ordinem
1347 3688 1482 3751 redactis
1512 3699 1614 3770 patet,

274 3762 290 3807 '
501 3782 518 3826 Α
573 3779 787 3857 qualiscunque
815 3777 992 3860 hypothesis
1020 3797 1093 3839 vera
1117 3777 1171 3845 sit,
1202 3777 1276 3838 haec
1301 3785 1400 3840 tamen
1432 3777 1615 3860 hypothesis

571 3887 631 3928 una
654 3866 783 3929 officinm
808 3867 894 3938 facit,
919 3867 977 3928 etsi
1005 3866 1137 3930 nonnihil
1167 3868 1367 3929 reclamarent
1390 3866 1508 3944 adhuc,
1534 3887 1614 3949 qnae

250 3952 337 4018 inter
361 3953 418 4019 Gr
445 3964 477 4019 et
514 3975 590 4036 quae
628 3956 707 4017 inter
743 3957 812 4028 FD,
849 3955 874 4015 si
912 3957 1007 4034 major
1043 3963 1127 4016 esset
1159 3954 1377 4018 eccentrinitas
1430 3956 1477 4018 Aa
1513 3966 1548 4021 ut
1582 3959 1613 4022 in

250 4043 326 4109 Sole
349 4044 435 4107 locus
459 4043 494 4118 C,
521 4045 655 4107 referens
683 4054 810 4123 quatuor
839 4045 905 4107 loca
928 4064 966 4105 err
989 4045 1117 4125 simplici
1140 4045 1197 4106 BA
1226 4042 1465 4119 eccentricitate,
1490 4047 1613 4112 nonnisi

252 4127 328 4218 i¹l‚‘
353 4134 510 4209 reclamat,
536 4136 580 4196 ita
598 4135 663 4213 jam
689 4134 717 4195 in
733 4135 834 4196 ltlarte
858 4134 988 4195 sedecim
1014 4136 1080 4197 loca
1103 4133 1280 4195 intermedia
1302 4132 1398 4196 minus
1422 4134 1610 4201 reclamant:

248 4223 387 4307 quamvis
416 4243 472 4285 nec
505 4222 588 4303 prius
612 4221 711 4296 Solis,
742 4242 797 4285 nec
828 4222 894 4302 jam
922 4222 1032 4285 Martis
1069 4222 1244 4305 hypothesis
1274 4241 1347 4284 vera
1375 4223 1425 4286 sit
1473 4222 1524 4288 Sit
1542 4227 1612 4308 jam

248 4320 316 4390 (η.
341 4319 388 4383 tt)
414 4312 533 4376 lNKO
567 4313 719 4392 perfectus
753 4312 881 4374 cuculus
904 4312 1015 4374 Martis
1048 4323 1080 4374 et
1107 4312 1163 4374 ΗΡ
1191 4330 1263 4374 rera
1296 4313 1519 4378 eccentrioitas.
1566 4315 1612 4380 Et

247 4403 320 4487 qnia
341 4422 379 4465 ex
403 4403 504 4465 causis
527 4400 661 4482 physicis
686 4402 730 4462 lll
753 4397 802 4462 est
826 4400 943 4479 longior
966 4421 1054 4481 quam
1077 4401 1134 4475 Pl,
1160 4401 1265 4464 tardus
1293 4401 1386 4481 igitur
1409 4411 1458 4465 est
1479 4403 1610 4484 planeta

248 4492 278 4555 in
301 4492 317 4554 1
341 4496 424 4555 motn
448 4493 529 4554 circa
544 4488 663 4562 Solem;
688 4491 854 4570 aequabilis
880 4510 950 4552 vero
974 4500 1136 4554 estmotus
1160 4491 1188 4552 in
1205 4491 1348 4571 epicyclo,
1372 4508 1430 4570 quo
1449 4511 1608 4558 accessum

246 4580 288 4644 ad
310 4580 414 4645 Solem
438 4580 559 4643 conticit
586 4578 670 4657 (quia
699 4578 748 4640 ille
772 4599 809 4641 er
834 4578 906 4645 Sole
934 4580 1049 4644 alienus
1071 4580 1174 4645 ethic
1200 4580 1337 4659 proprius
1360 4587 1424 4653 est,
1456 4580 1507 4645 ille
1533 4603 1554 4645 a
1576 4585 1607 4648 vi

246 4687 302 4751 per
325 4671 456 4752 epatium
485 4678 613 4732 extema
640 4668 737 4746 magis
765 4669 919 4748 magisque
949 4672 1123 4742 attenuata,
1156 4666 1204 4732 hic
1227 4667 1311 4731 nutui
1342 4667 1469 4733 similior
1492 4669 1608 4737 nullam

247 4759 371 4842 sapiens
395 4759 595 4824 intensionem
619 4777 712 4820 causa
735 4758 841 4837 spatii.
866 4758 938 4839 qnia
960 4757 989 4821 in
1014 4759 1080 4839 ipso
1108 4758 1234 4839 planeta
1260 4763 1411 4839 semper),
1436 4762 1610 4842 praecurrit
