<?xml version="1.0" encoding="UTF-8"?>
<!DOCTYPE html PUBLIC "-//W3C//DTD XHTML 1.0 Transitional//EN"
    "http://www.w3.org/TR/xhtml1/DTD/xhtml1-transitional.dtd">
<html xmlns="http://www.w3.org/1999/xhtml" xml:lang="en" lang="en">
 <head>
  <title>
</title>
<meta http-equiv="Content-Type" content="text/html;charset=utf-8" />
  <meta name='ocr-system' content='tesseract 3.04.00' />
  <meta name='ocr-capabilities' content='ocr_page ocr_carea ocr_par ocr_line ocrx_word'/>
</head>
<body>
  <div class='ocr_page' id='page_1' title='image "./joanniskepleria05frisgoog/joanniskepleria05frisgoog_0701.png"; bbox 0 0 3368 5534; ppageno 0'>
   <div class='ocr_carea' id='block_1_1' title="bbox 275 314 1082 391">
    <p class='ocr_par' dir='ltr' id='par_1_1' title="bbox 275 314 1082 391">
     <span class='ocr_line' id='line_1_1' title="bbox 275 314 1082 391; baseline 0.004 -18"><span class='ocrx_word' id='word_1_1' title='bbox 275 322 339 391; x_wconf 78' lang='lat'><strong>⁷00</strong></span> <span class='ocrx_word' id='word_1_2' title='bbox 814 316 926 376; x_wconf 71' lang='lat' dir='ltr'><strong>tusses</strong></span> <span class='ocrx_word' id='word_1_3' title='bbox 942 324 972 376; x_wconf 86' lang='lat' dir='ltr'><strong>r.</strong></span> <span class='ocrx_word' id='word_1_4' title='bbox 991 314 1082 376; x_wconf 73' lang='lat' dir='ltr'><strong>antu</strong></span> 
     </span>
    </p>
   </div>
   <div class='ocr_carea' id='block_1_2' title="bbox 199 486 1628 4854">
    <p class='ocr_par' dir='ltr' id='par_1_2' title="bbox 199 486 1627 744">
     <span class='ocr_line' id='line_1_2' title="bbox 275 486 1626 584; baseline 0.001 -19"><span class='ocrx_word' id='word_1_5' title='bbox 275 522 370 566; x_wconf 87' lang='lat' dir='ltr'><strong>maen.</strong></span> <span class='ocrx_word' id='word_1_6' title='bbox 416 502 495 565; x_wconf 89' lang='lat' dir='ltr'><strong>Nam</strong></span> <span class='ocrx_word' id='word_1_7' title='bbox 519 502 657 583; x_wconf 89' lang='lat' dir='ltr'><strong>aequatio</strong></span> <span class='ocrx_word' id='word_1_8' title='bbox 681 500 833 584; x_wconf 83' lang='lat' dir='ltr'><strong>&#39;lycbonis</strong></span> <span class='ocrx_word' id='word_1_9' title='bbox 856 500 1049 565; x_wconf 75' lang='lat' dir='ltr'><strong>tumaxime</strong></span> <span class='ocrx_word' id='word_1_10' title='bbox 1077 502 1200 565; x_wconf 89' lang='lat' dir='ltr'><strong>minutis</strong></span> <span class='ocrx_word' id='word_1_11' title='bbox 1228 502 1326 564; x_wconf 79' lang='lat' dir='ltr'><strong>m&#39;inor</strong></span> <span class='ocrx_word' id='word_1_12' title='bbox 1355 486 1626 567; x_wconf 71' lang='lat' dir='ltr'><strong>est&#39;Ptotematoe.</strong></span> 
     </span>
     <span class='ocr_line' id='line_1_3' title="bbox 199 583 1627 676; baseline 0.001 -22"><span class='ocrx_word' id='word_1_13' title='bbox 199 583 201 589; x_wconf 69' lang='grc'><strong>’</strong></span> <span class='ocrx_word' id='word_1_14' title='bbox 274 593 316 655; x_wconf 88' lang='lat' dir='ltr'><strong>Et</strong></span> <span class='ocrx_word' id='word_1_15' title='bbox 347 599 446 653; x_wconf 87' lang='lat' dir='ltr'><strong>motus</strong></span> <span class='ocrx_word' id='word_1_16' title='bbox 473 591 598 671; x_wconf 79' lang='lat' dir='ltr'><strong>apogaei</strong></span> <span class='ocrx_word' id='word_1_17' title='bbox 625 590 787 672; x_wconf 85' lang='lat' dir='ltr'><strong>Tychonici</strong></span> <span class='ocrx_word' id='word_1_18' title='bbox 811 591 993 668; x_wconf 90' lang='lat' dir='ltr'><strong>diminutus,</strong></span> <span class='ocrx_word' id='word_1_19' title='bbox 1025 593 1100 654; x_wconf 91' lang='lat' dir='ltr'><strong>adeo</strong></span> <span class='ocrx_word' id='word_1_20' title='bbox 1132 601 1167 654; x_wconf 92' lang='lat' dir='ltr'><strong>ut</strong></span> <span class='ocrx_word' id='word_1_21' title='bbox 1198 593 1371 655; x_wconf 79' lang='lat' dir='ltr'>retrocedat</span> <span class='ocrx_word' id='word_1_22' title='bbox 1401 594 1459 656; x_wconf 90' lang='lat' dir='ltr'><strong>sub</strong></span> <span class='ocrx_word' id='word_1_23' title='bbox 1484 595 1554 656; x_wconf 74' lang='lat' dir='ltr'><strong>fixis</strong></span> <span class='ocrx_word' id='word_1_24' title='bbox 1576 613 1627 676; x_wconf 83' lang='lat' dir='ltr'><strong>per</strong></span> 
     </span>
     <span class='ocr_line' id='line_1_4' title="bbox 275 678 484 744; baseline -0.024 0"><span class='ocrx_word' id='word_1_25' title='bbox 275 678 484 744; x_wconf 75' lang='lat' dir='ltr'><strong>bannuatim.</strong></span> 
     </span>
    </p>

    <p class='ocr_par' dir='ltr' id='par_1_3' title="bbox 275 768 1628 2272">
     <span class='ocr_line' id='line_1_5' title="bbox 365 768 1627 851; baseline 0.002 -22"><span class='ocrx_word' id='word_1_26' title='bbox 365 770 403 830; x_wconf 90' lang='lat' dir='ltr'><strong>li.</strong></span> <span class='ocrx_word' id='word_1_27' title='bbox 437 768 550 829; x_wconf 92' lang='lat' dir='ltr'><strong>Locum</strong></span> <span class='ocrx_word' id='word_1_28' title='bbox 574 768 678 829; x_wconf 90' lang='lat' dir='ltr'><strong>Lunae</strong></span> <span class='ocrx_word' id='word_1_29' title='bbox 701 787 803 830; x_wconf 88' lang='lat' dir='ltr'><strong>verum</strong></span> <span class='ocrx_word' id='word_1_30' title='bbox 827 777 1000 848; x_wconf 88' lang='lat' dir='ltr'><strong>computare</strong></span> <span class='ocrx_word' id='word_1_31' title='bbox 1024 789 1081 830; x_wconf 92' lang='lat' dir='ltr'><strong>uon</strong></span> <span class='ocrx_word' id='word_1_32' title='bbox 1105 777 1208 849; x_wconf 87' lang='lat' dir='ltr'><strong>potest</strong></span> <span class='ocrx_word' id='word_1_33' title='bbox 1230 769 1403 851; x_wconf 88' lang='lat' dir='ltr'><strong>qnisquam,</strong></span> <span class='ocrx_word' id='word_1_34' title='bbox 1434 770 1495 832; x_wconf 90' lang='lat' dir='ltr'><strong>nisi</strong></span> <span class='ocrx_word' id='word_1_35' title='bbox 1518 770 1627 851; x_wconf 88' lang='lat' dir='ltr'><strong>quide</strong></span> 
     </span>
     <span class='ocr_line' id='line_1_6' title="bbox 275 856 1626 940; baseline 0.002 -20"><span class='ocrx_word' id='word_1_36' title='bbox 275 858 414 920; x_wconf 74' lang='lat' dir='ltr'><strong>maxima.</strong></span> <span class='ocrx_word' id='word_1_37' title='bbox 430 856 511 920; x_wconf 90' lang='lat' dir='ltr'><strong>Solis</strong></span> <span class='ocrx_word' id='word_1_38' title='bbox 540 857 717 938; x_wconf 76' lang='lat' dir='ltr'><strong>aequatione</strong></span> <span class='ocrx_word' id='word_1_39' title='bbox 747 857 795 918; x_wconf 87' lang='lat' dir='ltr'><strong>vel</strong></span> <span class='ocrx_word' id='word_1_40' title='bbox 825 858 892 919; x_wconf 90' lang='lat' dir='ltr'><strong>loco</strong></span> <span class='ocrx_word' id='word_1_41' title='bbox 924 857 1049 937; x_wconf 83' lang='lat' dir='ltr'><strong>apogaei</strong></span> <span class='ocrx_word' id='word_1_42' title='bbox 1078 868 1180 919; x_wconf 88' lang='lat' dir='ltr'><strong>certus</strong></span> <span class='ocrx_word' id='word_1_43' title='bbox 1208 866 1265 919; x_wconf 90' lang='lat' dir='ltr'><strong>est.</strong></span> <span class='ocrx_word' id='word_1_44' title='bbox 1313 858 1401 930; x_wconf 88' lang='lat' dir='ltr'><strong>Quod</strong></span> <span class='ocrx_word' id='word_1_45' title='bbox 1432 861 1540 940; x_wconf 79' lang='lat' dir='ltr'><strong>accipe</strong></span> <span class='ocrx_word' id='word_1_46' title='bbox 1564 876 1626 923; x_wconf 81' lang='lat' dir='ltr'><strong>turn</strong></span> 
     </span>
     <span class='ocr_line' id='line_1_7' title="bbox 276 943 1628 1027; baseline 0.001 -18"><span class='ocrx_word' id='word_1_47' title='bbox 276 949 331 1009; x_wconf 88' lang='lat' dir='ltr'><strong>hac</strong></span> <span class='ocrx_word' id='word_1_48' title='bbox 356 945 566 1007; x_wconf 87' lang='lat' dir='ltr'><strong>distinctione:</strong></span> <span class='ocrx_word' id='word_1_49' title='bbox 591 945 649 1006; x_wconf 87' lang='lat' dir='ltr'><strong>tria</strong></span> <span class='ocrx_word' id='word_1_50' title='bbox 668 945 874 1026; x_wconf 88' lang='lat' dir='ltr'><strong>requiruntur,</strong></span> <span class='ocrx_word' id='word_1_51' title='bbox 899 954 999 1008; x_wconf 90' lang='lat' dir='ltr'><strong>motus</strong></span> <span class='ocrx_word' id='word_1_52' title='bbox 1080 947 1199 1027; x_wconf 66' lang='lat' dir='ltr'><strong>pler)</strong></span> <span class='ocrx_word' id='word_1_53' title='bbox 1226 956 1257 1009; x_wconf 90' lang='lat' dir='ltr'><strong>et</strong></span> <span class='ocrx_word' id='word_1_54' title='bbox 1280 943 1332 1024; x_wconf 83' lang='grc' dir='ltr'><strong>Θ,</strong></span> <span class='ocrx_word' id='word_1_55' title='bbox 1355 946 1577 1020; x_wconf 70' lang='lat' dir='ltr'><strong>anomalia),</strong></span> <span class='ocrx_word' id='word_1_56' title='bbox 1599 962 1628 1010; x_wconf 90' lang='lat' dir='ltr'><strong>et</strong></span> 
     </span>
     <span class='ocr_line' id='line_1_8' title="bbox 276 1033 1628 1117; baseline 0.001 -19"><span class='ocrx_word' id='word_1_57' title='bbox 276 1035 380 1098; x_wconf 80' lang='lat' dir='ltr'><strong>tabula</strong></span> <span class='ocrx_word' id='word_1_58' title='bbox 403 1033 621 1116; x_wconf 86' lang='lat' dir='ltr'><strong>aequatiouum.</strong></span> <span class='ocrx_word' id='word_1_59' title='bbox 666 1033 753 1105; x_wconf 82' lang='lat' dir='ltr'><strong>Quod</strong></span> <span class='ocrx_word' id='word_1_60' title='bbox 779 1035 993 1114; x_wconf 69' lang='lat' dir='ltr'><strong>simplicem)</strong></span> <span class='ocrx_word' id='word_1_61' title='bbox 1020 1055 1038 1095; x_wconf 95' lang='lat' dir='ltr'><strong>a</strong></span> <span class='ocrx_word' id='word_1_62' title='bbox 1069 1035 1139 1109; x_wconf 87' lang='lat' dir='ltr'><strong>inet,</strong></span> <span class='ocrx_word' id='word_1_63' title='bbox 1163 1055 1229 1097; x_wconf 91' lang='lat' dir='ltr'><strong>enm</strong></span> <span class='ocrx_word' id='word_1_64' title='bbox 1252 1035 1356 1117; x_wconf 83' lang='lat' dir='ltr'><strong>Tycho</strong></span> <span class='ocrx_word' id='word_1_65' title='bbox 1380 1037 1561 1117; x_wconf 68' lang='lat' dir='ltr'><strong>expiscatus</strong></span> <span class='ocrx_word' id='word_1_66' title='bbox 1582 1048 1628 1099; x_wconf 82' lang='lat' dir='ltr'><strong>est</strong></span> 
     </span>
     <span class='ocr_line' id='line_1_9' title="bbox 276 1121 1626 1205; baseline 0.001 -20"><span class='ocrx_word' id='word_1_67' title='bbox 276 1143 314 1185; x_wconf 87' lang='lat' dir='ltr'><strong>ex</strong></span> <span class='ocrx_word' id='word_1_68' title='bbox 335 1122 529 1186; x_wconf 90' lang='lat' dir='ltr'><strong>Ptolemaicis</strong></span> <span class='ocrx_word' id='word_1_69' title='bbox 553 1131 584 1183; x_wconf 89' lang='lat' dir='ltr'><strong>ct</strong></span> <span class='ocrx_word' id='word_1_70' title='bbox 607 1123 669 1183; x_wconf 89' lang='lat' dir='ltr'><strong>suis</strong></span> <span class='ocrx_word' id='word_1_71' title='bbox 697 1121 877 1203; x_wconf 83' lang='lat' dir='ltr'>eclipsibus,</span> <span class='ocrx_word' id='word_1_72' title='bbox 912 1132 1085 1204; x_wconf 88' lang='lat' dir='ltr'><strong>comparato</strong></span> <span class='ocrx_word' id='word_1_73' title='bbox 1117 1123 1275 1205; x_wconf 71' lang='lat' dir='ltr'><strong>interiecto</strong></span> <span class='ocrx_word' id='word_1_74' title='bbox 1304 1125 1413 1204; x_wconf 87' lang='lat' dir='ltr'><strong>spatio.</strong></span> <span class='ocrx_word' id='word_1_75' title='bbox 1461 1125 1626 1189; x_wconf 80' lang='lat' dir='ltr'><strong>Methndus</strong></span> 
     </span>
     <span class='ocr_line' id='line_1_10' title="bbox 278 1211 1627 1297; baseline 0.002 -23"><span class='ocrx_word' id='word_1_76' title='bbox 278 1215 350 1275; x_wconf 89' lang='lat' dir='ltr'><strong>haec</strong></span> <span class='ocrx_word' id='word_1_77' title='bbox 373 1223 435 1273; x_wconf 90' lang='lat' dir='ltr'><strong>est:</strong></span> <span class='ocrx_word' id='word_1_78' title='bbox 473 1211 502 1273; x_wconf 90' lang='lat' dir='ltr'><strong>in</strong></span> <span class='ocrx_word' id='word_1_79' title='bbox 525 1219 636 1291; x_wconf 89' lang='lat' dir='ltr'><strong>puncto</strong></span> <span class='ocrx_word' id='word_1_80' title='bbox 659 1211 781 1292; x_wconf 83' lang='lat' dir='ltr'><strong>eclipsis</strong></span> <span class='ocrx_word' id='word_1_81' title='bbox 804 1212 952 1275; x_wconf 79' lang='lat' dir='ltr'><strong>maximae</strong></span> <span class='ocrx_word' id='word_1_82' title='bbox 976 1213 1063 1275; x_wconf 87' lang='lat' dir='ltr'><strong>L&#39;nna</strong></span> <span class='ocrx_word' id='word_1_83' title='bbox 1085 1220 1134 1274; x_wconf 92' lang='lat' dir='ltr'><strong>est</strong></span> <span class='ocrx_word' id='word_1_84' title='bbox 1156 1212 1184 1274; x_wconf 94' lang='lat' dir='ltr'><strong>in</strong></span> <span class='ocrx_word' id='word_1_85' title='bbox 1209 1212 1349 1293; x_wconf 86' lang='lat' dir='ltr'><strong>opposito</strong></span> <span class='ocrx_word' id='word_1_86' title='bbox 1372 1213 1440 1277; x_wconf 91' lang='lat' dir='ltr'><strong>loco</strong></span> <span class='ocrx_word' id='word_1_87' title='bbox 1459 1212 1558 1291; x_wconf 88' lang='lat' dir='ltr'><strong>Solis,</strong></span> <span class='ocrx_word' id='word_1_88' title='bbox 1581 1214 1627 1297; x_wconf 89' lang='lat' dir='ltr'><strong>qui</strong></span> 
     </span>
     <span class='ocr_line' id='line_1_11' title="bbox 276 1300 1627 1383; baseline 0.002 -19"><span class='ocrx_word' id='word_1_89' title='bbox 276 1311 351 1383; x_wconf 88' lang='lat' dir='ltr'><strong>quot</strong></span> <span class='ocrx_word' id='word_1_90' title='bbox 371 1300 524 1363; x_wconf 88' lang='lat' dir='ltr'><strong>contineat</strong></span> <span class='ocrx_word' id='word_1_91' title='bbox 546 1300 657 1380; x_wconf 82' lang='lat' dir='ltr'><strong>gradus</strong></span> <span class='ocrx_word' id='word_1_92' title='bbox 681 1301 731 1361; x_wconf 91' lang='lat' dir='ltr'><strong>vel</strong></span> <span class='ocrx_word' id='word_1_93' title='bbox 754 1300 867 1362; x_wconf 90' lang='lat' dir='ltr'><strong>minuta</strong></span> <span class='ocrx_word' id='word_1_94' title='bbox 889 1301 954 1380; x_wconf 84' lang='lat' dir='ltr'><strong>ejus</strong></span> <span class='ocrx_word' id='word_1_95' title='bbox 979 1301 1068 1380; x_wconf 87' lang='lat' dir='ltr'><strong>signi,</strong></span> <span class='ocrx_word' id='word_1_96' title='bbox 1092 1301 1131 1363; x_wconf 90' lang='lat' dir='ltr'><strong>ad</strong></span> <span class='ocrx_word' id='word_1_97' title='bbox 1146 1302 1250 1363; x_wconf 88' lang='lat' dir='ltr'><strong>Lunae</strong></span> <span class='ocrx_word' id='word_1_98' title='bbox 1273 1301 1406 1365; x_wconf 86' lang='lat' dir='ltr'><strong>rationes</strong></span> <span class='ocrx_word' id='word_1_99' title='bbox 1431 1302 1509 1367; x_wconf 90' lang='lat' dir='ltr'><strong>nihil</strong></span> <span class='ocrx_word' id='word_1_100' title='bbox 1533 1303 1627 1367; x_wconf 81' lang='lat' dir='ltr'><strong>inter·</strong></span> 
     </span>
     <span class='ocr_line' id='line_1_12' title="bbox 278 1388 1626 1472; baseline 0.001 -19"><span class='ocrx_word' id='word_1_101' title='bbox 278 1400 334 1453; x_wconf 89' lang='lat' dir='ltr'><strong>cst.</strong></span> <span class='ocrx_word' id='word_1_102' title='bbox 383 1388 523 1452; x_wconf 88' lang='lat' dir='ltr'><strong>Ceterum</strong></span> <span class='ocrx_word' id='word_1_103' title='bbox 545 1389 601 1450; x_wconf 93' lang='lat' dir='ltr'><strong>hoc</strong></span> <span class='ocrx_word' id='word_1_104' title='bbox 625 1389 752 1453; x_wconf 88' lang='lat' dir='ltr'><strong>interest</strong></span> <span class='ocrx_word' id='word_1_105' title='bbox 774 1391 813 1450; x_wconf 95' lang='lat' dir='ltr'><strong>ad</strong></span> <span class='ocrx_word' id='word_1_106' title='bbox 836 1390 969 1451; x_wconf 88' lang='lat' dir='ltr'><strong>rationes</strong></span> <span class='ocrx_word' id='word_1_107' title='bbox 992 1390 1112 1464; x_wconf 90' lang='lat' dir='ltr'><strong>Lunae,</strong></span> <span class='ocrx_word' id='word_1_108' title='bbox 1142 1391 1222 1472; x_wconf 92' lang='lat' dir='ltr'><strong>quod</strong></span> <span class='ocrx_word' id='word_1_109' title='bbox 1250 1390 1279 1452; x_wconf 92' lang='lat' dir='ltr'><strong>in</strong></span> <span class='ocrx_word' id='word_1_110' title='bbox 1307 1390 1428 1453; x_wconf 86' lang='lat' dir='ltr'><strong>tabulas</strong></span> <span class='ocrx_word' id='word_1_111' title='bbox 1453 1392 1626 1455; x_wconf 75' lang='lat' dir='ltr'><strong>referendus</strong></span> 
     </span>
     <span class='ocr_line' id='line_1_13' title="bbox 278 1478 1626 1557; baseline 0.002 -15"><span class='ocrx_word' id='word_1_112' title='bbox 278 1487 327 1542; x_wconf 89' lang='lat' dir='ltr'><strong>est</strong></span> <span class='ocrx_word' id='word_1_113' title='bbox 347 1488 448 1541; x_wconf 91' lang='lat' dir='ltr'><strong>motus</strong></span> <span class='ocrx_word' id='word_1_114' title='bbox 464 1478 528 1557; x_wconf 88' lang='lat' dir='ltr'><strong>ejus</strong></span> <span class='ocrx_word' id='word_1_115' title='bbox 551 1478 666 1539; x_wconf 90' lang='lat' dir='ltr'><strong>medius</strong></span> <span class='ocrx_word' id='word_1_116' title='bbox 689 1498 708 1539; x_wconf 89' lang='lat' dir='ltr'><strong>a</strong></span> <span class='ocrx_word' id='word_1_117' title='bbox 731 1479 830 1540; x_wconf 91' lang='lat' dir='ltr'><strong>medio</strong></span> <span class='ocrx_word' id='word_1_118' title='bbox 852 1478 919 1540; x_wconf 92' lang='lat' dir='ltr'><strong>loco</strong></span> <span class='ocrx_word' id='word_1_119' title='bbox 936 1478 1026 1542; x_wconf 87' lang='lat' dir='ltr'><strong>Solis.</strong></span> <span class='ocrx_word' id='word_1_120' title='bbox 1064 1481 1109 1542; x_wconf 86' lang='lat' dir='ltr'><strong>At</strong></span> <span class='ocrx_word' id='word_1_121' title='bbox 1131 1480 1247 1541; x_wconf 91' lang='lat' dir='ltr'><strong>medius</strong></span> <span class='ocrx_word' id='word_1_122' title='bbox 1270 1487 1412 1542; x_wconf 78' lang='lat' dir='ltr'><strong>etvetus</strong></span> <span class='ocrx_word' id='word_1_123' title='bbox 1437 1478 1526 1544; x_wconf 88' lang='lat' dir='ltr'><strong>locus</strong></span> <span class='ocrx_word' id='word_1_124' title='bbox 1548 1481 1626 1545; x_wconf 85' lang='lat' dir='ltr'><strong>Solia</strong></span> 
     </span>
     <span class='ocr_line' id='line_1_14' title="bbox 276 1566 1626 1651; baseline 0.003 -21"><span class='ocrx_word' id='word_1_125' title='bbox 276 1588 335 1631; x_wconf 91' lang='lat' dir='ltr'><strong>non</strong></span> <span class='ocrx_word' id='word_1_126' title='bbox 360 1568 539 1630; x_wconf 84' lang='lat' dir='ltr'><strong>coincidunt.</strong></span> <span class='ocrx_word' id='word_1_127' title='bbox 581 1568 663 1647; x_wconf 83' lang='lat' dir='ltr'><strong>Ergo</strong></span> <span class='ocrx_word' id='word_1_128' title='bbox 687 1569 711 1628; x_wconf 88' lang='lat' dir='ltr'><strong>si</strong></span> <span class='ocrx_word' id='word_1_129' title='bbox 733 1568 928 1629; x_wconf 82' lang='lat' dir='ltr'><strong>Ptolemaeus</strong></span> <span class='ocrx_word' id='word_1_130' title='bbox 952 1576 983 1629; x_wconf 91' lang='lat' dir='ltr'><strong>et</strong></span> <span class='ocrx_word' id='word_1_131' title='bbox 1007 1587 1044 1629; x_wconf 84' lang='lat' dir='ltr'><strong>cx</strong></span> <span class='ocrx_word' id='word_1_132' title='bbox 1067 1587 1102 1629; x_wconf 92' lang='lat' dir='ltr'><strong>eo</strong></span> <span class='ocrx_word' id='word_1_133' title='bbox 1126 1569 1229 1650; x_wconf 84' lang='lat' dir='ltr'><strong>Tycha</strong></span> <span class='ocrx_word' id='word_1_134' title='bbox 1252 1566 1281 1629; x_wconf 92' lang='lat' dir='ltr'><strong>in</strong></span> <span class='ocrx_word' id='word_1_135' title='bbox 1306 1568 1398 1649; x_wconf 89' lang='lat' dir='ltr'><strong>priori</strong></span> <span class='ocrx_word' id='word_1_136' title='bbox 1422 1570 1534 1651; x_wconf 81' lang='lat' dir='ltr'><strong>eclipsi</strong></span> <span class='ocrx_word' id='word_1_137' title='bbox 1556 1570 1626 1633; x_wconf 88' lang='lat' dir='ltr'><strong>hora</strong></span> 
     </span>
     <span class='ocr_line' id='line_1_15' title="bbox 280 1653 1625 1739; baseline 0.002 -18"><span class='ocrx_word' id='word_1_138' title='bbox 280 1653 375 1735; x_wconf 65' lang='lat' dir='ltr'><strong>tlt„</strong></span> <span class='ocrx_word' id='word_1_139' title='bbox 400 1675 456 1738; x_wconf 94' lang='lat' dir='ltr'><strong>qno</strong></span> <span class='ocrx_word' id='word_1_140' title='bbox 480 1664 629 1717; x_wconf 91' lang='lat' dir='ltr'><strong>momento</strong></span> <span class='ocrx_word' id='word_1_141' title='bbox 653 1655 711 1716; x_wconf 85' lang='lat' dir='ltr'><strong>fnit</strong></span> <span class='ocrx_word' id='word_1_142' title='bbox 725 1656 854 1718; x_wconf 90' lang='lat' dir='ltr'><strong>medium</strong></span> <span class='ocrx_word' id='word_1_143' title='bbox 876 1656 1008 1737; x_wconf 88' lang='lat' dir='ltr'><strong>deliquii,</strong></span> <span class='ocrx_word' id='word_1_144' title='bbox 1032 1656 1136 1719; x_wconf 90' lang='lat' dir='ltr'><strong>dicant</strong></span> <span class='ocrx_word' id='word_1_145' title='bbox 1152 1657 1360 1739; x_wconf 87' lang='lat' dir='ltr'><strong>aequationem</strong></span> <span class='ocrx_word' id='word_1_146' title='bbox 1374 1656 1459 1721; x_wconf 89' lang='lat' dir='ltr'><strong>Solis</strong></span> <span class='ocrx_word' id='word_1_147' title='bbox 1482 1679 1555 1722; x_wconf 84' lang='lat' dir='ltr'><strong>esse</strong></span> <span class='ocrx_word' id='word_1_148' title='bbox 1576 1659 1625 1725; x_wconf 69' lang='grc' dir='ltr'><strong>ὅδ’</strong></span> 
     </span>
     <span class='ocr_line' id='line_1_16' title="bbox 278 1739 1626 1828; baseline 0.001 -19"><span class='ocrx_word' id='word_1_149' title='bbox 278 1764 316 1809; x_wconf 84' lang='lat' dir='ltr'><strong>cx</strong></span> <span class='ocrx_word' id='word_1_150' title='bbox 338 1739 444 1808; x_wconf 81' lang='lat' dir='ltr'><strong>t&#39;abula</strong></span> <span class='ocrx_word' id='word_1_151' title='bbox 458 1744 666 1824; x_wconf 89' lang='lat' dir='ltr'><strong>aequatiouum</strong></span> <span class='ocrx_word' id='word_1_152' title='bbox 681 1745 877 1821; x_wconf 89' lang='lat' dir='ltr'><strong>Ptolemaica,</strong></span> <span class='ocrx_word' id='word_1_153' title='bbox 902 1745 956 1807; x_wconf 92' lang='lat' dir='ltr'><strong>illa</strong></span> <span class='ocrx_word' id='word_1_154' title='bbox 976 1763 1047 1808; x_wconf 87' lang='lat' dir='ltr'><strong>vero</strong></span> <span class='ocrx_word' id='word_1_155' title='bbox 1072 1745 1113 1806; x_wconf 91' lang='lat' dir='ltr'><strong>sit</strong></span> <span class='ocrx_word' id='word_1_156' title='bbox 1134 1745 1230 1807; x_wconf 87' lang='lat' dir='ltr'><strong>minor</strong></span> <span class='ocrx_word' id='word_1_157' title='bbox 1252 1764 1305 1826; x_wconf 88' lang='lat' dir='ltr'><strong>per</strong></span> <span class='ocrx_word' id='word_1_158' title='bbox 1333 1743 1371 1809; x_wconf 80' lang='lat'><strong>¹2</strong></span> <span class='ocrx_word' id='word_1_159' title='bbox 1394 1768 1450 1823; x_wconf 90' lang='lat' dir='ltr'><strong>sc.,</strong></span> <span class='ocrx_word' id='word_1_160' title='bbox 1474 1749 1626 1828; x_wconf 75' lang='lat' dir='ltr'><strong>putabitur</strong></span> 
     </span>
     <span class='ocr_line' id='line_1_17' title="bbox 277 1833 1623 1918; baseline 0.003 -21"><span class='ocrx_word' id='word_1_161' title='bbox 277 1834 378 1916; x_wconf 90' lang='lat' dir='ltr'><strong>ntique</strong></span> <span class='ocrx_word' id='word_1_162' title='bbox 401 1852 489 1895; x_wconf 84' lang='lat' dir='ltr'><strong>verna</strong></span> <span class='ocrx_word' id='word_1_163' title='bbox 513 1840 611 1895; x_wconf 86' lang='lat' dir='ltr'><strong>motus</strong></span> <span class='ocrx_word' id='word_1_164' title='bbox 634 1833 739 1895; x_wconf 92' lang='lat' dir='ltr'><strong>Lunae</strong></span> <span class='ocrx_word' id='word_1_165' title='bbox 762 1853 797 1894; x_wconf 92' lang='lat' dir='ltr'><strong>eo</strong></span> <span class='ocrx_word' id='word_1_166' title='bbox 821 1843 971 1897; x_wconf 90' lang='lat' dir='ltr'><strong>momento</strong></span> <span class='ocrx_word' id='word_1_167' title='bbox 995 1855 1013 1895; x_wconf 93' lang='lat' dir='ltr'><strong>a</strong></span> <span class='ocrx_word' id='word_1_168' title='bbox 1036 1833 1119 1897; x_wconf 83' lang='lat' dir='ltr'><strong>Solis</strong></span> <span class='ocrx_word' id='word_1_169' title='bbox 1142 1834 1239 1898; x_wconf 89' lang='lat' dir='ltr'><strong>medio</strong></span> <span class='ocrx_word' id='word_1_170' title='bbox 1263 1854 1305 1899; x_wconf 84' lang='lat' dir='ltr'><strong>sc.</strong></span> <span class='ocrx_word' id='word_1_171' title='bbox 1330 1834 1388 1910; x_wconf 81' lang='lat'><strong>55,</strong></span> <span class='ocrx_word' id='word_1_172' title='bbox 1412 1838 1462 1918; x_wconf 90' lang='lat' dir='ltr'><strong>qui</strong></span> <span class='ocrx_word' id='word_1_173' title='bbox 1485 1850 1537 1900; x_wconf 83' lang='lat' dir='ltr'><strong>est</strong></span> <span class='ocrx_word' id='word_1_174' title='bbox 1558 1850 1623 1901; x_wconf 86' lang='lat' dir='ltr'><strong>tan·</strong></span> 
     </span>
     <span class='ocr_line' id='line_1_18' title="bbox 280 1917 1624 2003; baseline 0.001 -17"><span class='ocrx_word' id='word_1_175' title='bbox 280 1930 344 1986; x_wconf 90' lang='lat' dir='ltr'><strong>tum</strong></span> <span class='ocrx_word' id='word_1_176' title='bbox 368 1943 410 1985; x_wconf 90' lang='lat' dir='ltr'><strong>sc.</strong></span> <span class='ocrx_word' id='word_1_177' title='bbox 434 1917 499 1985; x_wconf 77' lang='lat'><strong>43⁴.</strong></span> <span class='ocrx_word' id='word_1_178' title='bbox 534 1921 639 2003; x_wconf 88' lang='lat' dir='ltr'><strong>Itaque</strong></span> <span class='ocrx_word' id='word_1_179' title='bbox 664 1922 724 1984; x_wconf 90' lang='lat' dir='ltr'><strong>etsi</strong></span> <span class='ocrx_word' id='word_1_180' title='bbox 747 1923 824 1984; x_wconf 92' lang='lat' dir='ltr'><strong>alter</strong></span> <span class='ocrx_word' id='word_1_181' title='bbox 847 1923 991 1985; x_wconf 88' lang='lat' dir='ltr'><strong>terminus</strong></span> <span class='ocrx_word' id='word_1_182' title='bbox 1014 1942 1107 2003; x_wconf 88' lang='lat' dir='ltr'><strong>penes</strong></span> <span class='ocrx_word' id='word_1_183' title='bbox 1123 1930 1185 1985; x_wconf 84' lang='lat' dir='ltr'><strong>&#39;uos</strong></span> <span class='ocrx_word' id='word_1_184' title='bbox 1208 1923 1265 1985; x_wconf 90' lang='lat' dir='ltr'><strong>rite</strong></span> <span class='ocrx_word' id='word_1_185' title='bbox 1287 1924 1502 2001; x_wconf 90' lang='lat' dir='ltr'><strong>constituatur,</strong></span> <span class='ocrx_word' id='word_1_186' title='bbox 1529 1936 1624 1991; x_wconf 69' lang='lat' dir='ltr'><strong>umen</strong></span> 
     </span>
     <span class='ocr_line' id='line_1_19' title="bbox 278 2009 1624 2099; baseline 0.002 -23"><span class='ocrx_word' id='word_1_187' title='bbox 278 2013 317 2076; x_wconf 89' lang='lat' dir='ltr'><strong>ad</strong></span> <span class='ocrx_word' id='word_1_188' title='bbox 331 2009 499 2075; x_wconf 84' lang='lat' dir='ltr'><strong>Ptolemaei</strong></span> <span class='ocrx_word' id='word_1_189' title='bbox 521 2018 663 2091; x_wconf 91' lang='lat' dir='ltr'><strong>tempora</strong></span> <span class='ocrx_word' id='word_1_190' title='bbox 679 2011 831 2092; x_wconf 83' lang='lat' dir='ltr'><strong>quantitas</strong></span> <span class='ocrx_word' id='word_1_191' title='bbox 850 2012 964 2074; x_wconf 89' lang='lat' dir='ltr'><strong>mensis</strong></span> <span class='ocrx_word' id='word_1_192' title='bbox 977 2013 1107 2074; x_wconf 88' lang='lat' dir='ltr'><strong>Lunaris</strong></span> <span class='ocrx_word' id='word_1_193' title='bbox 1131 2012 1250 2075; x_wconf 82' lang='lat' dir='ltr'><strong>falleret</strong></span> <span class='ocrx_word' id='word_1_194' title='bbox 1272 2032 1326 2092; x_wconf 90' lang='lat' dir='ltr'><strong>per</strong></span> <span class='ocrx_word' id='word_1_195' title='bbox 1352 2010 1401 2083; x_wconf 77' lang='lat'><strong>12.</strong></span> <span class='ocrx_word' id='word_1_196' title='bbox 1425 2022 1459 2075; x_wconf 89' lang='lat' dir='ltr'><strong>et</strong></span> <span class='ocrx_word' id='word_1_197' title='bbox 1482 2014 1514 2077; x_wconf 92' lang='lat' dir='ltr'><strong>iu</strong></span> <span class='ocrx_word' id='word_1_198' title='bbox 1538 2016 1624 2099; x_wconf 86' lang='lat' dir='ltr'><strong>duplo</strong></span> 
     </span>
     <span class='ocr_line' id='line_1_20' title="bbox 277 2097 1625 2184; baseline 0.001 -19"><span class='ocrx_word' id='word_1_199' title='bbox 277 2112 411 2183; x_wconf 89' lang='lat' dir='ltr'><strong>tempore</strong></span> <span class='ocrx_word' id='word_1_200' title='bbox 435 2100 490 2162; x_wconf 90' lang='lat' dir='ltr'><strong>snb</strong></span> <span class='ocrx_word' id='word_1_201' title='bbox 513 2099 635 2178; x_wconf 84' lang='lat' dir='ltr'><strong>Trojam</strong></span> <span class='ocrx_word' id='word_1_202' title='bbox 664 2110 782 2181; x_wconf 91' lang='lat' dir='ltr'><strong>captam</strong></span> <span class='ocrx_word' id='word_1_203' title='bbox 810 2120 863 2182; x_wconf 92' lang='lat' dir='ltr'><strong>per</strong></span> <span class='ocrx_word' id='word_1_204' title='bbox 894 2097 936 2163; x_wconf 79' lang='grc'><strong>24</strong></span> <span class='ocrx_word' id='word_1_205' title='bbox 967 2109 999 2162; x_wconf 90' lang='lat' dir='ltr'><strong>et</strong></span> <span class='ocrx_word' id='word_1_206' title='bbox 1028 2101 1071 2163; x_wconf 91' lang='lat' dir='ltr'><strong>sic</strong></span> <span class='ocrx_word' id='word_1_207' title='bbox 1094 2110 1321 2182; x_wconf 87' lang='lat' dir='ltr'><strong>consequenter.</strong></span> <span class='ocrx_word' id='word_1_208' title='bbox 1369 2102 1625 2184; x_wconf 64' lang='lat' dir='ltr'><strong>compensarent</strong></span> 
     </span>
     <span class='ocr_line' id='line_1_21' title="bbox 277 2189 1623 2272; baseline 0.002 -18"><span class='ocrx_word' id='word_1_209' title='bbox 277 2192 309 2254; x_wconf 93' lang='lat' dir='ltr'><strong>id</strong></span> <span class='ocrx_word' id='word_1_210' title='bbox 332 2190 449 2272; x_wconf 90' lang='lat' dir='ltr'><strong>quidem</strong></span> <span class='ocrx_word' id='word_1_211' title='bbox 472 2207 526 2268; x_wconf 89' lang='lat' dir='ltr'><strong>per</strong></span> <span class='ocrx_word' id='word_1_212' title='bbox 548 2189 753 2271; x_wconf 89' lang='lat' dir='ltr'><strong>aequationem</strong></span> <span class='ocrx_word' id='word_1_213' title='bbox 777 2190 901 2266; x_wconf 90' lang='lat' dir='ltr'><strong>Lunae,</strong></span> <span class='ocrx_word' id='word_1_214' title='bbox 933 2190 1050 2272; x_wconf 89' lang='lat' dir='ltr'><strong>quoties</strong></span> <span class='ocrx_word' id='word_1_215' title='bbox 1073 2192 1176 2252; x_wconf 90' lang='lat' dir='ltr'><strong>eadem</strong></span> <span class='ocrx_word' id='word_1_216' title='bbox 1199 2190 1349 2254; x_wconf 92' lang='lat' dir='ltr'><strong>anomalia</strong></span> <span class='ocrx_word' id='word_1_217' title='bbox 1377 2192 1511 2270; x_wconf 87' lang='lat' dir='ltr'><strong>rediret,</strong></span> <span class='ocrx_word' id='word_1_218' title='bbox 1544 2194 1623 2257; x_wconf 83' lang='lat' dir='ltr'><strong>stin</strong></span> 
     </span>
    </p>

    <p class='ocr_par' dir='ltr' id='par_1_4' title="bbox 279 2277 1294 2361">
     <span class='ocr_line' id='line_1_22' title="bbox 279 2277 1294 2361; baseline -0.004 -18"><span class='ocrx_word' id='word_1_219' title='bbox 279 2279 389 2343; x_wconf 87' lang='lat' dir='ltr'><strong>ceteris</strong></span> <span class='ocrx_word' id='word_1_220' title='bbox 413 2277 549 2340; x_wconf 90' lang='lat' dir='ltr'><strong>omnibus</strong></span> <span class='ocrx_word' id='word_1_221' title='bbox 572 2278 737 2341; x_wconf 89' lang='lat' dir='ltr'><strong>anomaliae</strong></span> <span class='ocrx_word' id='word_1_222' title='bbox 761 2279 835 2340; x_wconf 90' lang='lat' dir='ltr'><strong>locis</strong></span> <span class='ocrx_word' id='word_1_223' title='bbox 858 2288 945 2341; x_wconf 90' lang='lat' dir='ltr'><strong>tanto</strong></span> <span class='ocrx_word' id='word_1_224' title='bbox 966 2279 1088 2359; x_wconf 74' lang='lat' dir='ltr'><strong>gratim</strong></span> <span class='ocrx_word' id='word_1_225' title='bbox 1111 2288 1294 2361; x_wconf 88' lang='lat' dir='ltr'><strong>peccaretur.</strong></span> 
     </span>
    </p>

    <p class='ocr_par' dir='ltr' id='par_1_5' title="bbox 238 2360 1626 4055">
     <span class='ocr_line' id='line_1_23' title="bbox 238 2360 1622 2449; baseline 0.005 -21"><span class='ocrx_word' id='word_1_226' title='bbox 238 2362 243 2369; x_wconf 79' lang='lat'><em>&#39;</em></span> <span class='ocrx_word' id='word_1_227' title='bbox 364 2367 435 2449; x_wconf 67' lang='lat' dir='ltr'><strong>,iam</strong></span> <span class='ocrx_word' id='word_1_228' title='bbox 458 2367 537 2448; x_wconf 92' lang='lat' dir='ltr'><strong>quod</strong></span> <span class='ocrx_word' id='word_1_229' title='bbox 557 2367 736 2431; x_wconf 88' lang='lat' dir='ltr'><strong>anomaliam</strong></span> <span class='ocrx_word' id='word_1_230' title='bbox 753 2368 871 2442; x_wconf 89' lang='lat' dir='ltr'><strong>attinet,</strong></span> <span class='ocrx_word' id='word_1_231' title='bbox 895 2367 1026 2429; x_wconf 89' lang='lat' dir='ltr'><strong>indidem</strong></span> <span class='ocrx_word' id='word_1_232' title='bbox 1050 2367 1104 2430; x_wconf 88' lang='lat' dir='ltr'><strong>illa</strong></span> <span class='ocrx_word' id='word_1_233' title='bbox 1125 2368 1349 2449; x_wconf 65' lang='lat' dir='ltr'><strong>petitur-unde</strong></span> <span class='ocrx_word' id='word_1_234' title='bbox 1373 2376 1405 2431; x_wconf 91' lang='lat' dir='ltr'><strong>et</strong></span> <span class='ocrx_word' id='word_1_235' title='bbox 1426 2360 1531 2434; x_wconf 79' lang='lat' dir='ltr'><strong>motus</strong></span> <span class='ocrx_word' id='word_1_236' title='bbox 1553 2372 1622 2435; x_wconf 86' lang='lat' dir='ltr'><strong>aim·</strong></span> 
     </span>
     <span class='ocr_line' id='line_1_24' title="bbox 277 2455 1624 2544; baseline 0.002 -23"><span class='ocrx_word' id='word_1_237' title='bbox 277 2458 357 2544; x_wconf 89' lang='lat' dir='ltr'><strong>plex.</strong></span> <span class='ocrx_word' id='word_1_238' title='bbox 395 2458 443 2520; x_wconf 88' lang='lat' dir='ltr'><strong>Ad</strong></span> <span class='ocrx_word' id='word_1_239' title='bbox 467 2465 603 2537; x_wconf 89' lang='lat' dir='ltr'><strong>tempora</strong></span> <span class='ocrx_word' id='word_1_240' title='bbox 617 2455 783 2519; x_wconf 90' lang='lat' dir='ltr'><strong>Ptolemaei</strong></span> <span class='ocrx_word' id='word_1_241' title='bbox 804 2476 842 2518; x_wconf 84' lang='lat' dir='ltr'><strong>ex</strong></span> <span class='ocrx_word' id='word_1_242' title='bbox 864 2456 960 2518; x_wconf 89' lang='lat' dir='ltr'><strong>tribus</strong></span> <span class='ocrx_word' id='word_1_243' title='bbox 983 2457 1145 2538; x_wconf 90' lang='lat' dir='ltr'><strong>eclipsibus</strong></span> <span class='ocrx_word' id='word_1_244' title='bbox 1161 2457 1354 2520; x_wconf 90' lang='lat' dir='ltr'><strong>constituitur</strong></span> <span class='ocrx_word' id='word_1_245' title='bbox 1372 2461 1548 2523; x_wconf 69' lang='lat' dir='ltr'><strong>moadiae</strong></span> <span class='ocrx_word' id='word_1_246' title='bbox 1562 2480 1624 2523; x_wconf 87' lang='lat' dir='ltr'><strong>mo-</strong></span> 
     </span>
     <span class='ocr_line' id='line_1_25' title="bbox 279 2545 1625 2627; baseline 0.001 -16"><span class='ocrx_word' id='word_1_247' title='bbox 279 2561 338 2613; x_wconf 89' lang='lat' dir='ltr'><strong>tus.</strong></span> <span class='ocrx_word' id='word_1_248' title='bbox 375 2548 508 2626; x_wconf 87' lang='lat' dir='ltr'><strong>itemque</strong></span> <span class='ocrx_word' id='word_1_249' title='bbox 531 2545 571 2608; x_wconf 92' lang='lat' dir='ltr'><strong>ad</strong></span> <span class='ocrx_word' id='word_1_250' title='bbox 592 2551 696 2606; x_wconf 90' lang='lat' dir='ltr'><strong>nostra</strong></span> <span class='ocrx_word' id='word_1_251' title='bbox 716 2554 851 2625; x_wconf 89' lang='lat' dir='ltr'><strong>tempora</strong></span> <span class='ocrx_word' id='word_1_252' title='bbox 869 2545 913 2607; x_wconf 89' lang='lat' dir='ltr'><strong>ita</strong></span> <span class='ocrx_word' id='word_1_253' title='bbox 926 2546 1152 2627; x_wconf 86' lang='lat' dir='ltr'><strong>comparatione</strong></span> <span class='ocrx_word' id='word_1_254' title='bbox 1164 2546 1308 2626; x_wconf 87' lang='lat' dir='ltr'><strong>temporis</strong></span> <span class='ocrx_word' id='word_1_255' title='bbox 1323 2546 1442 2610; x_wconf 89' lang='lat' dir='ltr'><strong>medius</strong></span> <span class='ocrx_word' id='word_1_256' title='bbox 1456 2550 1625 2613; x_wconf 79' lang='lat' dir='ltr'><strong>anomaliae</strong></span> 
     </span>
     <span class='ocr_line' id='line_1_26' title="bbox 278 2633 1626 2716; baseline 0.001 -15"><span class='ocrx_word' id='word_1_257' title='bbox 278 2645 378 2701; x_wconf 91' lang='lat' dir='ltr'><strong>motus</strong></span> <span class='ocrx_word' id='word_1_258' title='bbox 402 2634 528 2696; x_wconf 89' lang='lat' dir='ltr'><strong>elicitur.</strong></span> <span class='ocrx_word' id='word_1_259' title='bbox 566 2633 696 2696; x_wconf 87' lang='lat' dir='ltr'><strong>Rursum</strong></span> <span class='ocrx_word' id='word_1_260' title='bbox 720 2634 831 2716; x_wconf 89' lang='lat' dir='ltr'><strong>itaque,</strong></span> <span class='ocrx_word' id='word_1_261' title='bbox 855 2635 881 2696; x_wconf 92' lang='lat' dir='ltr'><strong>si</strong></span> <span class='ocrx_word' id='word_1_262' title='bbox 897 2633 952 2697; x_wconf 92' lang='lat' dir='ltr'><strong>Sol</strong></span> <span class='ocrx_word' id='word_1_263' title='bbox 971 2635 1026 2696; x_wconf 90' lang='lat' dir='ltr'><strong>sub</strong></span> <span class='ocrx_word' id='word_1_264' title='bbox 1050 2643 1229 2698; x_wconf 90' lang='lat' dir='ltr'><strong>momentum</strong></span> <span class='ocrx_word' id='word_1_265' title='bbox 1252 2635 1451 2715; x_wconf 89' lang='lat' dir='ltr'><strong>oppositionis</strong></span> <span class='ocrx_word' id='word_1_266' title='bbox 1475 2640 1626 2703; x_wconf 81' lang='lat' dir='ltr'><strong>statuatur</strong></span> 
     </span>
     <span class='ocr_line' id='line_1_27' title="bbox 283 2721 1624 2808; baseline 0.001 -18"><span class='ocrx_word' id='word_1_267' title='bbox 283 2721 341 2790; x_wconf 76' lang='grc' dir='ltr'><strong>13ο</strong></span> <span class='ocrx_word' id='word_1_268' title='bbox 366 2722 416 2787; x_wconf 80' lang='grc'><strong>15’</strong></span> <span class='ocrx_word' id='word_1_269' title='bbox 439 2724 467 2800; x_wconf 71' lang='grc' dir='ltr'>ὅ</span> <span class='ocrx_word' id='word_1_270' title='bbox 493 2741 547 2804; x_wconf 90' lang='lat' dir='ltr'><strong>per</strong></span> <span class='ocrx_word' id='word_1_271' title='bbox 571 2723 824 2786; x_wconf 86' lang='lat' dir='ltr'><strong>eceentricitatcm</strong></span> <span class='ocrx_word' id='word_1_272' title='bbox 849 2724 1038 2799; x_wconf 87' lang='lat' dir='ltr'><strong>diminutam,</strong></span> <span class='ocrx_word' id='word_1_273' title='bbox 1068 2732 1139 2786; x_wconf 91' lang='lat' dir='ltr'><strong>tnnc</strong></span> <span class='ocrx_word' id='word_1_274' title='bbox 1163 2744 1234 2786; x_wconf 90' lang='lat' dir='ltr'><strong>saue</strong></span> <span class='ocrx_word' id='word_1_275' title='bbox 1262 2721 1313 2788; x_wconf 83' lang='lat'><strong>12‘</strong></span> <span class='ocrx_word' id='word_1_276' title='bbox 1335 2724 1405 2799; x_wconf 91' lang='lat' dir='ltr'><strong>illa,</strong></span> <span class='ocrx_word' id='word_1_277' title='bbox 1435 2727 1549 2808; x_wconf 91' lang='lat' dir='ltr'><strong>quibus</strong></span> <span class='ocrx_word' id='word_1_278' title='bbox 1571 2730 1624 2791; x_wconf 84' lang='lat' dir='ltr'><strong>ab·</strong></span> 
     </span>
     <span class='ocr_line' id='line_1_28' title="bbox 280 2812 1625 2894; baseline 0.001 -15"><span class='ocrx_word' id='word_1_279' title='bbox 280 2813 374 2879; x_wconf 89' lang='lat' dir='ltr'><strong>errari</strong></span> <span class='ocrx_word' id='word_1_280' title='bbox 390 2812 559 2887; x_wconf 88' lang='lat' dir='ltr'><strong>statuimus,</strong></span> <span class='ocrx_word' id='word_1_281' title='bbox 584 2812 824 2874; x_wconf 84' lang='lat' dir='ltr'><strong>adscriberentur</strong></span> <span class='ocrx_word' id='word_1_282' title='bbox 838 2812 1010 2893; x_wconf 88' lang='lat' dir='ltr'><strong>aequatioui</strong></span> <span class='ocrx_word' id='word_1_283' title='bbox 1025 2813 1138 2874; x_wconf 91' lang='lat' dir='ltr'><strong>Lunae.</strong></span> <span class='ocrx_word' id='word_1_284' title='bbox 1176 2814 1218 2876; x_wconf 83' lang='lat' dir='ltr'><strong>Et</strong></span> <span class='ocrx_word' id='word_1_285' title='bbox 1240 2813 1310 2894; x_wconf 86' lang='lat' dir='ltr'><strong>qnia</strong></span> <span class='ocrx_word' id='word_1_286' title='bbox 1332 2814 1518 2879; x_wconf 88' lang='lat' dir='ltr'><strong>alteraretur</strong></span> <span class='ocrx_word' id='word_1_287' title='bbox 1540 2838 1625 2880; x_wconf 77' lang='lat' dir='ltr'><strong>verns</strong></span> 
     </span>
     <span class='ocr_line' id='line_1_29' title="bbox 280 2902 1625 2989; baseline 0.002 -22"><span class='ocrx_word' id='word_1_288' title='bbox 280 2906 346 2986; x_wconf 91' lang='lat' dir='ltr'><strong>ejus</strong></span> <span class='ocrx_word' id='word_1_289' title='bbox 374 2911 473 2964; x_wconf 90' lang='lat' dir='ltr'><strong>motus</strong></span> <span class='ocrx_word' id='word_1_290' title='bbox 504 2920 701 2989; x_wconf 73' lang='lat' dir='ltr'><strong>excessusque</strong></span> <span class='ocrx_word' id='word_1_291' title='bbox 732 2902 797 2981; x_wconf 90' lang='lat' dir='ltr'><strong>ejus</strong></span> <span class='ocrx_word' id='word_1_292' title='bbox 830 2920 921 2983; x_wconf 90' lang='lat' dir='ltr'><strong>snpra</strong></span> <span class='ocrx_word' id='word_1_293' title='bbox 953 2902 1101 2975; x_wconf 90' lang='lat' dir='ltr'><strong>medium,</strong></span> <span class='ocrx_word' id='word_1_294' title='bbox 1133 2921 1256 2965; x_wconf 89' lang='lat' dir='ltr'><strong>necesse</strong></span> <span class='ocrx_word' id='word_1_295' title='bbox 1288 2912 1373 2964; x_wconf 88' lang='lat' dir='ltr'><strong>esset</strong></span> <span class='ocrx_word' id='word_1_296' title='bbox 1403 2904 1504 2985; x_wconf 89' lang='lat' dir='ltr'><strong>ipsam</strong></span> <span class='ocrx_word' id='word_1_297' title='bbox 1538 2908 1625 2969; x_wconf 87' lang='lat' dir='ltr'><strong>etiam</strong></span> 
     </span>
     <span class='ocr_line' id='line_1_30' title="bbox 280 2991 1625 3074; baseline 0.001 -18"><span class='ocrx_word' id='word_1_298' title='bbox 280 2992 534 3056; x_wconf 88' lang='lat' dir='ltr'><strong>eccentricitatem</strong></span> <span class='ocrx_word' id='word_1_299' title='bbox 557 2991 604 3052; x_wconf 85' lang='lat' dir='ltr'><strong>vel</strong></span> <span class='ocrx_word' id='word_1_300' title='bbox 629 3010 793 3070; x_wconf 82' lang='lat' dir='ltr'><strong>apogaeum</strong></span> <span class='ocrx_word' id='word_1_301' title='bbox 817 2991 949 3052; x_wconf 90' lang='lat' dir='ltr'><strong>alterari.</strong></span> <span class='ocrx_word' id='word_1_302' title='bbox 988 2992 1089 3072; x_wconf 91' lang='lat' dir='ltr'><strong>Atque</strong></span> <span class='ocrx_word' id='word_1_303' title='bbox 1113 2991 1169 3053; x_wconf 92' lang='lat' dir='ltr'><strong>hoc</strong></span> <span class='ocrx_word' id='word_1_304' title='bbox 1192 3012 1265 3053; x_wconf 90' lang='lat' dir='ltr'><strong>saue</strong></span> <span class='ocrx_word' id='word_1_305' title='bbox 1288 2992 1405 3055; x_wconf 91' lang='lat' dir='ltr'><strong>nominc</strong></span> <span class='ocrx_word' id='word_1_306' title='bbox 1429 2996 1552 3074; x_wconf 85' lang='lat' dir='ltr'><strong>gratias</strong></span> <span class='ocrx_word' id='word_1_307' title='bbox 1573 2997 1625 3060; x_wconf 77' lang='lat' dir='ltr'><strong>ubi</strong></span> 
     </span>
     <span class='ocr_line' id='line_1_31' title="bbox 281 3078 1624 3167; baseline 0.001 -22"><span class='ocrx_word' id='word_1_308' title='bbox 281 3101 355 3163; x_wconf 79' lang='lat' dir='ltr'><strong>ago,</strong></span> <span class='ocrx_word' id='word_1_309' title='bbox 386 3081 462 3162; x_wconf 93' lang='lat' dir='ltr'><strong>qnod</strong></span> <span class='ocrx_word' id='word_1_310' title='bbox 491 3098 538 3141; x_wconf 89' lang='lat' dir='ltr'><strong>me</strong></span> <span class='ocrx_word' id='word_1_311' title='bbox 563 3079 590 3140; x_wconf 93' lang='lat' dir='ltr'><strong>in</strong></span> <span class='ocrx_word' id='word_1_312' title='bbox 613 3079 690 3141; x_wconf 89' lang='lat' dir='ltr'><strong>hauc</strong></span> <span class='ocrx_word' id='word_1_313' title='bbox 713 3078 981 3141; x_wconf 89' lang='lat' dir='ltr'><strong>considerationem</strong></span> <span class='ocrx_word' id='word_1_314' title='bbox 1004 3079 1130 3142; x_wconf 91' lang='lat' dir='ltr'><strong>inducis.</strong></span> <span class='ocrx_word' id='word_1_315' title='bbox 1176 3079 1297 3142; x_wconf 82' lang='lat' dir='ltr'><strong>Etenim</strong></span> <span class='ocrx_word' id='word_1_316' title='bbox 1325 3100 1380 3162; x_wconf 87' lang='lat' dir='ltr'><strong>per</strong></span> <span class='ocrx_word' id='word_1_317' title='bbox 1402 3083 1496 3147; x_wconf 91' lang='lat' dir='ltr'><strong>otium</strong></span> <span class='ocrx_word' id='word_1_318' title='bbox 1521 3085 1624 3167; x_wconf 88' lang='lat' dir='ltr'><strong>explo-</strong></span> 
     </span>
     <span class='ocr_line' id='line_1_32' title="bbox 283 3167 1625 3250; baseline 0.003 -17"><span class='ocrx_word' id='word_1_319' title='bbox 283 3172 365 3245; x_wconf 89' lang='lat' dir='ltr'><strong>rabo,</strong></span> <span class='ocrx_word' id='word_1_320' title='bbox 388 3191 426 3231; x_wconf 89' lang='lat' dir='ltr'><strong>an</strong></span> <span class='ocrx_word' id='word_1_321' title='bbox 450 3167 581 3230; x_wconf 92' lang='lat' dir='ltr'><strong>notabile</strong></span> <span class='ocrx_word' id='word_1_322' title='bbox 598 3168 709 3249; x_wconf 93' lang='lat' dir='ltr'><strong>aliquid</strong></span> <span class='ocrx_word' id='word_1_323' title='bbox 732 3176 871 3248; x_wconf 89' lang='lat' dir='ltr'><strong>peccetur</strong></span> <span class='ocrx_word' id='word_1_324' title='bbox 889 3167 919 3228; x_wconf 94' lang='lat' dir='ltr'><strong>in</strong></span> <span class='ocrx_word' id='word_1_325' title='bbox 936 3170 1113 3250; x_wconf 90' lang='lat' dir='ltr'><strong>aequatione</strong></span> <span class='ocrx_word' id='word_1_326' title='bbox 1128 3170 1231 3232; x_wconf 88' lang='lat' dir='ltr'><strong>Lunae</strong></span> <span class='ocrx_word' id='word_1_327' title='bbox 1251 3168 1381 3232; x_wconf 73' lang='lat' dir='ltr'><strong>maxima</strong></span> <span class='ocrx_word' id='word_1_328' title='bbox 1403 3174 1625 3249; x_wconf 62' lang='lat' dir='ltr'><strong>constituenda</strong></span> 
     </span>
     <span class='ocr_line' id='line_1_33' title="bbox 282 3254 1625 3342; baseline 0.001 -20"><span class='ocrx_word' id='word_1_329' title='bbox 282 3260 308 3322; x_wconf 92' lang='lat' dir='ltr'><strong>si</strong></span> <span class='ocrx_word' id='word_1_330' title='bbox 331 3258 440 3322; x_wconf 87' lang='lat' dir='ltr'><strong>alicubi</strong></span> <span class='ocrx_word' id='word_1_331' title='bbox 466 3254 517 3321; x_wconf 78' lang='lat'><strong>12⁴</strong></span> <span class='ocrx_word' id='word_1_332' title='bbox 541 3264 658 3337; x_wconf 88' lang='lat' dir='ltr'><strong>praeter</strong></span> <span class='ocrx_word' id='word_1_333' title='bbox 676 3258 792 3338; x_wconf 91' lang='lat' dir='ltr'><strong>justum</strong></span> <span class='ocrx_word' id='word_1_334' title='bbox 819 3257 953 3320; x_wconf 90' lang='lat' dir='ltr'><strong>accedat.</strong></span> <span class='ocrx_word' id='word_1_335' title='bbox 1000 3258 1037 3318; x_wconf 89' lang='lat' dir='ltr'><strong>ld</strong></span> <span class='ocrx_word' id='word_1_336' title='bbox 1059 3257 1110 3321; x_wconf 92' lang='lat' dir='ltr'><strong>ubi</strong></span> <span class='ocrx_word' id='word_1_337' title='bbox 1139 3258 1183 3320; x_wconf 91' lang='lat' dir='ltr'><strong>sic</strong></span> <span class='ocrx_word' id='word_1_338' title='bbox 1213 3258 1323 3321; x_wconf 89' lang='lat' dir='ltr'><strong>habere</strong></span> <span class='ocrx_word' id='word_1_339' title='bbox 1347 3260 1576 3342; x_wconf 86' lang='lat' dir='ltr'><strong>deprehendero</strong></span> <span class='ocrx_word' id='word_1_340' title='bbox 1597 3278 1625 3324; x_wconf 87' lang='lat' dir='ltr'><strong>et</strong></span> 
     </span>
     <span class='ocr_line' id='line_1_34' title="bbox 282 3346 1624 3435; baseline 0.003 -24"><span class='ocrx_word' id='word_1_341' title='bbox 282 3348 332 3411; x_wconf 93' lang='lat' dir='ltr'><strong>ubi</strong></span> <span class='ocrx_word' id='word_1_342' title='bbox 348 3347 440 3409; x_wconf 92' lang='lat' dir='ltr'><strong>nihilo</strong></span> <span class='ocrx_word' id='word_1_343' title='bbox 457 3348 553 3409; x_wconf 88' lang='lat' dir='ltr'><strong>minus</strong></span> <span class='ocrx_word' id='word_1_344' title='bbox 569 3365 606 3406; x_wconf 86' lang='lat' dir='ltr'><strong>ex</strong></span> <span class='ocrx_word' id='word_1_345' title='bbox 619 3346 785 3408; x_wconf 87' lang='lat' dir='ltr'><strong>Ptolemaei</strong></span> <span class='ocrx_word' id='word_1_346' title='bbox 801 3346 962 3427; x_wconf 90' lang='lat' dir='ltr'><strong>eclipsibus</strong></span> <span class='ocrx_word' id='word_1_347' title='bbox 984 3347 1108 3408; x_wconf 89' lang='lat' dir='ltr'><strong>eandem</strong></span> <span class='ocrx_word' id='word_1_348' title='bbox 1132 3347 1309 3429; x_wconf 87' lang='lat' dir='ltr'><strong>hypothesin</strong></span> <span class='ocrx_word' id='word_1_349' title='bbox 1335 3361 1515 3413; x_wconf 82' lang='lat' dir='ltr'><strong>exstruxere</strong></span> <span class='ocrx_word' id='word_1_350' title='bbox 1540 3372 1624 3435; x_wconf 87' lang='lat' dir='ltr'><strong>quara</strong></span> 
     </span>
     <span class='ocr_line' id='line_1_35' title="bbox 282 3435 1622 3517; baseline 0.001 -17"><span class='ocrx_word' id='word_1_351' title='bbox 282 3458 318 3500; x_wconf 80' lang='lat' dir='ltr'><strong>ex</strong></span> <span class='ocrx_word' id='word_1_352' title='bbox 342 3436 510 3499; x_wconf 86' lang='lat' dir='ltr'><strong>recentibus</strong></span> <span class='ocrx_word' id='word_1_353' title='bbox 534 3435 627 3516; x_wconf 90' lang='lat' dir='ltr'><strong>(qnod</strong></span> <span class='ocrx_word' id='word_1_354' title='bbox 650 3436 752 3517; x_wconf 83' lang='lat' dir='ltr'><strong>Tycha</strong></span> <span class='ocrx_word' id='word_1_355' title='bbox 776 3455 848 3497; x_wconf 87' lang='lat' dir='ltr'><strong>sane</strong></span> <span class='ocrx_word' id='word_1_356' title='bbox 873 3436 975 3511; x_wconf 84' lang='lat' dir='ltr'><strong>iecit),</strong></span> <span class='ocrx_word' id='word_1_357' title='bbox 993 3455 1047 3516; x_wconf 90' lang='lat' dir='ltr'><strong>pro</strong></span> <span class='ocrx_word' id='word_1_358' title='bbox 1071 3444 1154 3497; x_wconf 89' lang='lat' dir='ltr'><strong>certo</strong></span> <span class='ocrx_word' id='word_1_359' title='bbox 1178 3436 1345 3508; x_wconf 85' lang='lat' dir='ltr'><strong>affirmabo,</strong></span> <span class='ocrx_word' id='word_1_360' title='bbox 1369 3440 1622 3503; x_wconf 84' lang='lat' dir='ltr'><strong>eccentricitatem</strong></span> 
     </span>
     <span class='ocr_line' id='line_1_36' title="bbox 281 3524 1623 3610; baseline 0.001 -22"><span class='ocrx_word' id='word_1_361' title='bbox 281 3536 313 3588; x_wconf 90' lang='lat' dir='ltr'><strong>et</strong></span> <span class='ocrx_word' id='word_1_362' title='bbox 335 3527 405 3588; x_wconf 90' lang='lat' dir='ltr'><strong>anui</strong></span> <span class='ocrx_word' id='word_1_363' title='bbox 430 3524 661 3606; x_wconf 84' lang='lat' dir='ltr'><strong>magnitudinem</strong></span> <span class='ocrx_word' id='word_1_364' title='bbox 686 3534 717 3586; x_wconf 88' lang='lat' dir='ltr'><strong>et</strong></span> <span class='ocrx_word' id='word_1_365' title='bbox 739 3524 959 3604; x_wconf 89' lang='lat' dir='ltr'><strong>aequinoctium</strong></span> <span class='ocrx_word' id='word_1_366' title='bbox 981 3525 1011 3585; x_wconf 92' lang='lat' dir='ltr'><strong>id</strong></span> <span class='ocrx_word' id='word_1_367' title='bbox 1035 3525 1128 3587; x_wconf 87' lang='lat' dir='ltr'><strong>fuisse</strong></span> <span class='ocrx_word' id='word_1_368' title='bbox 1150 3534 1282 3607; x_wconf 88' lang='lat' dir='ltr'><strong>tempore</strong></span> <span class='ocrx_word' id='word_1_369' title='bbox 1295 3526 1475 3604; x_wconf 86' lang='lat' dir='ltr'><strong>Ptolemaei,</strong></span> <span class='ocrx_word' id='word_1_370' title='bbox 1498 3531 1580 3610; x_wconf 86' lang='lat' dir='ltr'><strong>qnod</strong></span> <span class='ocrx_word' id='word_1_371' title='bbox 1602 3531 1623 3591; x_wconf 83' lang='lat' dir='ltr'><strong>is</strong></span> 
     </span>
     <span class='ocr_line' id='line_1_37' title="bbox 279 3613 1622 3698; baseline 0.001 -20"><span class='ocrx_word' id='word_1_372' title='bbox 279 3617 368 3678; x_wconf 90' lang='lat' dir='ltr'><strong>uobis</strong></span> <span class='ocrx_word' id='word_1_373' title='bbox 390 3614 576 3694; x_wconf 83' lang='lat' dir='ltr'><strong>assignatum</strong></span> <span class='ocrx_word' id='word_1_374' title='bbox 601 3613 731 3694; x_wconf 92' lang='lat' dir='ltr'><strong>reliquit.</strong></span> <span class='ocrx_word' id='word_1_375' title='bbox 777 3613 860 3676; x_wconf 74' lang='lat' dir='ltr'><strong>Nihil</strong></span> <span class='ocrx_word' id='word_1_376' title='bbox 883 3621 936 3674; x_wconf 88' lang='lat' dir='ltr'><strong>ant</strong></span> <span class='ocrx_word' id='word_1_377' title='bbox 957 3632 1060 3692; x_wconf 88' lang='lat' dir='ltr'><strong>parurn</strong></span> <span class='ocrx_word' id='word_1_378' title='bbox 1085 3614 1132 3675; x_wconf 93' lang='lat' dir='ltr'><strong>hic</strong></span> <span class='ocrx_word' id='word_1_379' title='bbox 1155 3615 1279 3698; x_wconf 84' lang='lat' dir='ltr'><strong>impedit</strong></span> <span class='ocrx_word' id='word_1_380' title='bbox 1305 3634 1381 3690; x_wconf 89' lang='lat' dir='ltr'><strong>nos,</strong></span> <span class='ocrx_word' id='word_1_381' title='bbox 1413 3617 1441 3677; x_wconf 90' lang='lat' dir='ltr'><strong>si</strong></span> <span class='ocrx_word' id='word_1_382' title='bbox 1473 3619 1502 3679; x_wconf 94' lang='lat' dir='ltr'><strong>iu</strong></span> <span class='ocrx_word' id='word_1_383' title='bbox 1535 3619 1622 3681; x_wconf 85' lang='lat' dir='ltr'><strong>horae</strong></span> 
     </span>
     <span class='ocr_line' id='line_1_38' title="bbox 281 3701 1622 3786; baseline 0 -19"><span class='ocrx_word' id='word_1_384' title='bbox 281 3705 382 3786; x_wconf 88' lang='lat' dir='ltr'><strong>aliqua</strong></span> <span class='ocrx_word' id='word_1_385' title='bbox 404 3711 488 3784; x_wconf 82' lang='lat' dir='ltr'><strong>parte</strong></span> <span class='ocrx_word' id='word_1_386' title='bbox 512 3702 703 3765; x_wconf 89' lang='lat' dir='ltr'><strong>aberremus:</strong></span> <span class='ocrx_word' id='word_1_387' title='bbox 734 3709 873 3782; x_wconf 86' lang='lat' dir='ltr'><strong>qnantum</strong></span> <span class='ocrx_word' id='word_1_388' title='bbox 897 3701 974 3763; x_wconf 90' lang='lat' dir='ltr'><strong>eninr</strong></span> <span class='ocrx_word' id='word_1_389' title='bbox 1000 3703 1028 3763; x_wconf 92' lang='lat' dir='ltr'><strong>in</strong></span> <span class='ocrx_word' id='word_1_390' title='bbox 1053 3703 1104 3763; x_wconf 91' lang='lat' dir='ltr'><strong>illo</strong></span> <span class='ocrx_word' id='word_1_391' title='bbox 1128 3704 1258 3784; x_wconf 88' lang='lat' dir='ltr'><strong>spatiolo</strong></span> <span class='ocrx_word' id='word_1_392' title='bbox 1281 3706 1375 3767; x_wconf 90' lang='lat' dir='ltr'><strong>motui</strong></span> <span class='ocrx_word' id='word_1_393' title='bbox 1398 3707 1506 3768; x_wconf 89' lang='lat' dir='ltr'><strong>Lunae</strong></span> <span class='ocrx_word' id='word_1_394' title='bbox 1529 3709 1622 3770; x_wconf 86' lang='lat' dir='ltr'><strong>medio</strong></span> 
     </span>
     <span class='ocr_line' id='line_1_39' title="bbox 281 3790 1621 3873; baseline 0.001 -16"><span class='ocrx_word' id='word_1_395' title='bbox 281 3793 407 3868; x_wconf 86' lang='lat' dir='ltr'><strong>accedit,</strong></span> <span class='ocrx_word' id='word_1_396' title='bbox 432 3792 606 3855; x_wconf 89' lang='lat' dir='ltr'><strong>tantundem</strong></span> <span class='ocrx_word' id='word_1_397' title='bbox 624 3793 684 3854; x_wconf 84' lang='lat' dir='ltr'><strong>lere</strong></span> <span class='ocrx_word' id='word_1_398' title='bbox 700 3792 819 3853; x_wconf 91' lang='lat' dir='ltr'><strong>accedit</strong></span> <span class='ocrx_word' id='word_1_399' title='bbox 840 3796 872 3851; x_wconf 92' lang='lat' dir='ltr'><strong>et</strong></span> <span class='ocrx_word' id='word_1_400' title='bbox 893 3810 974 3852; x_wconf 88' lang='lat' dir='ltr'><strong>vero.</strong></span> <span class='ocrx_word' id='word_1_401' title='bbox 1013 3790 1074 3854; x_wconf 90' lang='lat' dir='ltr'><strong>Sed</strong></span> <span class='ocrx_word' id='word_1_402' title='bbox 1096 3792 1173 3854; x_wconf 89' lang='lat' dir='ltr'><strong>haec</strong></span> <span class='ocrx_word' id='word_1_403' title='bbox 1197 3792 1354 3873; x_wconf 82' lang='lat' dir='ltr'><strong>intery&#39;icio.</strong></span> <span class='ocrx_word' id='word_1_404' title='bbox 1392 3795 1491 3858; x_wconf 82' lang='lat' dir='ltr'><strong>Vides</strong></span> <span class='ocrx_word' id='word_1_405' title='bbox 1516 3808 1621 3870; x_wconf 89' lang='lat' dir='ltr'><strong>antem,</strong></span> 
     </span>
     <span class='ocr_line' id='line_1_40' title="bbox 281 3880 1620 3966; baseline -0.001 -20"><span class='ocrx_word' id='word_1_406' title='bbox 281 3883 360 3966; x_wconf 89' lang='lat' dir='ltr'><strong>qnod</strong></span> <span class='ocrx_word' id='word_1_407' title='bbox 383 3890 480 3944; x_wconf 92' lang='lat' dir='ltr'><strong>motus</strong></span> <span class='ocrx_word' id='word_1_408' title='bbox 510 3881 674 3943; x_wconf 86' lang='lat' dir='ltr'><strong>anomaliae</strong></span> <span class='ocrx_word' id='word_1_409' title='bbox 707 3901 765 3943; x_wconf 87' lang='lat' dir='ltr'><strong>una</strong></span> <span class='ocrx_word' id='word_1_410' title='bbox 788 3899 853 3941; x_wconf 90' lang='lat' dir='ltr'><strong>cnm</strong></span> <span class='ocrx_word' id='word_1_411' title='bbox 881 3888 964 3940; x_wconf 89' lang='lat' dir='ltr'><strong>motu</strong></span> <span class='ocrx_word' id='word_1_412' title='bbox 987 3880 1090 3942; x_wconf 92' lang='lat' dir='ltr'><strong>Luuae</strong></span> <span class='ocrx_word' id='word_1_413' title='bbox 1119 3881 1247 3963; x_wconf 89' lang='lat' dir='ltr'><strong>simplici</strong></span> <span class='ocrx_word' id='word_1_414' title='bbox 1274 3883 1312 3944; x_wconf 90' lang='lat' dir='ltr'><strong>ad</strong></span> <span class='ocrx_word' id='word_1_415' title='bbox 1337 3892 1474 3964; x_wconf 88' lang='lat' dir='ltr'><strong>tempora</strong></span> <span class='ocrx_word' id='word_1_416' title='bbox 1496 3907 1528 3950; x_wconf 89' lang='lat' dir='ltr'><strong>a.</strong></span> <span class='ocrx_word' id='word_1_417' title='bbox 1554 3886 1620 3951; x_wconf 83' lang='lat' dir='ltr'><strong>Chr.</strong></span> 
     </span>
     <span class='ocr_line' id='line_1_41' title="bbox 280 3963 1029 4055; baseline -0.008 -20"><span class='ocrx_word' id='word_1_418' title='bbox 280 3992 355 4055; x_wconf 89' lang='lat' dir='ltr'><strong>peue</strong></span> <span class='ocrx_word' id='word_1_419' title='bbox 378 3980 459 4034; x_wconf 88' lang='lat' dir='ltr'><strong>totus</strong></span> <span class='ocrx_word' id='word_1_420' title='bbox 482 3971 513 4032; x_wconf 91' lang='lat' dir='ltr'><strong>iu</strong></span> <span class='ocrx_word' id='word_1_421' title='bbox 536 3963 703 4032; x_wconf 81' lang='lat' dir='ltr'><strong>Ptblemaei</strong></span> <span class='ocrx_word' id='word_1_422' title='bbox 725 3969 849 4031; x_wconf 87' lang='lat' dir='ltr'><strong>arbitrio</strong></span> <span class='ocrx_word' id='word_1_423' title='bbox 872 3967 1029 4031; x_wconf 75' lang='lat' dir='ltr'><strong>consistat.</strong></span> 
     </span>
    </p>

    <p class='ocr_par' dir='ltr' id='par_1_6' title="bbox 281 4057 1622 4675">
     <span class='ocr_line' id='line_1_42' title="bbox 367 4057 1622 4144; baseline 0 -21"><span class='ocrx_word' id='word_1_424' title='bbox 367 4060 424 4123; x_wconf 88' lang='lat' dir='ltr'><strong>III.</strong></span> <span class='ocrx_word' id='word_1_425' title='bbox 458 4059 546 4130; x_wconf 85' lang='lat' dir='ltr'><strong>Quod</strong></span> <span class='ocrx_word' id='word_1_426' title='bbox 570 4060 658 4121; x_wconf 90' lang='lat' dir='ltr'><strong>tertio</strong></span> <span class='ocrx_word' id='word_1_427' title='bbox 682 4059 814 4119; x_wconf 90' lang='lat' dir='ltr'><strong>tabulam</strong></span> <span class='ocrx_word' id='word_1_428' title='bbox 838 4058 1048 4139; x_wconf 89' lang='lat' dir='ltr'><strong>aequatiouum</strong></span> <span class='ocrx_word' id='word_1_429' title='bbox 1071 4057 1191 4134; x_wconf 88' lang='lat' dir='ltr'><strong>attinet,</strong></span> <span class='ocrx_word' id='word_1_430' title='bbox 1215 4061 1410 4141; x_wconf 89' lang='lat' dir='ltr'><strong>aequatioues</strong></span> <span class='ocrx_word' id='word_1_431' title='bbox 1433 4063 1622 4144; x_wconf 84' lang='lat' dir='ltr'><strong>Tychouicae</strong></span> 
     </span>
     <span class='ocr_line' id='line_1_43' title="bbox 281 4144 1622 4227; baseline 0.002 -15"><span class='ocrx_word' id='word_1_432' title='bbox 281 4150 429 4213; x_wconf 89' lang='lat' dir='ltr'><strong>maximae</strong></span> <span class='ocrx_word' id='word_1_433' title='bbox 451 4148 627 4210; x_wconf 89' lang='lat' dir='ltr'><strong>Proteuicas</strong></span> <span class='ocrx_word' id='word_1_434' title='bbox 650 4158 767 4210; x_wconf 88' lang='lat' dir='ltr'><strong>tanturn</strong></span> <span class='ocrx_word' id='word_1_435' title='bbox 794 4145 826 4208; x_wconf 80' lang='lat'><strong>2¹</strong></span> <span class='ocrx_word' id='word_1_436' title='bbox 854 4155 1010 4227; x_wconf 88' lang='lat' dir='ltr'><strong>superant,</strong></span> <span class='ocrx_word' id='word_1_437' title='bbox 1042 4166 1083 4209; x_wconf 90' lang='lat' dir='ltr'><strong>sc.</strong></span> <span class='ocrx_word' id='word_1_438' title='bbox 1112 4147 1142 4209; x_wconf 92' lang='lat' dir='ltr'><strong>in</strong></span> <span class='ocrx_word' id='word_1_439' title='bbox 1167 4144 1228 4212; x_wconf 80' lang='lat'><strong>90⁰</strong></span> <span class='ocrx_word' id='word_1_440' title='bbox 1250 4158 1281 4210; x_wconf 90' lang='lat' dir='ltr'><strong>et</strong></span> <span class='ocrx_word' id='word_1_441' title='bbox 1302 4145 1393 4213; x_wconf 81' lang='lat'><strong>270⁰.</strong></span> <span class='ocrx_word' id='word_1_442' title='bbox 1440 4153 1487 4214; x_wconf 81' lang='lat' dir='ltr'><strong>At</strong></span> <span class='ocrx_word' id='word_1_443' title='bbox 1509 4154 1542 4215; x_wconf 91' lang='lat' dir='ltr'><strong>in</strong></span> <span class='ocrx_word' id='word_1_444' title='bbox 1565 4150 1622 4215; x_wconf 71' lang='grc'><strong>45·</strong></span> 
     </span>
     <span class='ocr_line' id='line_1_44' title="bbox 283 4234 1621 4321; baseline 0.001 -19"><span class='ocrx_word' id='word_1_445' title='bbox 283 4238 451 4302; x_wconf 81' lang='lat' dir='ltr'><strong>differentia</strong></span> <span class='ocrx_word' id='word_1_446' title='bbox 474 4245 521 4299; x_wconf 90' lang='lat' dir='ltr'><strong>est</strong></span> <span class='ocrx_word' id='word_1_447' title='bbox 546 4234 612 4310; x_wconf 77' lang='lat'><strong>10‘,</strong></span> <span class='ocrx_word' id='word_1_448' title='bbox 636 4237 724 4318; x_wconf 89' lang='lat' dir='ltr'><strong>idque</strong></span> <span class='ocrx_word' id='word_1_449' title='bbox 747 4245 870 4316; x_wconf 88' lang='lat' dir='ltr'><strong>propter</strong></span> <span class='ocrx_word' id='word_1_450' title='bbox 893 4236 1091 4297; x_wconf 81' lang='lat' dir='ltr'><strong>differentiam</strong></span> <span class='ocrx_word' id='word_1_451' title='bbox 1115 4237 1324 4318; x_wconf 89' lang='lat' dir='ltr'><strong>hypotheseos.</strong></span> <span class='ocrx_word' id='word_1_452' title='bbox 1372 4238 1448 4304; x_wconf 86' lang='lat' dir='ltr'><strong>Cum</strong></span> <span class='ocrx_word' id='word_1_453' title='bbox 1472 4242 1621 4321; x_wconf 78' lang='lat' dir='ltr'><strong>igiturex</strong></span> 
     </span>
     <span class='ocr_line' id='line_1_45' title="bbox 281 4324 1621 4410; baseline -0.001 -18"><span class='ocrx_word' id='word_1_454' title='bbox 281 4327 532 4410; x_wconf 87' lang='lat' dir='ltr'><strong>disputationibus</strong></span> <span class='ocrx_word' id='word_1_455' title='bbox 555 4326 629 4386; x_wconf 91' lang='lat' dir='ltr'><strong>meis</strong></span> <span class='ocrx_word' id='word_1_456' title='bbox 659 4327 695 4386; x_wconf 90' lang='lat' dir='ltr'><strong>de</strong></span> <span class='ocrx_word' id='word_1_457' title='bbox 723 4326 823 4386; x_wconf 89' lang='lat' dir='ltr'><strong>causis</strong></span> <span class='ocrx_word' id='word_1_458' title='bbox 855 4325 1061 4404; x_wconf 91' lang='lat' dir='ltr'><strong>aequatiouum</strong></span> <span class='ocrx_word' id='word_1_459' title='bbox 1090 4324 1224 4407; x_wconf 89' lang='lat' dir='ltr'><strong>physicis</strong></span> <span class='ocrx_word' id='word_1_460' title='bbox 1256 4327 1460 4407; x_wconf 89' lang='lat' dir='ltr'><strong>appariturum</strong></span> <span class='ocrx_word' id='word_1_461' title='bbox 1492 4332 1556 4404; x_wconf 85' lang='lat' dir='ltr'><strong>sit,</strong></span> <span class='ocrx_word' id='word_1_462' title='bbox 1586 4349 1621 4392; x_wconf 90' lang='lat' dir='ltr'><strong>ne</strong></span> 
     </span>
     <span class='ocr_line' id='line_1_46' title="bbox 281 4413 1621 4502; baseline -0.003 -21"><span class='ocrx_word' id='word_1_463' title='bbox 281 4417 481 4500; x_wconf 86' lang='lat' dir='ltr'><strong>Tychonicam</strong></span> <span class='ocrx_word' id='word_1_464' title='bbox 505 4414 622 4495; x_wconf 91' lang='lat' dir='ltr'><strong>quidem</strong></span> <span class='ocrx_word' id='word_1_465' title='bbox 652 4414 865 4476; x_wconf 88' lang='lat' dir='ltr'><strong>ordinationem</strong></span> <span class='ocrx_word' id='word_1_466' title='bbox 893 4413 1095 4494; x_wconf 88' lang='lat' dir='ltr'><strong>hypotheseos</strong></span> <span class='ocrx_word' id='word_1_467' title='bbox 1123 4432 1176 4476; x_wconf 90' lang='lat' dir='ltr'><strong>sen</strong></span> <span class='ocrx_word' id='word_1_468' title='bbox 1204 4416 1436 4496; x_wconf 88' lang='lat' dir='ltr'><strong>applicationem</strong></span> <span class='ocrx_word' id='word_1_469' title='bbox 1465 4420 1621 4502; x_wconf 75' lang='lat' dir='ltr'><strong>aequantia</strong></span> 
     </span>
     <span class='ocr_line' id='line_1_47' title="bbox 281 4503 1620 4591; baseline -0.001 -22"><span class='ocrx_word' id='word_1_470' title='bbox 281 4526 319 4568; x_wconf 86' lang='lat' dir='ltr'><strong>ex</strong></span> <span class='ocrx_word' id='word_1_471' title='bbox 343 4507 421 4569; x_wconf 91' lang='lat' dir='ltr'><strong>omni</strong></span> <span class='ocrx_word' id='word_1_472' title='bbox 442 4514 529 4586; x_wconf 90' lang='lat' dir='ltr'><strong>parte</strong></span> <span class='ocrx_word' id='word_1_473' title='bbox 552 4512 632 4565; x_wconf 92' lang='lat' dir='ltr'><strong>recte</strong></span> <span class='ocrx_word' id='word_1_474' title='bbox 656 4503 784 4565; x_wconf 87' lang='lat' dir='ltr'><strong>hahere:</strong></span> <span class='ocrx_word' id='word_1_475' title='bbox 818 4504 875 4565; x_wconf 90' lang='lat' dir='ltr'><strong>erit</strong></span> <span class='ocrx_word' id='word_1_476' title='bbox 907 4513 937 4564; x_wconf 90' lang='lat' dir='ltr'><strong>et</strong></span> <span class='ocrx_word' id='word_1_477' title='bbox 967 4503 1041 4564; x_wconf 91' lang='lat' dir='ltr'><strong>haec</strong></span> <span class='ocrx_word' id='word_1_478' title='bbox 1069 4503 1247 4580; x_wconf 73' lang='lat' dir='ltr'><strong>recidenda,</strong></span> <span class='ocrx_word' id='word_1_479' title='bbox 1281 4525 1334 4568; x_wconf 91' lang='lat' dir='ltr'><strong>uec</strong></span> <span class='ocrx_word' id='word_1_480' title='bbox 1365 4505 1410 4568; x_wconf 90' lang='lat' dir='ltr'><strong>illi</strong></span> <span class='ocrx_word' id='word_1_481' title='bbox 1438 4507 1467 4570; x_wconf 93' lang='lat' dir='ltr'><strong>in</strong></span> <span class='ocrx_word' id='word_1_482' title='bbox 1493 4510 1620 4591; x_wconf 68' lang='lat' dir='ltr'><strong>antiquis·</strong></span> 
     </span>
     <span class='ocr_line' id='line_1_48' title="bbox 282 4593 839 4675; baseline -0.007 -19"><span class='ocrx_word' id='word_1_483' title='bbox 282 4595 444 4675; x_wconf 88' lang='lat' dir='ltr'><strong>eclipsibus</strong></span> <span class='ocrx_word' id='word_1_484' title='bbox 467 4593 661 4674; x_wconf 89' lang='lat' dir='ltr'><strong>pertinaciter</strong></span> <span class='ocrx_word' id='word_1_485' title='bbox 682 4593 839 4654; x_wconf 85' lang='lat' dir='ltr'><strong>fidendum.</strong></span> 
     </span>
    </p>

    <p class='ocr_par' dir='ltr' id='par_1_7' title="bbox 281 4680 1621 4854">
     <span class='ocr_line' id='line_1_49' title="bbox 369 4680 1621 4762; baseline 0.001 -16"><span class='ocrx_word' id='word_1_486' title='bbox 369 4685 446 4746; x_wconf 87' lang='lat' dir='ltr'><strong>Puto</strong></span> <span class='ocrx_word' id='word_1_487' title='bbox 456 4693 555 4745; x_wconf 90' lang='lat' dir='ltr'><strong>antem</strong></span> <span class='ocrx_word' id='word_1_488' title='bbox 567 4685 657 4753; x_wconf 88' lang='lat' dir='ltr'><strong>(nunc</strong></span> <span class='ocrx_word' id='word_1_489' title='bbox 668 4681 732 4743; x_wconf 91' lang='lat' dir='ltr'><strong>sine</strong></span> <span class='ocrx_word' id='word_1_490' title='bbox 743 4681 867 4754; x_wconf 90' lang='lat' dir='ltr'><strong>calculo,</strong></span> <span class='ocrx_word' id='word_1_491' title='bbox 882 4699 920 4741; x_wconf 89' lang='lat' dir='ltr'><strong>ex</strong></span> <span class='ocrx_word' id='word_1_492' title='bbox 932 4680 1167 4756; x_wconf 88' lang='lat' dir='ltr'><strong>aestimatione),</strong></span> <span class='ocrx_word' id='word_1_493' title='bbox 1179 4683 1306 4744; x_wconf 88' lang='lat' dir='ltr'><strong>medinm</strong></span> <span class='ocrx_word' id='word_1_494' title='bbox 1315 4685 1536 4762; x_wconf 89' lang='lat' dir='ltr'><strong>quodammodo</strong></span> <span class='ocrx_word' id='word_1_495' title='bbox 1548 4688 1621 4748; x_wconf 82' lang='lat' dir='ltr'><strong>inter</strong></span> 
     </span>
     <span class='ocr_line' id='line_1_50' title="bbox 281 4769 1620 4854; baseline 0.001 -19"><span class='ocrx_word' id='word_1_496' title='bbox 281 4771 458 4835; x_wconf 82' lang='lat' dir='ltr'><strong>Proteuicas</strong></span> <span class='ocrx_word' id='word_1_497' title='bbox 480 4778 512 4833; x_wconf 91' lang='lat' dir='ltr'><strong>et</strong></span> <span class='ocrx_word' id='word_1_498' title='bbox 524 4769 711 4854; x_wconf 85' lang='lat' dir='ltr'><strong>Tychouicas</strong></span> <span class='ocrx_word' id='word_1_499' title='bbox 733 4770 928 4852; x_wconf 88' lang='lat' dir='ltr'><strong>aequationes</strong></span> <span class='ocrx_word' id='word_1_500' title='bbox 952 4788 1018 4831; x_wconf 90' lang='lat' dir='ltr'><strong>esse</strong></span> <span class='ocrx_word' id='word_1_501' title='bbox 1041 4771 1232 4850; x_wconf 88' lang='lat' dir='ltr'><strong>sequendum.</strong></span> <span class='ocrx_word' id='word_1_502' title='bbox 1270 4773 1301 4833; x_wconf 91' lang='lat' dir='ltr'><strong>ln</strong></span> <span class='ocrx_word' id='word_1_503' title='bbox 1326 4774 1497 4837; x_wconf 80' lang='lat' dir='ltr'><strong>universnm</strong></span> <span class='ocrx_word' id='word_1_504' title='bbox 1522 4777 1620 4837; x_wconf 80' lang='lat' dir='ltr'><strong>videor</strong></span> 
     </span>
    </p>
   </div>
   <div class='ocr_carea' id='block_1_3' title="bbox 618 4858 657 4874">
    <p class='ocr_par' dir='ltr' id='par_1_8' title="bbox 618 4858 657 4874">
     <span class='ocr_line' id='line_1_51' title="bbox 618 4858 657 4874; baseline 0 0"><span class='ocrx_word' id='word_1_505' title='bbox 618 4858 625 4874; x_wconf 70' lang='lat'>0</span> <span class='ocrx_word' id='word_1_506' title='bbox 650 4859 657 4874; x_wconf 73' lang='lat'>0</span> 
     </span>
    </p>
   </div>
   <div class='ocr_carea' id='block_1_4' title="bbox 282 4858 1617 4943">
    <p class='ocr_par' dir='ltr' id='par_1_9' title="bbox 282 4858 1617 4943">
     <span class='ocr_line' id='line_1_52' title="bbox 282 4858 1617 4943; baseline 0.003 -18"><span class='ocrx_word' id='word_1_507' title='bbox 282 4858 356 4925; x_wconf 80' lang='lat' dir='ltr'><strong>mihi</strong></span> <span class='ocrx_word' id='word_1_508' title='bbox 375 4861 441 4929; x_wconf 76' lang='lat' dir='ltr'><strong>eiua</strong></span> <span class='ocrx_word' id='word_1_509' title='bbox 462 4860 595 4927; x_wconf 82' lang='lat' dir='ltr'><strong>auctoris</strong></span> <span class='ocrx_word' id='word_1_510' title='bbox 617 4859 735 4940; x_wconf 69' lang='lat' dir='ltr'><strong>injuria,</strong></span> <span class='ocrx_word' id='word_1_511' title='bbox 757 4859 817 4923; x_wconf 88' lang='lat' dir='ltr'><strong>imo</strong></span> <span class='ocrx_word' id='word_1_512' title='bbox 833 4858 966 4923; x_wconf 86' lang='lat' dir='ltr'><strong>secanda</strong></span> <span class='ocrx_word' id='word_1_513' title='bbox 988 4859 1054 4938; x_wconf 83' lang='lat' dir='ltr'><strong>ejus</strong></span> <span class='ocrx_word' id='word_1_514' title='bbox 1064 4859 1223 4923; x_wconf 75' lang='lat' dir='ltr'><strong>uoluntate</strong></span> <span class='ocrx_word' id='word_1_515' title='bbox 1245 4862 1404 4943; x_wconf 88' lang='lat' dir='ltr'><strong>(qnantum</strong></span> <span class='ocrx_word' id='word_1_516' title='bbox 1423 4882 1464 4927; x_wconf 82' lang='lat' dir='ltr'><strong>ex</strong></span> <span class='ocrx_word' id='word_1_517' title='bbox 1482 4862 1617 4929; x_wconf 66' lang='lat' dir='ltr'><strong>loliobh</strong></span> 
     </span>
    </p>
   </div>
   <div class='ocr_carea' id='block_1_5' title="bbox 0 0 1688 5534">
    <p class='ocr_par' dir='ltr' id='par_1_10' title="bbox 0 0 1688 5534">
     <span class='ocr_line' id='line_1_53' title="bbox 0 0 1688 5534; baseline 0 0"><span class='ocrx_word' id='word_1_518' title='bbox 0 0 1688 5534; x_wconf 95' lang='lat' dir='ltr'><strong> </strong></span> 
     </span>
    </p>
   </div>
  </div>
 </body>
</html>
