3368 5534
177 288 241 361 288
659 289 825 345 noussen
843 286 937 343 saera
953 289 1042 343 4404

263 470 393 533 Rursum
418 469 574 532 admodum
592 469 755 550 propinque
777 468 928 532 dimidium
945 468 1040 549 ipsius
1055 464 1144 533 3000
1159 466 1333 548 attigimus:
1357 466 1437 548 qnod
1451 485 1527 548 pro·

176 560 222 622 cul
247 560 335 622 dubio
359 559 447 638 plena
470 578 670 640 assequemur,
694 558 745 621 ubi
769 567 800 621 et
821 557 1003 640 ipsissimum
1016 557 1194 638 'apogaeum
1216 556 1416 637 attigerimus.

262 648 423 711 Sciendum
441 655 540 709 tamen
561 658 617 725 est,
641 648 668 709 si
690 665 843 727 ponamus,
867 647 947 709 dam
965 647 1075 710 Terrae
1099 666 1157 709 nou
1178 666 1245 709 esse
1258 646 1349 727 plane
1368 644 1526 719 cheulnm,

175 739 229 799 sed
257 737 461 816 angustiorem
492 738 530 798 ad
559 737 670 809 latera,
700 736 818 817 prodire
850 736 897 799 hic
920 758 965 814 αη
986 736 1076 817 paulo
1099 736 1244 799 minorem
1266 754 1356 817 quam
1382 729 1525 798 163100.

174 827 215 888 Et
237 833 308 888 tunc
329 819 403 908 424,2
418 825 530 887 ablatis
545 846 563 887 a
578 826 642 887 loco
657 826 825 901 eccentrici,
849 835 880 888 et
894 835 1038 906 usurpata
1054 824 1279 888 eccentricitats
1294 824 1407 887 Teme
1427 819 1525 896 4800,

176 922 208 978 et
229 915 346 996 aphelio
370 908 454 997 5242
476 926 520 994 5,
543 915 690 995 prodeunt
712 916 769 976 hae
792 914 941 977 visiones·

384 1091 477 1142 Debuit
522 1089 564 1140 20.
588 1088 669 1156 54242
729 1013 1309 1155 81122122848112204224μῃῑ

266 1179 426 1245 Consentit
449 1181 522 1242 haec
545 1182 655 1262 positio
679 1129 770 1244 etiam
793 1182 868 1245 meis
892 1181 1060 1246 observatis
1083 1203 1161 1246 anno
1189 1175 1283 1245 4004.
1307 1180 1337 1243 d.
1361 1175 1417 1242 29.
1432 1178 1523 1242 Febr.

173 1271 222 1333 vel
248 1267 299 1333 40.
314 1270 433 1344 Martii;
457 1288 543 1351 quem
567 1271 645 1333 diem
669 1279 810 1352 sequente
833 1279 920 1333 nocta
945 1272 1155 1335 culminantem
1169 1268 1330 1333 Martem'
1322 1267 1426 1331 mveni
1448 1267 1524 1330 meis

176 1359 382 1422 instrumentis
415 1358 443 1419 in
477 1354 538 1421 202
569 1353 664 1439 48242
691 1369 754 1433 2,
789 1368 821 1422 et
850 1360 896 1422 his
929 1361 1072 1424 assumtis
1096 1362 1229 1425 calculus
1252 1359 1350 1441 ipsum
1373 1357 1522 1419 retertin

174 1446 235 1513 202
260 1443 354 1525 47242
377 1457 434 1514 2.
481 1448 552 1511 Fuit
574 1457 673 1512 antem
698 1450 727 1511 h.
751 1443 809 1531 824,
839 1449 942 1530 paucis
964 1449 1044 1513 horis
1063 1459 1134 1514 ante
1149 1447 1391 1513 observationem
1405 1465 1523 1510 rursum

175 1539 204 1599 iu
228 1538 331 1599 eodem
355 1538 420 1598 loco
443 1536 611 1599 eccentrici,

261 1624 418 1700 Ceterum,
449 1626 519 1708 quia
541 1626 588 1690 hic
612 1627 697 1689 Mars
720 1627 836 1689 obtinet
859 1626 1060 1704 latitudinem,
1092 1626 1184 1707 igitur
1212 1649 1259 1705 cn
1285 1622 1376 1689 modo
1398 1622 1524 1686 inventa

171 1722 220 1778 est
247 1713 394 1777 distantia
415 1737 433 1792 η
454 1716 557 1795 puncti
579 1714 609 1776 in
633 1715 723 1795 plano
747 1714 902 1797 eclipticas
925 1738 944 1779 a
967 1725 1070 1779 centro
1093 1716 1190 1791 Solis,
1219 1716 1249 1778 in
1277 1713 1357 1797 quod
1380 1721 1523 1793 punctum

169 1803 425 1885 perpendicularis
449 1823 495 1865 ex·
509 1823 631 1885 corpore
655 1805 764 1867 Martis
787 1805 969 1882 demittitur,
993 1815 1027 1869 ut
1049 1826 1141 1886 supra
1163 1805 1307 1868 monitum
1330 1802 1433 1884 capita
1448 1800 1520 1864 XX.

158 1895 253 1955 ‘Vera
285 1900 387 1953 autem
423 1891 516 1972 ipsius
550 1894 682 1973 corporis
711 1896 853 1974 planetae
885 1904 1029 1962 acentro
1062 1893 1145 1962 Solia
1172 1893 1320 1959 distantia
1349 1891 1443 1976 paulo
1470 1890 1521 1955 set

169 1982 285 2063 longior
306 2001 362 2063 per
384 1978 425 2046 37
449 1982 624 2062 particulas.

754 2217 937 2227 m

678 2394 797 2494 Caput
823 2393 1001 2469 XXVIII.

171 2556 329 2625 444000ιεί0
350 2576 413 2619 nora
432 2562 556 2617 40444040
582 2551 661 2616 locis
684 2553 771 2617 Solia
792 2556 848 2617 aab
870 2555 1015 2629 zodiaco,
1042 2556 1219 2620 sedetiam
1244 2555 1409 2621 mmsis
1432 2553 1521 2618 Solia

169 2667 192 2708 c
215 2646 328 2718 Tmo,
347 2664 407 2725 per
429 2642 689 2707 eccmcstcitcrem
713 2638 811 2706 1800
833 2647 1015 2719 exsecres,
1038 2667 1100 2728 par
1128 2642 1388 2746 aliquommaltaa
1411 2645 1518 2707 obacr-

168 2736 308 2798 octiones
329 2733 503 2796 Martiam
530 2732 638 2794 eodem
667 2730 734 2796 loco
767 2736 932 2797 serenares·
961 2736 1115 2798 oeraoecta'a
1144 2735 1268 2808 rddere,
1300 2738 1344 2798 cia
1372 2734 1521 2797 0440444044·

170 2842 320 2887 comanae
342 2822 452 2885 eodem
474 2823 630 2885 <limantio
651 2821 770 2885 Martis
792 2841 813 2884 c
837 2821 927 2897 Sole,
957 2823 1101 2908 idemque
1122 2821 1211 2887 locas
1232 2844 1299 2929 ‘³¹⁴5’
1328 2824 1521 2886 caraecarae

169 2913 283 2996 abiqrae
304 2909 472 2985 elimatum
503 2930 563 2992 quo
587 2919 767 2993 orpamerrto
791 2914 1022 2995 comprobatum
1044 2914 1119 2987 erit,
1147 2912 1409 2977 cesenatem
1433 2911 1522 2977 Solia

502 2995 599 3062 1800
612 3003 737 3086 juetam
759 3022 825 3063 esse
849 3007 878 3062 et
899 3010 981 3065 recte
1003 3010 1185 3078 0000044004
1244 3044 1249 3049 -

256 3142 303 3205 Ne
326 3142 432 3204 mirere
456 3141 566 3210 lector,
600 3142 709 3221 quod
696 3161 761 3221 Jarn
785 3144 878 3204 tertia
900 3144 964 3204 vice
988 3143 1184 3206 eccentricum
1209 3143 1304 3203 locum
1328 3140 1440 3202 Martis
1463 3161 1521 3204 non

168 3249 388 3314 praesuppono,
413 3238 447 3291 ut
470 3231 495 3291 is
519 3249 557 3291 ex
580 3230 738 3312 hypothesi
762 3233 1006 3314 acrouychisrum
1028 3233 1270 3311 observationum
1289 3248 1382 3310 supra
1396 3231 1522 3293 inventa

172 3321 345 3384 exstruitur.
374 3321 453 3383 Nam
477 3319 547 3395 dixi,
572 3319 750 3401 hypothesin
772 3321 854 3383 illam
868 3341 936 3383 esse
955 3321 1096 3385 vicariam
1110 3330 1237 3396 tantum,
1262 3339 1320 3381 non
1334 3321 1521 3394 naturalem

172 3411 272 3492 itaque
295 3417 411 3472 tantam
436 3409 501 3487 ejus
525 3428 592 3470 esse
616 3410 712 3483 iidem,
738 3419 879 3489 quantum
900 3411 937 3472 ab
952 3411 1212 3473 observationibus
1226 3409 1359 3489 cogitur,
1383 3418 1416 3471 et
1429 3428 1521 3489 posse

170 3500 245 3562 locis
268 3500 345 3561 inter
369 3498 595 3560 observationes
619 3498 801 3561 intermediis
825 3499 956 3561 nonnihil
979 3500 1157 3562 exorbitare.
1204 3499 1369 3561 Praeterea
1395 3500 1522 3581 expedit

171 3588 266 3664 nobis,
290 3588 391 3650 uarias
406 3587 516 3650 habers
541 3587 828 3652 demonstrationum
850 3589 1006 3650 methodos
1030 3591 1068 3652 ad
1092 3608 1207 3663 manus,
1230 3586 1336 3671 quibus
1355 3587 1520 3651 distantias

170 3679 280 3740 Martis
303 3699 322 3739 a
345 3676 417 3740 Sole
441 3676 568 3756 undique
590 3695 643 3756 per
666 3683 762 3739 totum
786 3677 926 3740 circulum
949 3687 1015 3740 tuto
1038 3679 1234 3759 exploremus.
1277 3675 1320 3738 Et
1339 3677 1387 3740 hic
1402 3697 1520 3760 qnoque

170 3786 249 3829 nova
271 3769 367 3830 forma
389 3766 531 3848 sequitur.

584 3940 878 4004 Observationes
907 3943 974 4005 hae
1003 3953 1099 4007 sunt

275 4044 443 4097 sanctona.
481 4045 522 4097 22
543 4048 619 4111 Apnl
656 4044 749 4112 44,2.04
787 4049 888 4099 tuicin
927 4045 956 4098 42
975 4047 1016 4098 472
1088 4046 1111 4115 44
1156 4048 1265 4101 [att⁰
1281 4047 1410 4115 002’.4.4)

277 4116 445 4170 4444404588.
501 4117 618 4169 &Mart
655 4116 749 4184 44024.
863 4120 949 4170 inii.
972 4119 1053 4184 482..4
1088 4120 1111 4186 ll
1158 4116 1411 4186 444312ω

483 4188 716 4241 tuumne
863 4174 1055 4257 hismael
1088 4182 1112 4259 n·
1160 4156 1409 4258 4,ιι,0.·’4.444,

482 4260 523 4310 12
543 4261 618 4312 44ιο
655 4260 716 4313 ns
863 4264 949 4313 ·ιι.44
972 4259 1042 4328 enh,
1089 4259 1112 4331 t>
1160 4262 1409 4330 40444444.

275 4329 443 4384 4444404582.
481 4331 600 4384 24...144
654 4331 1319 4399 h.5manstnt.⁸ttl,...1.aa³.2o
1385 4339 1409 4387 b

481 4405 602 4456 284444
657 4404 718 4456 hb
772 4405 1003 4457 maneiud.dl
1066 4410 1113 4462 έ-
1160 4405 1318 4459 Latet?
1383 4409 1408 4458 b.

278 4474 446 4528 Annolbild.
501 4476 608 4528 abac.
657 4474 888 4538 bd¹l2manain
924 4476 947 4527 0.
971 4476 1004 4528 28
1065 4481 1113 4536 .’.,
1158 4474 1351 4542 04484424.
1384 4481 1408 4529 ta

483 4547 523 4596 45.
545 4547 607 4598 Dec.
655 4507 1038 4613 0.824,444444044444.8824.
1067 4550 1113 4604 Δ
1160 4549 1319 4602 444454
1384 4552 1410 4601 b.

282 4616 451 4670 Annorum.
490 4616 608 4670 asos.
656 4617 886 4684 40240000
923 4619 1038 4685 reru,
1066 4623 1113 4675 α
1160 4621 1261 4673 asar.
1287 4617 1351 4684 usu,
1384 4621 1409 4671 a

255 4726 500 4790 Accommudatis
541 4726 719 4807 reliquarum
756 4725 996 4790 observationum
1032 4729 1234 4809 temporibus,
1279 4738 1314 4792 ut
1353 4728 1518 4791 restituant

167 4818 296 4882 Martem
319 4815 347 4877 in
372 4834 438 4881 eum
464 4817 557 4883 lecum
582 4815 759 4890 eccentrici,
794 4816 844 4897 qui
866 4815 923 4881 luit
946 4827 1079 4899 tempore
1102 4818 1220 4891 ultim0,
1248 4819 1398 4900 prodeunt
1427 4817 1517 4881 aubia
