3368 5534
531 336 594 395 em
611 338 704 395 Tutia.
742 336 824 409 caput
839 338 949 394 XXXIX.

571 568 691 673 Caput
716 571 903 649 XXXIX.

62 731 135 810 Quia
154 728 214 795 eia
234 736 266 794 et
292 731 405 815 patris
435 734 551 798 amolita
580 752 701 798 movere
730 736 864 798 dedeceat
890 735 1058 797 virtutes
1083 731 1260 817 planetis
1289 731 1414 809 insitae,

59 827 93 882 ut
113 817 289 884 &culmis
307 816 456 903 planem
469 825 582 897 orbita,
605 822 731 906 qualem
751 823 842 906 culpo
866 824 1005 898 medum,
1023 842 1085 906 per
1099 843 1216 886 aarum
1238 823 1415 886 aetheream

662 912 820 998 efficiatur.

147 1045 221 1113 Sint
242 1050 346 1133 itaque
369 1050 456 1114 nobis
479 1053 508 1116 io
533 1054 749 1117 demonstratis
773 1052 930 1116 verissima
952 1053 1012 1116 ista
1035 1052 1208 1116 axiomata:
1247 1052 1412 1129 Primum,

62 1137 137 1218 qnod
160 1138 308 1223 planetae
324 1157 431 1221 corpus
454 1151 564 1206 natura
586 1143 761 1207 inclinatum
785 1142 828 1205 sit
846 1142 884 1204 ad
901 1143 1032 1223 quietem
1054 1142 1083 1204 in
1108 1143 1187 1204 omni
1212 1143 1287 1219 loco,
1312 1143 1342 1205 in
1355 1161 1414 1223 quo

61 1226 229 1292 solimdnm
251 1228 383 1311 ponitur.
429 1228 615 1309 Secundo,
649 1233 727 1313 quod
751 1251 788 1294 ea
809 1231 937 1305 virtute,
961 1251 1037 1312 qnae
1061 1250 1099 1293 ex
1122 1230 1210 1306 Sole,
1234 1232 1271 1293 de
1294 1232 1361 1294 loeo
1384 1232 1413 1294 in

61 1316 158 1381 uuum
179 1318 347 1382 secundum
370 1319 586 1400 longitudinem
609 1321 724 1386 zodiaci
747 1330 971 1401 transponatur.
1019 1321 1156 1395 Tertio,
1181 1322 1206 1383 si
1230 1339 1288 1382 uon
1311 1329 1414 1383 muta-

61 1405 309 1471 rsturdistuntia
330 1408 472 1487 planetae
495 1431 514 1472 a
537 1410 619 1488 Sole,
644 1412 773 1474 futurum
790 1430 826 1472 ex
845 1410 903 1472 hac
926 1409 1161 1490 transpositione
1182 1410 1241 1471 iter
1259 1409 1414 1474 circulare.

62 1491 214 1571 Quarto,
238 1497 371 1577 ejusdem
393 1498 535 1578 planetae
557 1501 588 1562 in
612 1501 727 1563 duabus
750 1518 804 1580 per
826 1499 908 1561 vices
932 1497 1087 1561 distantiis
1111 1519 1131 1560 a
1154 1497 1225 1560 Sole
1257 1506 1322 1560 toto
1346 1517 1412 1560 am-

61 1582 122 1646 bitu
136 1586 358 1667 permanentis,
383 1594 521 1668 tempora
533 1589 688 1669 periodica
711 1590 811 1651 futura
834 1589 863 1650 in
880 1589 971 1668 dupla
993 1587 1184 1668 proportione
1200 1587 1412 1650 distantiarum

61 1672 122 1736 sive
147 1672 327 1739 circulorum
360 1677 576 1757 amplitudinis.
623 1678 782 1752 Quinto,
815 1678 957 1739 virtutem
988 1678 1098 1739 nudam
1122 1684 1154 1738 et
1185 1676 1351 1739 solitariam
1383 1678 1413 1738 in

61 1762 123 1842 ipso
145 1763 293 1845 planetae
307 1782 429 1845 corpora
453 1768 634 1831 residentem
658 1788 717 1830 non
732 1786 800 1829 esse
824 1767 1020 1829 sufficientem
1045 1766 1279 1846 transportando
1294 1767 1331 1828 de
1348 1768 1413 1828 loco

61 1850 213 1915 inlocum
237 1873 291 1915 sno
315 1854 445 1934 corpori,
479 1858 556 1937 qnod
579 1857 719 1938 pedibus,
754 1856 811 1917 alis
835 1864 867 1917 et
893 1856 991 1935 pinnis
1016 1863 1115 1927 caret,
1148 1854 1254 1935 quibus
1285 1854 1414 1918 inaura

62 1940 207 2004 aetherea
234 1943 359 2006 nitatur.
406 1942 541 2018 Sexto,
565 1956 596 2008 et
618 1956 719 2009 tamen
748 1964 889 2007 acassam
912 1945 1054 2024 planetae
1079 1945 1116 2005 ad
1133 1942 1236 2005 Solem
1260 1954 1293 2006 et
1315 1945 1353 2007 ab
1378 1963 1412 2006 eo

62 2048 201 2093 messus
224 2030 297 2094 oriri
314 2050 353 2093 ex
374 2033 498 2109 virtute,
523 2045 663 2116 quaeest
685 2034 806 2116 propria
828 2035 980 2113 planetae.
1017 2034 1101 2095 Haec
1115 2034 1215 2094 omnia
1234 2039 1266 2093 et
1288 2041 1413 2096 naturae

61 2127 130 2182 sunt
153 2127 362 2183 consentanea
384 2141 418 2183 se
442 2122 518 2203 ipsis
541 2134 574 2187 et
597 2125 804 2187 demonstrata
827 2124 984 2186 hactenus.

148 2209 176 2272 1.
223 2208 297 2272 Jam
318 2209 349 2272 in
371 2212 475 2290 figuris
498 2214 690 2294 geometricis
714 2232 919 2288 exerceamur,
943 2221 978 2273 ut
1000 2217 1162 2293 appareat,
1186 2211 1225 2272 ad
1249 2211 1415 2292 quamlibet

62 2296 189 2361 orbitam
212 2297 355 2380 planetae
377 2304 665 2382 repraesentandam
690 2304 796 2386 quibus
810 2301 927 2381 legibus
944 2320 1019 2381 opus
1039 2301 1090 2363 sit.
1129 2298 1206 2360 Esto
1219 2307 1254 2361 ut
1271 2301 1413 2380 planetae

63 2387 160 2450 orbita
182 2388 227 2451 sit
248 2385 388 2464 circulus,
411 2397 444 2452 ut
460 2392 606 2456 hactenus
629 2393 786 2467 creditum,
811 2391 896 2472 isque
919 2410 938 2450 a
957 2389 1031 2453 Sole
1053 2390 1137 2452 fonte
1160 2388 1281 2451 virtutis
1304 2408 1413 2452 eccen-

830 2480 933 2542 tricus.
980 2479 1030 2541 Sit
1056 2479 1108 2540 ille
1138 2479 1323 2540 ecceutricus
1347 2479 1412 2555 OD,

273 2547 327 2613 ΕΒ·
347 2545 390 2598 ⁸⁹·
657 2554 712 2619 fig.
732 2549 774 2601 ⁹⁰·
830 2567 975 2631 centroB
999 2569 1181 2630 diastemate
1196 2564 1250 2630 Bc
1274 2568 1413 2649 desorip-
1447 2618 1450 2627 .

189 2661 766 2737 ‘1453
827 2667 894 2721 tus:
919 2657 950 2719 in
973 2676 1009 2718 eo
1029 2655 1082 2720 BC
1107 2656 1188 2718 linea
1210 2657 1357 2737 apsidum,
1381 2666 1413 2720 et

644 2729 776 2863 Μ
826 2749 858 2810 A
873 2747 926 2809 su
942 2745 1043 2809 esus
1064 2744 1283 2807 asenniam.
1322 2746 1412 2810 urvi-

644 2844 750 2880 ·““’“
828 2837 918 2898 datur
933 2834 1117 2897 ecceutricus
1142 2835 1171 2895 in
1193 2843 1297 2914 partes
1320 2843 1411 2917 qnot-

828 2944 943 3006 cunquc
971 2925 1130 3005 aequales,
1162 2923 1249 2989 initio
1282 2945 1301 2985 a
1332 2925 1413 2988 linea

829 3014 968 3095 apsidum
991 3015 1073 3075 facto
1089 3013 1117 3074 in
1135 3010 1178 3075 0:
1203 3032 1329 3093 quarum
1347 3021 1412 3076 ter·

709 3138 711 3141 ·
829 3103 902 3165 mini
926 3110 1140 3166 connectantur
1162 3121 1228 3163 cum
1245 3100 1283 3163 A.
1314 3101 1412 3164 Erunt

828 3193 921 3272 igitur
952 3191 1018 3266 uA,
1048 3192 1117 3266 DA,
1146 3191 1214 3265 ΕΑ,
1242 3192 1308 3265 FA,
1339 3190 1409 3268 ΘΑ,

830 3283 888 3342 ΗΑ
910 3280 1105 3343 terminorum
1136 3280 1268 3364 partiunt
1295 3299 1422 3369 aequa-⁴

827 3370 899 3432 lium
931 3370 1096 3432 distantiae
1120 3370 1244 3431 alonte
1276 3370 1409 3432 virtutis.

825 3456 896 3520 Jam
933 3467 1036 3520 centro
1064 3460 1101 3535 β,
1140 3459 1319 3520 diastemate
1357 3462 1407 3540 βγ,

829 3547 907 3627 quod
932 3548 972 3608 sit
994 3547 1119 3626 aequale
1144 3547 1202 3627 ipsi
1225 3548 1296 3620 ΑΒ,
1330 3549 1409 3611 sori·

64 3644 145 3707 batur
161 3640 315 3724 epicyolus
330 3643 383 3718 γᾶ,
406 3636 521 3698 divisus
540 3635 570 3696 in
585 3636 712 3698 totidem
726 3655 793 3698 cum
807 3635 974 3698 ecceutrico
993 3643 1095 3716 partes
1117 3635 1243 3697 invicem
1258 3638 1409 3717 aequales,

65 3754 113 3814 ay
135 3731 222 3795 initio
246 3730 347 3792 facto:
372 3734 403 3788 et
427 3726 508 3788 linea
531 3728 573 3803 γβ
595 3725 792 3798 continuetur,
818 3733 851 3786 ut
873 3727 920 3803 βα
943 3733 1051 3805 aequet
1074 3723 1146 3786 BC:
1173 3732 1204 3786 et
1226 3734 1366 3805 punctum
1390 3751 1410 3789 α

65 3828 257 3886 connectatur
279 3835 347 3880 cum
369 3815 506 3878 terminis
529 3814 657 3895 partium
682 3814 808 3895 epioycli
833 3815 1010 3896 aequalium,
1036 3813 1123 3874 lincis
1139 3836 1187 3893 γα,
1211 3820 1262 3888 dor,
1288 3838 1337 3886 so,
1360 3813 1410 3892 ζα,

64 3934 113 3991 ῃ,
135 3916 207 3984 θα;
231 3915 378 3988 eruntque
402 3904 500 3967 lineae
522 3903 580 3965 hae
604 3904 746 3984 aequales
770 3902 873 3965 ordine
898 3902 1051 3966 distantiis
1074 3901 1111 3963 ab
1134 3901 1163 3963 A
1186 3903 1215 3964 iu
1243 3905 1410 3966 ecceutrico

65 3999 244 4064 mtructis:
270 3996 302 4059 id
325 3994 405 4057 enim
428 4013 519 4074 supra
542 3993 640 4074 capite
664 3993 794 4055 secundo
818 3993 1056 4054 demonstratum
1078 3999 1135 4052 est.
1183 3991 1295 4055 Ceutro
1319 3994 1411 4073 igitur

65 4091 285 4153 adiastemate
309 4089 354 4148 da
386 4083 534 4145 scribatur
564 4102 651 4144 arcus
683 4086 758 4156 ore,
792 4100 899 4144 secans
929 4082 1107 4144 diametrum
1130 4077 1168 4159 γζ
1193 4080 1224 4142 in
1246 4101 1272 4155 ις
1304 4084 1411 4146 eodem

64 4197 129 4243 sero
153 4184 261 4241 centro
283 4198 304 4237 a
327 4174 507 4236 diastemate
531 4195 570 4234 oa
594 4171 743 4234 scribatur
773 4189 861 4232 arcus
884 4173 952 4248 atq,
986 4190 1093 4232 secans
1123 4169 1300 4231 diametrum
1321 4168 1360 4249 γζ
1379 4171 1410 4233 in

64 4271 130 4343 tet
149 4270 369 4331 connectantur
392 4260 513 4324 termini
536 4260 665 4342 partium
682 4259 848 4341 aequaliter
871 4259 1048 4323 distantium
1067 4279 1086 4319 a
1104 4283 1118 4338 γ
1141 4258 1260 4339 aphelio
1283 4260 1410 4344 epioycli

64 4358 147 4421 lueis
168 4360 228 4432 te,
252 4375 300 4431 sq,
323 4370 400 4434 qnae
425 4358 529 4412 secent
550 4350 674 4412 eandem
698 4348 877 4410 diametrum
899 4350 930 4410 in
953 4372 979 4422 κ,
997 4372 1020 4423 μ
1042 4347 1147 4425 signis,
1171 4347 1215 4408 sio
1237 4354 1272 4407 ut
1293 4356 1338 4411 od
1359 4350 1409 4412 vel

64 4470 95 4509 er
114 4446 159 4510 sit
178 4442 301 4524 longior
323 4459 414 4524 quam
435 4463 487 4513 aa,
511 4447 543 4502 et
565 4461 604 4500 ur
627 4439 675 4499 vel
699 4440 742 4498 ut
765 4436 882 4516 longior
904 4456 992 4519 qnam
1016 4461 1035 4498 u
1042 4460 1072 4511 μ.
1086 4430 1131 4507 ⁸¹)

146 4531 270 4607 Quodsi
292 4529 437 4612 possibile
462 4537 551 4605 esset,
575 4528 728 4609 planetam
752 4526 982 4606 imperfectum
1006 4524 1169 4606 epioyclum
1192 4523 1222 4584 vi
1245 4524 1353 4603 insitu,
1379 4536 1411 4593 et

65 4625 148 4689 simul
169 4622 305 4686 orbitam
326 4619 392 4701 ejus
416 4637 483 4681 esse
506 4619 674 4699 perfectum
696 4614 853 4689 circulum,
886 4623 956 4677 tunc
980 4613 1091 4676 similes
1114 4629 1202 4673 arcos
1226 4612 1314 4678 simul
1336 4636 1409 4697 per.

65 4715 108 4778 ici
124 4709 282 4796 cogitandi
304 4714 419 4786 essent,
443 4726 510 4771 cum
533 4708 563 4770 iu
578 4703 744 4770 ecceutrico
766 4710 830 4767 tum
853 4703 885 4766 in
906 4704 1050 4786 epioyclo.
1087 4700 1194 4780 Itaque
1216 4701 1282 4782 jam
1304 4709 1411 4774 statim

65 4810 254 4883 mammet,
285 4797 393 4881 quibus
423 4796 547 4873 mediis,
588 4814 647 4877 qua
682 4810 822 4856 mensura
856 4792 1022 4857 efficeretur
1050 4787 1198 4852 distantia
1227 4816 1264 4856 us
1295 4815 1411 4880 aequa-

65 4890 102 4955 lis
121 4890 181 4975 ipsi
203 4886 283 4957 AD.
327 4885 409 4953 Nam
431 4884 501 4969 quin
522 4908 570 4962 ui,
594 4887 644 4948 αθ
666 4882 821 4965 aequales,
844 4880 968 4964 planeta
989 4894 1025 4939 ex
1047 4896 1062 4954 y
1082 4873 1113 4939 in
1136 4881 1162 4940 θ
1184 4878 1266 4963 iens,
1289 4883 1410 4956 dium.
