3368 5534
154 315 219 392 416
447 378 449 384 2
632 331 672 384 De
689 330 797 384 Hotlbru
815 328 909 384 sortes
925 329 1016 385 usar·

155 510 247 574 etiam
270 508 439 570 latitudinis
463 509 540 572 ratio
563 510 651 590 plane
674 509 818 571 consimili
843 509 1045 613 speculaff'one
1063 507 1233 589 expeditur:
1257 507 1285 571 si
1299 523 1409 585 nempe
1424 522 1500 584 erp-

156 605 284 680 ponatur
307 598 406 680 aliqua
429 599 573 680 diameter
596 598 762 662 latitudinis
786 598 814 658 in
839 616 961 677 corpore
985 616 1039 660 seu
1062 599 1151 678 globo
1174 596 1293 667 Martis,
1324 613 1403 674 quae
1426 613 1501 676 por·

155 689 271 768 rigatur
294 686 322 748 in
348 689 440 748 locum
466 686 589 779 limffln
613 688 767 773 subgfixis
791 696 822 747 et
844 686 873 747 in
899 688 954 748 hoc
978 687 1038 749 situ
1060 695 1182 750 maneat
1204 686 1261 748 sibi
1285 685 1344 766 ipsi
1363 683 1500 763 paralle-

155 777 201 839 los
225 795 278 856 per
301 795 415 837 omnem
438 777 590 838 ambitum.
637 774 733 855 Hujus
756 772 877 851 virtutis
902 777 940 836 ad
964 777 1046 837 illam
1070 776 1224 858 proportio
1247 774 1323 838 haec
1339 781 1398 846 eat,
1422 790 1500 853 quae

143 879 205 929 -eot
236 867 262 926 in
292 865 479 945 magnetibus
513 866 624 928 nostris
647 864 882 947 directionlt‘pd
911 866 1011 944 polum
1034 867 1073 928 ad
1096 867 1156 927 vim
1179 865 1248 927 ferri
1279 861 1499 926 attractricem.

139 952 216 1029 :111⁸
239 954 344 1034 quippe
368 954 469 1017 Solem
493 956 610 1034 appetit
632 954 679 1014 val
705 948 896 1034 fugit:'·ir'aec
919 954 1043 1017 fixarum
1068 956 1121 1017 illa
1142 954 1218 1026 loca,
1242 953 1298 1016 sub
1321 948 1534 1107 quibum

31 1058 36 1067 ·
127 1034 242 1107 '²nites
266 1043 455 1105 latitudinum
477 1042 685 1125 conficiuntur,
711 1062 768 1104 non
792 1043 910 1123 oppetit
933 1044 1140 1123 adnavigendo
1163 1044 1212 1105 vel
1336 1042 1410 1120 (que
1464 1086 1516 1131 ‚¹¹-

187 1135 273 1195 odum
298 1151 352 1194 nec
375 1150 498 1211 magnes
520 1135 561 1219 qd
583 1132 643 1215 poli
666 1131 818 1210 regionem
841 1131 977 1205 adnatat,
1003 1134 1058 1195 etei
1081 1134 1158 1197 liber
1181 1140 1270 1194 natat
1344 1129 1363 1190 d
1382 1136 1500 1191 tantum

150 1154 261 1295 &rsus
285 1222 346 1296 illa,
369 1231 403 1285 ut
426 1220 678 1313 nominemus
701 1220 812 1299 polum,
837 1221 984 1301 dirigitur.
1023 1222 1110 1285 Hanc
1132 1240 1203 1284 vero
1227 1221 1427 1284 directionem
1449 1237 1499 1280 ae-

157 1312 255 1393 quitur
277 1328 418 1372 excursus
441 1300 580 1392 planetae
605 1331 620 1371 e
642 1311 734 1391 plano
758 1308 914 1392 eclfflticae
937 1312 974 1373 ad
999 1311 1080 1374 letos
1103 1321 1269 1395 utrumque,
1293 1329 1400 1373 versus
1420 1310 1499 1389 qnod

155 1401 222 1460 anis
246 1399 293 1461 hic
316 1399 529 1485 inclinationis,
551 1412 639 1481 parte
663 1418 738 1479 quae
761 1399 789 1460 in
813 1401 1051 1481 motu-‚corporis
1074 1400 1248 1487 praec&
1263 1400 1413 1480 dirigitur.
1452 1396 1498 1466 Sit

157 1488 267 1553 GBAD
293 1486 453 1569 eclipticas
475 1493 519 1568 A,
549 1488 574 1553 C
598 1489 683 1563 nodi,
707 1488 750 1563 B,
773 1489 801 1551 D
836 1488 954 1551 limites.
1000 1490 1078 1551 Axis
1102 1484 1294 1575 ladtudhum
1318 1492 1349 1554 iu
1375 1510 1496 1574 corpore

471 1581 616 1661 punem·
633 1576 735 1652 carn,
758 1574 975 1652 nnn-uon,
996 1576 1078 1643 ron.
1119 1562 1318 1663 colanus
1341 1598 1498 1661 pamm,
1519 1626 1532 1659 ,.

475 1672 551 1731 hunc
582 1684 668 1733 am
699 1665 759 1747 sipi
787 1667 845 1749 ipsi
878 1667 1080 1747 aequidistare
1128 1732 1144 1753 ‚¹
1169 1676 1215 1721 :³⁵
1242 1672 1314 1734 ''em
1344 1671 1497 1745 ambitum,

474 1760 526 1821 liet
553 1759 659 1836 igitur,
692 1762 727 1819 ut
755 1772 879 1836 corpore
910 1758 1036 1839 anochi·
1061 1752 1148 1820 a''“
1186 1830 1189 1835 ¹
1265 1758 1292 1825 (l
1319 1760 1350 1825 in
1374 1761 1496 1843 limitem

475 1850 596 1909 boreum
619 1846 645 1908 B
668 1846 837 1916 translato,
862 1846 928 1907 axis
955 1847 1004 1909 hic
1032 1845 1166 1929 corporis¹
1187 1848 1252 1925 lx,
1284 1851 1335 1933 qui
1357 1851 1447 1915 initio
1468 1862 1496 1915 et

385 2006 389 2011 ,
476 1939 503 1999 in
524 1937 601 1998 nodo
621 1934 646 1999 C
670 1935 755 2016 quasi
777 1935 924 2015 tangebat
947 1928 1493 2023 circulum.circuitionis-polenno

476 2027 678 2104 imaginatum,
702 2023 827 2104 denique
851 2024 1043 2129 'grunnitus
1059 2024 1141 2100 N,0
1162 2030 1354 2180 sqqud
1374 2033 1496 2113 angulos

476 2126 576 2178 rectos
607 2123 707 2184 secet,
739 2132 844 2175 versus
877 2123 1010 2176 centrum
1040 2114 1142 2178 mundi

478 2205 578 2269 Solem
601 2208 773 2284 porrectus,
807 2203 910 2284 etqui
933 2204 1138 2266 hactenusuob
1167 2114 1495 2369 ‘'Qum-3

477 2294 587 2357 nullam
603 2291 760 2353 abitinere
779 2292 861 2370 regio
876 2288 960 2355 CBA
979 2294 1201 2372 prolectaverat
1219 2314 1289 2379 corp
1338 2298 1495 2383 Μ

478 2394 510 2444 ut
533 2383 646 2456 eodem,
671 2396 774 2461 nempe
798 2381 827 2442 in
851 2381 970 2461 plegem
986 2382 1016 2444 N
1040 2394 1220 2459 excurreret,
1245 2406 1388 2467 quorsum
1408 2406 1495 2468 pm·

478 2474 633 2535 cedentem
654 2480 771 2552 partem
794 2470 822 2531 K
845 2476 995 2549 verteret3
1022 2471 1080 2535 'am
1103 2471 1132 2533 in
1157 2475 1316 2551 limitibus,
1340 2477 1496 2541 inclinatus

477 2563 515 2624 ad
538 2562 661 2643 planum
684 2558 801 2638 quidem
824 2550 986 2639 ecliptiuie
1019 2644 1022 2649 Ι
1058 2558 1218 2665 Egnansit
1241 2565 1495 2641 (dirimerem,

478 2651 600 2714 inomni
625 2648 683 2710 situ
698 2667 818 2710 manere
833 2648 890 2711 sibi
910 2647 969 2729 ipsi
991 2646 1260 2731 aequidistaoteru:
1284 2656 1377 2718 semel
1402 2657 1495 2740 itaque

477 2741 638 2805 inclinatus
661 2738 698 2798 ad
722 2739 842 2818 planum
857 2780 860 2785 -
874 2737 1030 2819 eclipticas
1062 2759 1180 2824 semper
1209 2743 1427 2819 inclinabitur),
1448 2746 1495 2809 ced

480 2828 517 2892 ab
541 2830 646 2890 itinere
671 2827 734 2907 ipso
759 2827 850 2903 regio,
874 2826 931 2888 hoc
955 2838 1001 2890 est
1018 2850 1037 2889 a
1052 2828 1293 2896 circumferentia
1314 2834 1398 2898 illius
1418 2835 1495 2915 plani

481 2918 604 2993 CBAD,
622 2919 686 2996 ipse
701 2916 731 2977 in
746 2914 806 2978 GH
821 2917 1001 2978 constitutus
1018 2937 1076 2979 non
1096 2921 1224 3001 amplius
1238 2922 1382 2998 declinat,
1405 2943 1495 3005 neque

481 3009 558 3070 enim
582 3008 609 3067 io
635 3005 791 3066 adversum
806 3006 846 3079 A,
870 3024 963 3085 neque
987 3017 1068 3069 retro
1086 3007 1157 3074 inc
1180 3010 1261 3085 nuit;
1285 3014 1340 3075 sed
1363 3018 1496 3081 raab

481 3099 568 3161 modo
592 3096 630 3156 ad
645 3096 724 3157 letus
747 3113 798 3154 sen
822 3093 860 3154 ad
876 3095 975 3173 polum
999 3096 1111 3171 abnuit,
1136 3118 1276 3179 quorsum
1298 3100 1496 3187 isangrim

322 3256 327 3271 1
482 3197 539 3250 est.
585 3185 680 3265 Igitur
708 3183 830 3263 planeta
861 3184 941 3246 ultra
969 3187 997 3248 B
1027 3196 1179 3266 promoto,
1210 3189 1273 3270 jam
1302 3191 1405 3255 alteri
1435 3190 1496 3255 axis

156 3294 227 3355 pars
244 3275 283 3352 G,
308 3266 430 3361 quaein
446 3275 598 3340 meridiem
621 3274 726 3351 vergit,
751 3271 912 3352 praecedit,
933 3274 1050 3356 istoque
1068 3285 1157 3354 pacto
1175 3278 1329 3358 planetam
1352 3300 1372 3341 a
1386 3280 1497 3343 boreali

153 3366 347 3444 inclinatione
371 3370 507 3430 maxima
529 3366 558 3428 N
582 3381 635 3442 per
658 3362 764 3431 nodum
789 3361 1020 3426 descendentem
1043 3365 1071 3426 A
1095 3367 1133 3428 ad
1151 3366 1376 3432 inclinationem
1402 3366 1496 3433 maxi·

154 3474 233 3517 mom
256 3459 421 3520 austrinam
446 3455 472 3518 0
498 3453 642 3536 perducit.

241 3547 342 3627 Atque
365 3548 413 3610 hic
437 3541 639 3608 inclinationis
663 3540 728 3601 axis
753 3537 870 3618 quidam
895 3541 980 3620 quasi
1004 3560 1101 3604 remus
1116 3550 1181 3604 est:
1206 3543 1275 3623 quia
1289 3545 1369 3625 quod
1383 3554 1492 3609 naara·

156 3636 244 3696 remis
268 3646 442 3716 praestant,
472 3644 506 3697 ut
529 3633 566 3695 ab
590 3651 648 3691 una
671 3629 735 3709 ripa
759 3628 788 3687 in
811 3630 937 3691 alteram
960 3629 1130 3710 trajiciant,
1164 3632 1218 3694 hoc
1239 3632 1365 3712 planeta
1388 3654 1496 3699 coure-

155 3725 253 3802 quitnr
276 3727 427 3804 perrhunc
451 3720 652 3787 inclinationis
676 3737 779 3790 axem,
816 3719 969 3799 trajiciens
998 3741 1015 3780 a
1046 3720 1139 3782 borea
1162 3721 1191 3783 in
1214 3729 1362 3798 austrum,
1397 3734 1430 3786 et
1449 3724 1496 3784 ri-

154 3811 265 3887 cissis,
290 3814 424 3889 flumine,
450 3815 504 3875 lroc
528 3819 575 3874 est
598 3806 698 3888 specie
722 3807 925 3869 immaterieta
948 3806 1039 3884 Solis,
1064 3828 1118 3889 per
1140 3810 1219 3871 viam
1241 3810 1497 3899 rectumssBAD

155 3900 319 3965 incedente.
1374 3906 1380 3921 '

247 3989 336 4061 Quod
360 3990 569 4070 geometricam
595 3984 808 4047 dimensionem
832 3984 950 4056 attinet.
974 3984 1047 4046 nihil
1070 3994 1119 4047 est
1141 4005 1215 4066 opus
1241 3988 1351 4051 uerbis.
1398 3989 1496 4053 Recta

158 4078 215 4139 sibi
237 4081 402 4159 parallelos
425 4088 522 4141 tractu
546 4077 699 4138 rectilineo
722 4071 860 4135 traducta
882 4084 965 4134 motu
988 4094 1041 4135 suo
1065 4083 1148 4136 creat
1169 4074 1298 4154 planum.
1327 4078 1409 4141 effic
1432 4078 1496 4140 axis

153 4166 218 4246 ipse
251 4179 300 4230 eet
333 4179 434 4241 recta,
473 4174 503 4227 et
538 4186 596 4246 qua
628 4164 725 4242 vergit
756 4161 805 4221 ille
839 4164 976 4241 (vergere
1005 4173 1103 4224 eutem
1128 4173 1257 4227 tractum
1279 4168 1496 4249 pr'aesqoonit

684 4253 823 4326 rectum),
846 4251 902 4313 hec
933 4262 963 4312 et
993 4253 1168 4316 traducitur.
1220 4253 1375 4317 Describit
1407 4257 1497 4336 igitur

353 4329 405 4395 rig.
427 4326 485 4376 ¹²⁵·
684 4342 819 4422 planum,
844 4341 921 4421 quod
945 4341 970 4402 ei
994 4341 1195 4416 continuetur,
1220 4350 1308 4406 secat
1336 4344 1495 4424 sphaeram

680 4432 804 4491 fixurum
831 4429 860 4490 in
894 4430 989 4491 forme
1011 4431 1113 4492 circuli
1137 4432 1252 4509 magni,
1284 4432 1316 4495 in
1339 4433 1492 4496 schemate

604 4536 607 4551 ·
680 4516 812 4580 FEGH:
845 4519 914 4597 quia
937 4528 1022 4581 secat
1053 4520 1206 4600 eclipticae
1239 4522 1362 4603 planqm
1383 4521 1494 4587 Deru

680 4618 783 4669 centro
816 4608 916 4668 mundi
947 4627 1000 4669 seu
1026 4607 1106 4671 Solis
1130 4610 1168 4671 A.
1214 4609 1258 4671 Ut
1279 4609 1318 4671 de
1345 4628 1384 4673 eo
1411 4622 1494 4675 tanto

681 4697 881 4758 confirmatior
896 4698 948 4771 sia,
973 4698 1133 4780 perpende,
1153 4698 1304 4763 sectiouut
1322 4718 1377 4762 eeu
1392 4701 1495 4774 nodos.

680 4796 714 4848 ut
737 4787 765 4846 in
789 4786 940 4848 schemate
964 4787 1064 4861 vides,
1089 4806 1156 4859 ene
1180 4787 1209 4849 in
1233 4787 1308 4851 locis
1331 4808 1370 4853 ex
1393 4800 1495 4854 centra

681 4874 763 4939 Solis
799 4877 829 4939 A
867 4875 1014 4956 oppositis
1058 4875 1242 4958 experientia
1283 4885 1385 4943 teste:
1428 4880 1494 4947 vida

163 1619 170 1627 ’
245 1648 298 1715 lig.
319 1644 381 1717 tu.
