3368 5534
169 265 236 338 ita
658 269 828 324 muman
845 268 941 324 seua
956 270 1047 325 usa

167 451 229 516 nisi
252 452 386 513 fortasse
406 449 475 532 quis
498 448 671 513 universam
700 451 869 515 doctrinam
898 450 1017 516 sinuum
1038 454 1070 517 in
1092 472 1183 517 uuam
1208 453 1289 519 baro
1321 453 1531 538 operationem

169 540 318 622 conjicere
341 540 426 602 velit

255 632 301 692 At
323 629 392 691 vide
416 628 488 710 quid
504 629 603 689 lacere
622 627 702 708 jussi
726 628 830 690 simus.
869 630 950 693 Nam
968 631 995 692 si
1014 634 1156 712 angulum
1173 633 1262 696 FAH
1283 633 1530 710 assumserimns,

156 732 235 784 'cum
266 718 349 781 linea
371 718 428 780 AF
450 718 563 780 babeat
593 717 692 781 locum
723 724 838 780 certum
870 718 925 781 sub
957 719 1043 795 fixis,
1074 721 1205 784 alterum
1234 742 1351 807 qnoque
1374 740 1446 786 crus
1468 725 1531 788 AB

166 816 338 872 assumetur
367 808 480 871 babere
510 807 609 868 locum
642 815 757 873 certum
780 808 835 870 sub
859 807 937 871 lixis.
983 807 1060 871 Esto
1088 829 1161 872 vero
1184 811 1246 874 ΑΗ
1273 811 1356 874 linea
1387 813 1530 895 spogsei,

167 897 377 980 Gopcmioana
401 905 433 959 et
455 896 629 979 Tychonica
657 896 780 958 notione
813 896 894 959 linea
925 898 1047 979 aphelii.
1093 898 1177 980 Ergo
1205 900 1345 981 jubemur
1372 922 1529 966 assumere

167 996 199 1051 et
212 1007 336 1070 ponere,
359 988 439 1070 quod
455 994 522 1048 erat
536 987 745 1067 quaerendum.
783 986 863 1049 Nam
881 993 915 1049 ut
932 988 989 1049 boc
1013 987 1165 1069 aphelium
1188 990 1426 1067 addiscemus,
1448 992 1530 1056 bano

167 1079 250 1142 viem
272 1078 424 1159 coepimus
447 1076 575 1156 ingredi.
613 1075 729 1138 Eodem
752 1077 842 1138 modo
859 1095 926 1139 cum
942 1077 1001 1140 ΑΗ
1025 1077 1072 1152 (ἱά
1095 1086 1145 1141 est
1163 1076 1234 1154 GH)
1258 1080 1357 1144 locum
1379 1080 1436 1144 sub
1460 1081 1530 1145 lixis

168 1187 224 1251 per
256 1168 334 1229 banc
363 1175 500 1230 nostram
532 1165 714 1246 positionem
748 1165 841 1228 buerit
874 1167 985 1246 adepta
1020 1175 1216 1250 transestque
1246 1187 1302 1250 per
1333 1169 1358 1235 C
1391 1179 1529 1236 centrum

166 1256 326 1340 aequantia
355 1256 463 1319 circuli
494 1255 636 1335 (ideoque
658 1256 749 1317 etiam
772 1275 826 1336 per
854 1255 991 1331 initium,
1019 1275 1120 1338 aquo
1150 1265 1257 1338 partes
1281 1259 1347 1340 ejus
1379 1259 1529 1341 incipiunt

165 1345 326 1420 numerari,
349 1354 455 1427 utpote
469 1345 508 1407 ab
528 1345 643 1425 apside,
667 1363 744 1425 quae
759 1342 947 1426 concipiatur
961 1364 1052 1427 supra
1066 1347 1123 1421 Η),
1144 1355 1177 1409 et
1194 1347 1355 1428 jubeamur
1369 1366 1526 1413 assumere

167 1436 310 1518 angulum
331 1434 432 1511 FOlI,
465 1453 538 1515 ergo
561 1442 594 1496 et
617 1432 670 1497 CF
692 1434 774 1496 linea
802 1434 994 1498 nanciscetur
1023 1435 1122 1498 locum
1145 1437 1175 1499 in
1204 1438 1363 1518 aequantia
1395 1439 1525 1504 circum-

163 1526 302 1589 ferentia
349 1525 446 1607 Atqui
468 1525 544 1586 haec
567 1531 616 1586 est
638 1523 796 1602 longitudo
828 1524 943 1600 media,
977 1543 1054 1606 quae
1082 1524 1150 1587 loco
1180 1525 1248 1588 viso
1279 1526 1423 1608 planetae
1446 1530 1527 1594 inF

164 1616 337 1697 respondet,
362 1622 393 1677 et
415 1615 505 1694 hujus
528 1613 727 1693 longitudinis
750 1613 868 1676 mediae
891 1613 1031 1677 notitiam
1054 1615 1283 1696 quaerebamus.
1330 1615 1525 1683 Assumimus

162 1705 257 1787 igitur
277 1712 402 1786 praeter
424 1722 593 1786 apogaeum
617 1711 648 1765 et
671 1703 753 1765 aliud
776 1722 893 1785 quoque
916 1722 954 1765 ex
977 1703 1016 1766 iis
1039 1722 1116 1786 qnae
1139 1704 1371 1786 quaerebantur.

252 1794 368 1857 Verum
391 1792 543 1856 enimvero
567 1812 627 1854 uon
650 1800 699 1854 est
721 1792 855 1854 insolens
884 1811 980 1875 neque
1010 1794 1175 1873 geometris
1198 1812 1294 1875 neque
1324 1793 1526 1860 arithmeticis

162 1903 260 1966 neque
282 1883 462 1959 dialecticis,
485 1883 528 1945 uti
552 1882 720 1963 argumenti
740 1883 837 1943 forma
854 1883 893 1945 nd
908 1883 1095 1963 impossibile
1114 1883 1261 1959 ducentis,
1285 1888 1328 1958 nt,
1348 1883 1375 1946 si
1388 1884 1525 1962 videant,

163 1993 203 2036 ex
225 1972 369 2037 assumtis
392 1973 477 2056 sequi
499 1972 614 2052 aliquid
637 1971 770 2046 absurdi,
795 1991 831 2033 es
853 1980 997 2054 tauquam
1021 1972 1102 2033 salsa
1123 1972 1272 2052 rejicient,
1296 1972 1386 2054 idque
1408 1974 1525 2038 tantis-

163 2082 228 2146 per,
252 2064 352 2146 quaad
375 2062 541 2145 amputatis
562 2063 619 2124 hoc
643 2070 733 2142 pacto
756 2061 932 2124 excessibus
955 2069 987 2123 et
1009 2061 1178 2124 defectibus
1201 2062 1270 2143 ipsa
1291 2061 1408 2125 veritas
1432 2067 1524 2146 (quae

163 2172 258 2235 penes
280 2151 512 2216 mathematicas
535 2150 715 2232 disciplinas
737 2151 768 2213 in
791 2151 890 2213 medio
913 2158 1106 2233 utrorumque
1128 2151 1246 2226 latitat)
1269 2151 1441 2232 delegatur.
1490 2155 1523 2216 ld

164 2251 266 2306 autem
288 2246 323 2307 lit
344 2243 375 2305 iu
397 2241 572 2325 praeseutia
594 2242 625 2302 in
648 2240 726 2303 huuc
749 2241 879 2302 modum.

254 2333 372 2416 Capiat
394 2332 481 2397 lirae
498 2332 555 2397 CA
576 2350 689 2395 nomen
711 2338 740 2392 et
754 2332 797 2393 sit
818 2329 867 2393 ita
889 2329 975 2392 data.
1016 2328 1103 2407 Quia
1124 2329 1224 2411 ipitar
1246 2330 1422 2393 mundar
1439 2329 1523 2395 ΓΘΗ

367 2494 373 2506 ,
643 2427 673 2483 ct
703 2420 789 2483 FAH
820 2424 850 2482 et
878 2440 940 2502 per
971 2437 1163 2501 coraseposns
1196 2418 1292 2481 etiam
1321 2417 1522 2503 reliquas-run

345 2493 399 2560 ΡΨ·
420 2491 463 2543 ⁶⁹·
643 2508 801 2573 linearum
823 2508 1043 2572 inclinationes
1065 2508 1110 2570 ad
1122 2504 1221 2580 HCA,
1243 2515 1272 2570 et
1291 2506 1350 2575 Ac
1373 2517 1420 2573 est
1435 2530 1520 2573 cons·

397 2616 399 2624 ·
636 2618 731 2663 mune
753 2597 838 2661 latas
861 2604 999 2681 quatuor
1021 2595 1257 2680 mancionem
1282 2596 1350 2672 (CF
1351 2597 1390 2674 A,
1418 2598 1518 2676 CGA,

639 2686 742 2762 GDA,
768 2685 867 2762 CBA)
898 2680 1032 2769 qaorum
1055 2693 1128 2749 sant
1155 2686 1227 2750 dati
1254 2682 1385 2770 capuli:
1417 2689 1519 2771 ipitius·

638 2779 696 2928 ᾗ
695 2796 855 2928 rnegrsgerjs⁴
857 2776 976 2928 13an
987 2772 1079 2929 ACR
1068 2776 1231 2880 dabantur
1252 2782 1392 2881 preataor
1413 2776 1521 2843 lineae

507 2914 512 2925 .
696 2914 704 2941 ,
791 2914 799 2940 ‚
887 2914 895 2940 ‚
978 2910 985 2924 .
1107 2884 1184 2946 paea
1207 2884 1243 2928 sn
1264 2884 1355 2928 noers

639 2954 813 3038 trianpciis
833 2953 933 3029 rad,
956 2951 1057 3028 GAD,
1081 2952 1178 3029 ΒΑΕ,
1202 2952 1286 3015 EAF
1317 2876 1523 3041 interm

384 3060 406 3124 t}
640 3053 715 3108 sunt
737 3045 816 3108 data
839 3065 910 3109 mm
932 3042 1060 3126 capulis
1083 3043 1128 3106 ad
1147 3042 1177 3105 A
1200 3045 1284 3107 inter
1306 3044 1382 3107 bina
1404 3042 1521 3124 lutera

407 3130 411 3210 ζ
540 3154 546 3160 ”
589 3161 608 3219 ς,
641 3154 704 3198 non
726 3135 827 3217 ipitnr
848 3134 1078 3217 ipsorabnntnr
1099 3131 1221 3216 sinpnli
1240 3153 1282 3198 ea
1300 3132 1437 3218 aspretis
1456 3137 1521 3201 tri-

643 3222 771 3376 ffiu
789 3222 914 3375 (diffidi
926 3224 993 3374 dd
1021 3225 1282 3375 dadd'emsid
1290 3222 1393 3376 ‘idid
1415 3223 1523 3379 Ami

739 3361 747 3387 ,
778 3340 791 3375 r
864 3359 871 3373 .

645 3398 757 3486 anpnli
780 3400 873 3465 GFE.
919 3402 962 3465 In
984 3397 1206 3486 quadranginta
1228 3421 1300 3464 cern
1318 3400 1401 3465 DEF
1457 3405 1521 3479 (si-

645 3494 773 3577 quidem
795 3500 840 3554 esi
854 3492 1041 3573 inscriptam
1063 3490 1192 3561 circulo,
1210 3491 1296 3575 qaod
1314 3499 1359 3554 cst
1371 3492 1425 3555 tic
1436 3494 1522 3557 inter

163 3589 362 3674 hypotheses)
396 3586 553 3661 convenit,
590 3585 679 3648 binos
714 3584 875 3665 oppositos
906 3579 1039 3664 anffsdos
1070 3582 1120 3652 (at
1150 3577 1250 3655 GFE,
1282 3579 1385 3656 GDE)
1423 3580 1522 3649 sinui

165 3698 305 3761 aquare
326 3698 482 3742 summam
505 3676 642 3739 duomcm
661 3680 826 3736 rectorum.
874 3670 1000 3734 Janctis
1021 3669 1121 3752 ipitier
1150 3690 1229 3753 precs
1247 3672 1321 3757 jam
1344 3672 1521 3737 intersimus

165 3777 301 3854 queataor
324 3767 470 3850 annalis,
503 3768 533 3828 si
555 3783 679 3828 masma
708 3762 835 3846 disant
858 3764 897 3824 ab
920 3760 981 3825 ieac
1009 3760 1144 3823 dacium
1174 3766 1332 3823 rectcrwn
1357 3781 1518 3839 mennas,

159 3858 444 3944 pronunciabimas
467 3861 609 3919 assumta
624 3852 719 3938 falsa
741 3871 828 3915 esse:
849 3851 963 3914 sivein
978 3846 1130 3913 aiwndro
1154 3856 1367 3915 mnenon
1380 3850 1521 3937 salsitas

164 3950 243 4015 insit
264 3950 330 4010 aine
352 3949 389 4011 in
410 3955 551 4027 utroque.

255 4039 388 4102 Retersto
420 4037 521 4121 ipitnr
550 4032 649 4096 altero
682 4027 765 4092 FCll
798 4029 986 4104 edansnnm,
1016 4034 1136 4097 maan
1167 4048 1238 4093 cero
1267 4026 1390 4110 reliquo
1421 4028 1519 4101 Fan,

164 4126 324 4194 redibitur
346 4125 391 4189 ad
415 4134 508 4206 capnt
531 4132 560 4186 et
576 4123 676 4184 denno
699 4121 877 4202 inquiretur
898 4138 1022 4182 stemma
1037 4124 1173 4203 preatw
1194 4114 1397 4202 uincamus
1427 4118 1521 4198 Quas

164 4222 195 4284 si
217 4218 343 4301 loupiac
365 4238 387 4278 a
410 4216 532 4279 duobus
555 4211 649 4276 rectis
680 4210 843 4272 recesserit
866 4228 960 4291 qaam
986 4229 1109 4273 summa
1181 4208 1242 4283 ‘or,
1265 4216 1451 4292 arpremo
1473 4219 1520 4274 est

164 4307 370 4373 mutationem
392 4306 495 4389 ipsios
508 4302 593 4365 rull
614 4319 783 4383 perperam
806 4318 872 4361 esse
893 4308 1075 4382 acceptans.
1144 4298 1322 4362 maranum
1343 4298 1446 4383 spina
1467 4297 1520 4364 iiii

162 4395 359 4479 sociandam.
417 4394 459 4457 Ut
484 4397 515 4456 si
535 4392 679 4476 forsitan
708 4388 906 4461 addidisses,
929 4390 1002 4475 jam
1030 4390 1178 4453 nnnaas:
1211 4386 1258 4451 uel
1288 4394 1409 4453 eosdm.
1457 4388 1520 4453 Sin

166 4494 271 4549 asama
297 4487 434 4568 propius
457 4484 502 4545 ad
524 4486 647 4569 iustum
669 4498 849 4543 masuram
872 4478 1048 4552 accessisti,
1078 4479 1114 4540 in
1137 4476 1189 4540 oia
1210 4484 1240 4540 te
1262 4497 1328 4540 esse
1349 4477 1517 4562 intellipes.

165 4574 211 4639 1¹2
233 4585 308 4639 tuno
330 4576 566 4657 comparatione
594 4572 684 4647 facta
707 4572 773 4650 dies
794 4567 943 4647 desectus,
967 4567 1023 4649 qni
1041 4567 1108 4646 suit
1129 4567 1165 4629 in
1184 4567 1354 4649 principio,
1377 4567 1425 4630 ad
1447 4591 1519 4633 mss

167 4665 223 4748 qui
249 4666 322 4749 jam
351 4671 469 4738 restat,
499 4663 611 4727 eodan
639 4661 674 4720 in
704 4658 910 4739 proportione
942 4676 1053 4740 perpes
1089 4658 1233 4740 accendo
1265 4654 1313 4723 set
1347 4659 1519 4723 samm

167 4774 300 4907 wilt
321 4863 385 4908 non
407 4843 480 4906 ideo
504 4842 703 4909 cacumen,
733 4835 903 4899 eamdam
924 4836 1019 4899 istam
1045 4834 1269 4911 cometicnan
1294 4836 1359 4902 tntis
1380 4841 1519 4922 aanor
