3368 5534
665 334 668 339 ·
744 301 906 359 Prooemium.

240 475 309 529 Folio
326 482 446 544 sequente
463 477 527 529 isses
546 476 762 543 deprehendimus:

418 586 604 643 Axiomata
628 589 780 661 physica
799 593 837 644 de
857 591 1012 646 motibus
1038 592 1239 649 stellarum.

174 688 200 742 1.
236 685 466 750 Consentaneum,
489 691 569 740 astra
588 685 739 758 circumagi
759 693 810 742 aut
829 688 857 743 11
877 689 989 744 metriae
1010 695 1157 745 autentu.
1200 691 1246 747 Ex
1266 689 1294 747 3.
1316 700 1346 749 et
1368 696 1414 750 11.

174 767 200 821 2.
236 766 313 821 Coeli
334 765 416 821 solidi
435 765 505 821 nulli
525 771 600 820 sunt.

175 846 200 901 3.
234 850 381 902 Astrornm
402 860 498 918 σχησις
520 847 607 921 nulla
648 846 695 901 Ex
715 846 743 902 2.

135 924 139 930 ’
174 927 200 982 t
232 930 313 982 Aura
333 926 460 982 aetheria
479 927 592 997 ponitur
611 927 730 999 undique
751 926 914 998 aequabilis.

176 1007 201 1062 5.
235 1007 288 1062 Ubi
310 1014 355 1063 est
374 1005 614 1076 intermundiis
635 1007 853 1079 oirsumagendis
873 1013 957 1062 nutus
977 1026 1032 1063 non
1052 1009 1161 1066 suffieit.
1201 1013 1247 1066 Ex
1269 1013 1294 1067 7.

178 1089 204 1143 0.
239 1088 293 1143 Ubi
313 1094 359 1143 est
376 1086 495 1143 intentio
515 1094 546 1142 et
565 1088 689 1143 remissio
709 1087 841 1142 continua
861 1088 888 1142 vi
902 1089 1024 1143 1111111111
1045 1096 1239 1156 1111111111111111,
1261 1099 1344 1147 nutus
1365 1094 1506 1152 solitarius

232 1187 288 1223 non
309 1175 353 1224 est
372 1167 536 1223 verisimilis.
578 1170 624 1224 Ex
648 1171 691 1225 10.
980 1174 984 1187 ’

177 1246 202 1304 7.
234 1249 285 1304 Vis
307 1249 443 1304 naturalis
463 1253 637 1304 mensuratur
657 1249 787 1320 primario
807 1246 975 1306 ἃπισπασει
1000 1251 1165 1323 ponderum,
1192 1258 1243 1306 aut
1262 1253 1289 1306 vi
1310 1255 1422 1312 nonies
1443 1273 1506 1314 oon·

234 1329 331 1395 uaria
351 1328 488 1400 ὶνθελξει.
782 1320 791 1332 “

178 1410 203 1467 8.
237 1410 302 1466 Vim
321 1410 464 1466 motsiosin
482 1428 596 1465 neoesse
616 1415 661 1464 est
680 1408 731 1463 niti
751 1427 865 1480 eorpore
887 1426 937 1465 oeu
959 1410 1043 1464 fonte.

178 1492 204 1547 9.
238 1491 289 1545 Vis
308 1492 411 1547 matrix
431 1507 501 1562 opus
521 1492 610 1555 babet
629 1490 834 1562 propagatione
855 1507 874 1544 a
894 1490 979 1554 fonte,
1001 1508 1051 1545 seu
1071 1491 1185 1548 effluxu.

163 1573 205 1626 10.
237 1572 310 1627 Huic
330 1570 446 1627 effluxui
467 1570 603 1627 naturalis
623 1577 669 1624 est
688 1570 806 1626 intentio
827 1577 857 1623 st
875 1569 999 1624 remissio
1020 1588 1071 1640 per
1091 1573 1306 1644 elongationem.

163 1653 205 1707 ll.
236 1652 396 1724 Antispssis
416 1650 542 1724 aequalis
561 1651 591 1713 in
611 1651 703 1722 quiete
723 1649 856 1712 consistit,
878 1649 1032 1722 inaequalis
1052 1651 1080 1705 in
1101 1660 1185 1709 motu.
1225 1654 1271 1709 Ex
1293 1654 1319 1710 7.

163 1732 206 1787 12.
238 1734 270 1788 In
283 1740 360 1788 motu
380 1739 531 1803 speotatsr,
552 1739 665 1803 praeter
678 1732 733 1785 sim
747 1737 776 1786 et
789 1730 897 1792 mobile,
919 1730 1004 1786 etiam
1018 1733 1148 1802 temporis
1163 1735 1199 1788 ad
1213 1734 1333 1804 spatium
1354 1737 1505 1808 proportio.

163 1812 206 1868 13.
237 1814 307 1869 Item
332 1813 361 1868 111
390 1819 466 1868 motu
495 1813 694 1869 consideranda
720 1819 764 1866 est
789 1818 819 1866 et
845 1810 1032 1880 amplitudinis
1060 1813 1168 1868 mobilis
1198 1815 1340 1884 proportio
1361 1818 1396 1872 ad
1423 1817 1506 1872 medii

237 1894 411 1950 densitatem.

314 1975 395 2030 Fons.
423 1972 473 2027 Vis
494 1972 610 2027 affluens
630 2000 669 2012 -
689 1974 804 2042 pondus,
825 1987 875 2025 seu
896 1967 1069 2034 ἄπισπισις.

423 2052 544 2108 Medium
571 2080 607 2091 -
628 2079 668 2092 -
688 2052 847 2123 Arnplitudo
868 2051 1051 2106 terminorum.

422 2134 550 2206 Spatium
568 2162 610 2174 -
629 2162 670 2173 -
689 2134 818 2202 Tempus.

165 2217 207 2271 14.
241 2215 308 2270 Cum
329 2215 364 2269 de
384 2231 439 2270 uno
459 2215 577 2284 planeta
597 2213 701 2285 agitur,
722 2214 802 2267 nulla
821 2218 866 2266 est
886 2212 1068 2267 consideratio
1089 2213 1169 2268 medii
1190 2219 1220 2268 et
1240 2214 1381 2284 temperis.
1421 2216 1508 2274 1114.

235 2303 267 2350 et
289 2295 335 2351 15.

164 2377 208 2433 15.
242 2377 368 2446 Corpora
386 2376 562 2445 planetarum
583 2381 648 2429 sunt
667 2373 785 2445 undique
807 2372 975 2444 aequabilia,
997 2390 1034 2428 sa.
1055 2374 1183 2428 rotunda.

164 2459 207 2512 16.
238 2456 330 2511 Natus
352 2455 440 2528 signis
461 2472 530 2526 opus
550 2456 646 2520 habet,
670 2455 768 2526 quibus
789 2454 933 2525 dirigatur.

164 2539 207 2591 ll.
243 2537 294 2591 [Jbi
314 2537 395 2590 nulla
414 2535 545 2590 oontinna
564 2535 654 2607 signa,
676 2535 768 2590 nullus
789 2534 943 2589 eontinuus.
955 2539 1044 2587 motus
1064 2549 1115 2603 per
1135 2539 1239 2589 nutum.
1280 2537 1325 2588 Ex
1350 2535 1394 2591 lo.

165 2618 208 2673 18.
239 2618 372 2681 Ponatur,
394 2618 465 2686 qnod
487 2617 635 2671 observata
662 2622 815 2679 testantur,
836 2614 955 2685 angulos
982 2615 1135 2668 anomaliae
1163 2631 1257 2685 ooaeq.
1279 2631 1341 2669 esse
1362 2615 1393 2669 in
1410 2630 1512 2672 eversa

236 2714 317 2770 prop.
336 2696 606 2765 distantiarumevel
627 2696 734 2750 directa
753 2695 897 2749 disoorum.

164 2778 207 2835 19.
238 2777 366 2849 Epicyoli
387 2792 467 2831 arom
489 2794 550 2830 esse
570 2777 598 2830 in
618 2775 796 2846 proportione
816 2775 1019 2829 diametrorum.

163 2858 207 2914 20.
240 2857 430 2912 Librationem
451 2857 611 2928 contingere
632 2856 661 2910 in
681 2855 798 2927 epicynli
819 2856 962 2910 1111111111.

109 2930 116 2989 ’.
162 2939 207 2995 21.
240 2938 391 3009 Epiopolns
409 2954 466 2993 non
482 2943 612 2993 moretur
630 2936 658 2990 ri
679 2939 783 3000 eadem,
805 2953 861 3007 qua
881 2934 1056 2989 ecoentrious.
1097 2934 1143 2987 Ex
1164 2932 1211 2996 20,
1233 2940 1263 2988 et
1286 2935 1321 2989 12
1342 2941 1372 2988 et
1394 2936 1438 2991 10.

163 3017 208 3073 22.
243 3017 297 3073 Ubi
318 3017 398 3071 nulla
418 3017 569 3088 antispasis
590 3023 621 3071 et
639 3017 719 3070 nulla
737 3016 820 3070 medii
838 3016 973 3079 densitas,
995 3013 1108 3069 tralatio
1128 3019 1304 3082 potestesse
1326 3015 1353 3068 in
1373 3021 1509 3070 momento
1573 3011 1575 3017 ’

238 3115 290 3169 per
308 3105 415 3152 1111111111.
766 3148 770 3157 ,

163 3178 208 3235 23.
241 3178 335 3232 Motus
356 3193 375 3232 a
395 3175 487 3247 spatio
508 3179 653 3247 dependet.
1088 3244 1090 3250 y

162 3260 209 3315 24.
242 3256 394 3322 Quaelibet
414 3257 456 3311 sis
477 3257 613 3312 naturalis
632 3257 722 3320 habet
741 3256 906 3311 definitivam
928 3254 1109 3309 eeleritatem.

101 3368 105 3379 ·
163 3340 209 3395 25.
242 3339 372 3394 Effluxns
392 3337 518 3392 imitatur
537 3337 710 3392 celeritatem
731 3337 823 3392 fontis.

118 3450 124 3471 ·.
163 3418 211 3474 26.
245 3418 299 3474 Ubi
318 3417 399 3472 nulls
417 3417 568 3487 antispasis
588 3419 633 3471 vel
655 3418 734 3472 medii
760 3417 896 3480 densitas,
923 3413 1023 3469 mobile
1053 3413 1205 3469 imitabitur
1225 3414 1397 3469 eeleritatem
1418 3412 1510 3471 lonffi.

162 3499 208 3556 27.
240 3497 362 3554 Intentio
382 3504 412 3553 et
431 3497 554 3553 remissio
574 3499 693 3553 effluxus
714 3515 769 3552 non
789 3506 833 3552 est
853 3498 911 3550 sine
931 3497 977 3549 rel
998 3494 1134 3564 antispasi
1154 3496 1199 3548 vel
1220 3495 1360 3549 densitate
1379 3495 1469 3550 medii.

101 3652 103 3661 Ι
163 3580 209 3636 28.
242 3580 424 3635 Pirustarum
433 3592 565 3661 ..sprpora
588 3579 695 3633 habent
720 3580 767 3632 rel
792 3577 947 3647 antispasin
967 3576 1012 3629 vel
1036 3574 1241 3645 proportionem
1262 3575 1454 3645 amplitudinis
1474 3576 1510 3629 sd

241 3659 409 3715 densitatem
426 3656 517 3716 ns'dii.
557 3660 602 3712 Ex
623 3659 670 3714 27.
692 3667 723 3714 et
746 3657 789 3714 18.
814 3658 860 3714 19.

101 3696 118 3813 h
163 3741 210 3797 29.
242 3742 379 3795 Pansam
398 3738 499 3794 mobile
520 3739 596 3794 111111
615 3739 860 3794 oonsiderationem
881 3737 967 3791 omnis
987 3735 1132 3791 densitatis
1151 3735 1240 3792 medii.

101 3820 104 3835 '
164 3823 209 3877 30.
244 3818 402 3890 Antispuis
422 3837 477 3874 uon
497 3826 549 3884 est,
570 3819 624 3875 uisi
643 3820 671 3873 in
691 3836 813 3890 corpore.
855 3820 899 3874 Ex
921 3817 967 3874 31.

163 3902 209 3958 31.
244 3901 305 3963 Quo
324 3898 415 3969 majus
435 3916 543 3972 eorpus,
564 3900 617 3954 boo
635 3900 726 3970 maius
746 3901 862 3969 pondus.

164 3981 209 4039 32.
243 3981 380 4036 Punctum
399 3979 477 4036 tollit
495 3980 739 4036 oonsideratiouem
758 3980 800 4033 vis
820 3977 950 4034 motriois.
991 3978 1036 4032 Ex
1058 3975 1105 4034 30.
1128 3979 1175 4034 31.
1198 3979 1223 4036 7.
1246 3979 1273 4034 5.

163 4062 209 4118 33.
242 4060 343 4116 Puuoti
363 4061 479 4115 1111111111
498 4059 578 4115 nulla
597 4066 650 4125 est,
670 4060 723 4116 nisi
744 4077 795 4131 per
814 4067 917 4115 nutum.
958 4059 1004 4112 Ex
1025 4056 1072 4112 32.
1094 4059 1141 4116 29.

163 4143 208 4198 34.
242 4142 380 4196 Pisuetae
400 4147 523 4213 agimtur
543 4140 570 4194 vi
590 4141 713 4196 naturali
733 4141 762 4195 in
782 4138 949 4195 ecoentrieis.
989 4139 1035 4192 Ex
1056 4138 1102 4194 28.
1128 4138 1172 4194 18.

101 4252 106 4323 p
162 4223 209 4278 35.
245 4221 396 4293 Epioyolus
417 4239 471 4275 non
491 4220 622 4276 innitatur
641 4223 701 4276 solo
722 4227 800 4277 nutu
841 4222 887 4275 Ex
910 4220 954 4274 17.
978 4219 1023 4275 19.
1046 4214 1073 4273 6.

162 4302 209 4359 36.
241 4302 393 4374 Epieyetm
412 4300 545 4357 inritatur
563 4302 599 4358 11
640 4303 686 4356 Ex
706 4303 724 4357 5
745 4301 843 4356 1128.
867 4301 912 4357 12.
934 4298 982 4352 20.

162 4383 209 4439 37.
244 4380 375 4453 Epioyoli
388 4381 435 4436 ris
455 4381 587 4437 innitatur
607 4398 626 4437 a
645 4383 673 4436 ri
693 4382 773 4439 Solis.
814 4383 860 4436 Ex
883 4381 930 4436 96.
952 4379 998 4434 21.
1022 4377 1066 4432 19.

163 4463 209 4519 38.
243 4461 380 4533 Epioyelo
400 4462 441 4516 ris
462 4460 534 4518 alias
554 4469 599 4517 est
619 4462 684 4518 alia.
724 4464 770 4518 Ex
791 4461 839 4518 37.
865 4463 909 4517 10.

162 4543 210 4600 39.
242 4541 293 4598 Sol
312 4542 486 4598 oonrolritur
505 4543 533 4598 in
552 4542 657 4597 rodiaoi
677 4545 799 4614 longum.
1364 4606 1368 4612 Ι

162 4625 209 4680 to.
242 4622 290 4679 Sol
310 4639 367 4678 non
387 4623 506 4680 attrahit
525 4625 667 4694 planetam
687 4623 715 4677 in
729 4624 910 4677 descendente
932 4619 1109 4682 semiaireulo,
1130 4616 1213 4689 pellit
1232 4618 1260 4671 in
1281 4617 1455 4681 aseendente,
1475 4621 1509 4670 ut

164 4786 210 4842 sl.
239 4719 367 4921 Ξζᾟ
384 4800 440 4839 uon
457 4783 541 4856 pellit
560 4785 671 4850 ferrum,
693 4785 741 4839 sed
761 4800 870 4855 semper
889 4781 918 4836 iu
939 4781 995 4837 situ
1015 4780 1083 4848 unit,
1104 4785 1136 4835 at
1155 4796 1210 4833 non
1230 4777 1301 4832 omni
1320 4782 1401 4847 parte
1420 4775 1508 4845 pollet

315 4881 353 4920 ῃ,
1473 4884 1475 4891 ,
