3368 5534
162 298 227 370 268
636 301 678 355 Do
696 299 803 355 llotlbus
826 297 921 355 Stellae
937 299 1026 356 num

161 481 243 545 tione
267 481 365 557 lacta;
396 479 450 542 sed
473 477 683 542 alterationem
706 480 829 543 adducit
850 481 880 542 in
904 480 1040 545 omnibus
1063 481 1158 544 tubus
1182 478 1386 562 superioribus
1410 479 1512 544 sensi-

162 572 271 647 bilem,
300 571 376 632 adeo
400 576 434 631 ut
462 569 589 650 angulus
622 569 848 632 differentiae'
840 591 870 632 m
893 572 992 633 Marte
1016 571 1054 633 ad
1089 568 1125 634 1⁰
1146 568 1213 634 45¹
1223 574 1293 641 (ιι)
1321 573 1509 634 excrescat“

162 657 259 725 (Oomp.
279 659 335 710 Vol.
354 659 376 717 1,
394 674 418 723 p.
439 654 496 718 ιι.)

252 733 335 794 Idem
359 731 462 793 eodem
485 738 619 811 tempore
641 730 671 792 in
695 729 868 812 appendice
882 731 921 793 ad
943 729 1166 794 Mechanica
1194 750 1249 793 seu
1275 731 1449 795 narratione
1472 731 1512 793 de

163 823 225 913 spis
259 820 367 882 studiis
398 819 617 920 perstrinxit.-
614 821 704 881 Nec
736 820 829 880 multo
860 820 922 881 alia
951 821 1044 883 verba
1071 828 1153 884 tomo
1186 821 1209 881 l.
1241 820 1512 903 Epistularum

162 892 214 974 ιόι.
238 907 312 975 209.
328 907 370 983 ²⁰)
393 909 442 971 ubi
466 907 633 982 existimat,
657 927 750 975 eausa
772 909 1005 972 eccentricitatis
1028 910 1146 973 Solaria
1176 910 1337 973 immisceri
1360 909 1513 993 quandam

162 999 409 1082 inaequalitatem
432 997 523 1058 etiam
552 996 710 1059 cccentrici
737 995 965 1077 aequatinuibus
998 1007 1029 1061 et
1057 999 1167 1062 sitibus
1195 999 1399 1083 acronychiis;
1433 998 1513 1081 quod

132 1166 137 1172 Ι
162 1098 248 1173 parte
270 1088 368 1170 prima
388 1087 552 1149 refutatum
575 1086 693 1167 quidem
716 1094 781 1161 est,
804 1107 864 1150 non
886 1088 1083 1151 redundare
1075 1109 1107 1151 ιιι
1129 1088 1439 1173 ιίιιιειιιιοιιιοιιιοει,
1462 1086 1512 1149 rel

163 1186 244 1243 certe
266 1174 418 1239 minimum
433 1174 560 1257 aliquid;
585 1182 619 1236 at
639 1174 758 1237 videtur
779 1192 833 1255 per
856 1176 1069 1247 correctionem
1091 1178 1239 1259 quandam
1254 1177 1293 1240 de
1308 1178 1512 1260 'quadrangu-

162 1262 325 1332 lationibus
348 1264 458 1328 Martis
482 1282 548 1325 cum
571 1263 643 1326 Sole
665 1263 794 1344 intelligi
817 1264 936 1328 debere.

250 1358 320 1420 Jam
342 1362 415 1429 tum,
435 1372 505 1419 cum
532 1353 636 1414 orbem
656 1372 784 1415 annuum
810 1354 1074 1435 audirem-augeri
1096 1353 1256 1437 minuique,
1280 1355 1417 1418 dictabat
1439 1354 1512 1417 mihi

164 1448 289 1528 genius,
314 1445 344 1507 id
366 1444 548 1525 phantasma
571 1442 640 1507 oriri
663 1461 700 1503 ex
724 1461 776 1521 eo,
800 1444 878 1524 quod
902 1443 983 1508 orbis
1006 1464 1121 1507 annuus
1145 1443 1348 1525 (lopernici
1370 1444 1420 1507 vel
1445 1443 1512 1525 epi·

165 1536 267 1620 cyclus
289 1531 503 1598 Ptolemaei
525 1551 585 1595 non
608 1531 773 1613 aequaliter
796 1551 814 1592 a
837 1540 940 1595 centro
963 1533 1016 1596 illo
1040 1533 1143 1611 distet,
1166 1534 1247 1597 circa
1268 1533 1510 1616 quod'aequali·

165 1625 222 1689 bus
235 1622 420 1704 temporibus
437 1620 579 1702 aequales
602 1621 744 1684 conficere
763 1621 883 1701 ponitur
899 1623 1036 1704 angulos.
1074 1624 1154 1687 Nam
1167 1642 1243 1705 quae
1258 1643 1352 1687 causa
1371 1621 1512 1704 physica,

163 1714 271 1796 augeri·
287 1722 318 1775 et
339 1709 432 1773 minui
455 1710 613 1783 circuitum
634 1709 728 1772 centri
751 1711 926 1791 systematis
956 1709 1160 1795 planetarii&
1193 1712 1440 1795 (Tychonici)
1462 1711 1511 1772 vel

163 1804 320 1868 circuitum
328 1803 440 1879 Terrae
450 1798 695 1880 (Coper'nico)
710 1799 758 1860 vel
773 1800 937 1882 cpicyclum
952 1801 1036 1864 sidus
1046 1811 1222 1882 gestantem
1232 1802 1333 1875 (Ptol
1344 1800 1511 1874 emaeo)?

164 1914 239 1977 qnae
264 1893 350 1965 haec,
373 1890 502 1970 inquam,
526 1888 557 1950 iu
572 1886 757 1951 astronomia
779 1888 844 1951 sinc
867 1891 1004 1972 exemplo
1018 1891 1149 1968 novitas,
1174 1891 1247 1961 siue,
1261 1890 1511 1953 versImilitudine

163 1979 360 2048 absurditas?
405 1977 484 2049 Quin
511 1977 612 2058 potius¹
640 1977 721 2040 credi
751 1996 807 2058 par
836 1979 1022 2055 erat-alibi
1051 1980 1154 2044 Solem
1178 1979 1432 2060 (Copernico)
1461 1978 1510 2039 vel

163 2081 298 2141 centrum
330 2067 505 2151 systematis
536 2065 697 2148 planetarii
722 2067 955 2148 (Tychonici)
981 2069 1030 2131 vel
1054 2090 1162 2152 corpus
1189 2066 1335 2151 'planetae
1363 2069 1509 2142 (Ptole-

164 2164 283 2234 maeo)
309 2180 328 2221 a
355 2165 494 2239 suscepto
522 2156 715 2238 aequalitatis
750 2165 860 2235 puncto
888 2159 1075 2241 (quiescente
1098 2159 1178 2241 apud
1201 2156 1451 2241 Oopernicum
1480 2166 1511 2218 ct

163 2250 384 2334 Tychonem,
409 2247 608 2308 circumeunte
632 2245 662 2306 in
685 2246 845 2308 eccentrici
868 2247 1108 2310 circumferentia
1130 2248 1209 2329 apud
1230 2247 1509 2333 Ptolemaeum)

163 2340 283 2420 longius
297 2338 421 2411 distare,
445 2335 516 2397 alibi
531 2334 667 2397 brevius:
692 2342 781 2417 atque
799 2336 829 2397 id
844 2338 947 2417 procul
969 2337 1060 2399 dubio
1079 2337 1109 2398 iu
1128 2338 1209 2399 linea
1223 2335 1369 2417 apsidum.
1408 2337 1509 2417 Atque

163 2430 233 2494 buic
251 2428 295 2492 rei
308 2425 493 2489 commodam
513 2425 700 2507 occasionem
712 2423 875 2488 ¹videbatur
895 2426 1086 2508 suppeditare
1101 2440 1170 2489 mea
1184 2426 1238 2488 illa
1256 2445 1295 2487 ex
1316 2425 1510 2507 Mysterio

163 2536 247 2582 meo
271 2513 599 2594 (lotmographico
622 2512 760 2574 derivata
782 2515 923 2596 suspicio,
948 2514 976 2577 si
994 2534 1099 2597 nempe
1121 2514 1153 2577 ln
1174 2513 1323 2583 theoriam
1338 2512 1424 2581 Solis
1447 2510 1510 2588 (iel

165 2606 322 2680 theoriam,
344 2612 377 2667 ut
399 2603 443 2665 ita
466 2601 584 2677 dicam,¹
597 2601 723 2683 epicycli
745 2600 989 2677 Ptolemaici)
1012 2624 1145 2686 aequans
1168 2604 1418 2667 introduceretur.

253 2712 330 2777 Esto
359 2718 394 2773 ut
418 2706 543 2788 incipiat
571 2707 770 2787 inaequalitas
801 2712 933 2774 secunda
954 2732 974 2775 ιι
997 2711 1078 2773 linea
1107 2710 1198 2775 medii
1224 2719 1323 2777 motus
1346 2708 1448 2785 Solis,
1479 2718 1512 2770 ut

164 2804 310 2869 haetenus
332 2798 448 2882 placuit
470 2797 635 2860 artificibus
656 2797 708 2869 (ne
731 2799 798 2883 quis
820 2819 918 2864 meam
941 2800 1149 2877 novationem,
1172 2800 1230 2883 qui·
1245 2798 1404 2882 apparenti
1427 2797 1512 2863 Solis

165 2901 254 2957 motu-
270 2899 354 2964 utor,
386 2890 416 2951 in
438 2886 496 2950 hoc
527 2886 649 2971 negotio
682 2899 853 2971 suspectam
882 2890 1023 2966 babeat),
1056 2898 1088 2953 et
1115 2898 1277 2971 consurgat
1301 2889 1333 2951 iu
1356 2889 1512 2951 schemate

164 2981 319 3066 praesenti
341 2976 552 3041 eccentricitas
582 2976 720 3056 planetae
748 2980 827 3062 apud
851 2979 1092 3061 Cupernicum
1114 2998 1171 3042 non
1195 3000 1215 3042 a
1236 2987 1340 3041 mutto
1363 2978 1449 3042 Solis
1471 2979 1512 3049 A,

694 3069 750 3133 sed
780 3090 799 3130 a
831 3067 855 3132 C
885 3077 1010 3151 puncto,
1044 3070 1123 3132 circa
1152 3069 1230 3150 quod
1261 3067 1413 3148 regularis
1444 3084 1513 3127 esse

692 3159 813 3239 ponitur
845 3159 973 3221 Terrae
985 3168 1094 3222 motus
1144 3158 1180 3220 Id
1211 3177 1283 3220 vero
1313 3165 1459 3239 punctum
1488 3152 1513 3217 C

603 3277 630 3319 n
694 3250 735 3311 sit
756 3268 814 3309 non
838 3248 919 3311 orbis
933 3247 1057 3311 Terreni
1072 3246 1138 3324 1)Ε,
1162 3246 1216 3310 sed
1234 3254 1352 3309 tautum
1374 3246 1514 3328 aequali·

406 3346 410 3353 '
538 3329 573 3335 “
591 3330 610 3336 ’
693 3337 767 3399 tatis
783 3345 926 3413 centrum,
950 3337 1067 3416 lougius
1082 3337 1120 3399 ab
1135 3337 1164 3401 Δ
1180 3336 1252 3400 Sole
1271 3335 1401 3410 distans,
1425 3329 1525 3417 quam'

693 3427 720 3489 B
744 3435 878 3490 centrum
901 3426 981 3489 orbis
1004 3426 1127 3489 Terreni
1151 3426 1215 3488 ΕΙ).
1251 3425 1340 3498 Dico,
1364 3423 1415 3488 his
1438 3444 1513 3487 con·

696 3516 809 3591 cessis,
839 3516 1066 3579 observationes
1089 3516 1167 3577 tales
1199 3514 1396 3577 exhibitum'
1388 3514 1445 3589 rri,
1476 3532 1513 3574 ex

696 3606 802 3686 quibus
831 3605 897 3686 quis
928 3604 1074 3686 suspicari
1101 3604 1219 3685 possit,
1251 3604 1353 3667 orbem
1383 3623 1513 3666 aunuum

696 3695 753 3756 DE
774 3694 878 3774 augeri
900 3693 1059 3775 minuique.
1106 3692 1248 3775 Erigatur
1271 3713 1309 3755 cx
1333 3689 1359 3755 0
1380 3711 1514 3774 perpen-

697 3783 838 3847 dicularis
861 3783 918 3864 ipsi
941 3782 1006 3858 DE,
1031 3801 1107 3865 quae
1130 3783 1172 3845 sit
1191 3781 1259 3859 OF,
1282 3791 1315 3843 et
1338 3782 1379 3844 ait
1402 3782 1512 3844 Martia

698 3872 787 3934 stella
814 3870 861 3934 bis
891 3873 922 3933 in
945 3874 983 3947 F,
1016 3880 1047 3933 et
1077 3892 1142 3934 cum
1170 3873 1265 3934 Terra
1296 3879 1344 3934 est
1375 3871 1409 3935 in
1430 3871 1461 3933 D
1483 3879 1512 3932 et

698 3981 764 4024 cum
786 3961 816 4024 in
837 3962 874 4031 Ε,
897 3969 929 4024 et
950 3963 1184 4025 connectaturF
1201 3981 1268 4024 cum
1285 3961 1407 4043 punctis
1420 3959 1461 4036 D,
1475 3958 1510 4020 Ε.

699 4048 779 4121 Quia
815 4070 886 4131 ergo
919 4050 944 4114 (l
981 4061 1030 4114 est
1064 4059 1205 4134 punctum
1241 4051 1379 4132 aequalis
1416 4060 1512 4114 motus

698 4141 810 4203 Terrae
828 4140 859 4201 in
874 4141 939 4214 DE,
963 4140 1023 4202 crit
1035 4138 1127 4216 Fon,
1148 4138 1228 4204 FOE
1255 4139 1410 4202 menualia
1430 4158 1511 4202 com·

699 4229 872 4292 mutationis
895 4238 926 4290 et
949 4231 997 4303 (ut
1018 4229 1171 4310 ponimus)
1198 4229 1334 4310 aequalis
1362 4228 1509 4311 utrinque.

700 4318 816 4390 Quodsi
852 4318 943 4398 igitur
979 4319 1122 4401 aequales
1154 4329 1257 4381 essent
1285 4315 1357 4393 CI),
1387 4315 1444 4383 CB
1467 4320 1511 4391 (ut

700 4409 845 4470 hactenus
875 4408 1071 4488 putabatur),
1104 4416 1174 4470 tunc
1207 4417 1239 4470 et
1262 4404 1346 4470 DFO
1378 4416 1413 4470 et
1434 4403 1510 4471 EFC

700 4498 801 4578 anguli
833 4514 886 4559 sen
912 4497 1084 4579 parallaxes
1116 4496 1197 4560 orbis
1230 4503 1334 4560 esseut
1365 4496 1510 4579 utrinque,

256 4708 431 4780 lcentrnm
461 4704 620 4778 systematis
650 4703 796 4774 planetarii
824 4709 868 4758 est
895 4702 1043 4759 communis
1070 4704 1157 4758 sectio
1178 4702 1329 4767 linearum,
1359 4720 1434 4775 quae
1461 4720 1507 4797 per

170 4790 337 4864 singidonum
364 4792 537 4863 planetarum
567 4785 676 4856 apsides
704 4787 891 4840 traducuntur.
932 4791 1025 4857 Atque
1046 4784 1072 4838 id
1099 4791 1231 4856 punctum
1251 4792 1296 4839 est
1314 4784 1361 4838 rel
1386 4786 1507 4855 proxime

171 4887 268 4942 cerpus
287 4870 368 4939 sads,
388 4876 422 4925 ιιι
440 4867 551 4924 Brahso
572 4864 649 4923 ιιιιιιο
669 4863 782 4936 placuit,
803 4862 878 4921 ιιι·
869 4880 899 4921 ιιι
917 4864 979 4938 ipsu
999 4870 1095 4921 οιιιιεο
1113 4862 1197 4932 Solis,
1216 4870 1249 4920 at
1268 4877 1323 4936 epe
1344 4866 1464 4940 eampo.
