3374 5528
622 320 836 375 semunciis
1171 380 1175 385 ,
1335 305 1415 375 tei·

50 497 283 570 magnitudinum:
313 500 445 572 siquidem
465 498 534 556 nihil
554 502 599 557 hic
623 519 672 557 nos
693 502 789 556 turbat
815 500 959 555 circulatio
979 499 1120 570 utriusque
1146 493 1243 551 sideris
1273 493 1302 547 in
1329 504 1403 545 aura

51 579 189 634 aetherea
207 578 280 634 circe
300 580 399 638 Solem.
441 587 525 650 (Quae
543 596 677 656 sequuntur
689 589 811 653 Keplsrns
822 591 875 652 ipse
892 591 917 638 iu
929 589 1040 653 margine
1058 585 1200 645 ιιιιιιιιιιι,
1220 586 1306 633 cetera
1322 578 1400 641 serin-

52 667 88 717 sit
106 665 290 722 ιιιιιιιιιιιιιιε
311 661 364 715 Hic
384 663 479 716 videor
498 665 676 727 hallucinari,
698 669 729 716 ιιι
749 663 777 716 in
794 662 890 733 primis
911 660 1105 717 tentamiuibus
1125 657 1184 712 deri
1205 655 1288 711 solet.
1328 653 1402 708 Nam

50 740 163 795 videtur
182 740 378 797 consideranda
406 744 492 797 virtus
513 743 631 799 Telluris
662 741 794 798 ιηιιοιῑι
823 760 872 796 seu
902 740 1109 797 circumacteria
1128 740 1238 800 eadena
1270 749 1342 807 quse
1371 736 1403 786 ti

51 836 141 892 prope
161 820 299 875 Tellurem
328 829 358 875 et
386 842 402 877 e
430 824 589 896 longinquo.
633 825 725 879 Causa
744 823 830 886 haec,
852 823 917 894 quia
937 821 1021 877 omnis
1043 820 1116 877 erbis
1136 818 1246 873 virtutis
1266 812 1350 884 hujus
1371 812 1401 868 in

50 901 135 957 leina
154 904 289 957 merenda
307 902 379 957 sires
400 921 465 958 suas
486 905 559 960 iutra
579 905 658 959 unius
679 903 732 958 diei
757 904 878 972 spatium
902 903 1053 973 experitur.
1093 901 1132 955 Et
1155 915 1220 952 rere
1240 903 1273 953 ιιι
1296 894 1346 950 lux
1372 893 1425 949 in·

52 981 155 1053 cpticis
175 980 215 1034 sic
233 981 320 1037 virtus
341 983 398 1039 ista
416 985 469 1037 hoc
488 986 550 1039 lece
571 984 714 1056 spargitur
732 1000 783 1053 per
803 984 909 1053 spatia,
939 984 978 1037 sic
997 991 1030 1037 ut
1049 982 1211 1037 tantundem
1230 974 1341 1031 virtut-is
1362 973 1400 1027 sit
1475 968 1483 981 ⁸

51 1063 82 1117 in
102 1063 170 1116 erbe
189 1077 291 1133 magne
312 1065 428 1133 sparsim
448 1074 580 1135 quantum
609 1065 637 1119 in
657 1070 778 1136 angusto
799 1064 944 1120 collectim.
984 1064 1058 1133 Digo
1087 1078 1168 1134 erge:
1198 1058 1241 1113 die
1270 1073 1325 1110 uno
1353 1052 1400 1108 vel

51 1142 141 1214 paule
160 1141 224 1212 plus
255 1143 353 1197 ituram
375 1140 452 1199 5265
473 1146 602 1200 milliaria
622 1144 695 1199 cirea
714 1145 835 1200 Terram.
879 1145 975 1215 ltaque
1004 1150 1091 1197 totum
1122 1140 1252 1195 ambitum
1282 1135 1400 1191 324000

53 1218 115 1290 (sel
135 1222 220 1291 paule
240 1218 342 1289 minus)
363 1224 519 1279 milliarium
539 1226 684 1280 conficeret
709 1225 803 1279 diebus
825 1219 897 1295 61¹1,
921 1233 951 1279 et
971 1224 1083 1278 tetidem
1110 1223 1169 1276 iere
1195 1218 1279 1274 boris.
1320 1212 1403 1283 (Nam

51 1303 135 1358 Luna
147 1318 203 1356 uuo
217 1302 261 1356 die
275 1311 305 1357 et
317 1321 372 1359 uua
386 1305 443 1358 fere
456 1307 527 1360 bora
540 1306 625 1360 sentit
638 1322 742 1360 omnem
757 1306 849 1359 orbem
863 1305 974 1359 virtutis
989 1323 1025 1358 ex
1036 1304 1129 1365 Terra,
1146 1301 1210 1372 quia
1224 1297 1330 1353 interim
1352 1285 1406 1352 12·

54 1382 112 1438 siut
130 1380 321 1455 progressae).
357 1384 461 1456 Nempe
475 1386 571 1442 diebus
592 1386 630 1441 63
651 1392 681 1440 et
701 1403 755 1439 neu
775 1393 806 1440 ιιι
831 1385 858 1439 in
880 1391 961 1441 textu
976 1384 1054 1439 anuis
1078 1379 1122 1446 10,
1144 1379 1317 1436 manentibus
1338 1392 1412 1443 cen·¹

53 1462 204 1517 ditionibus
226 1479 297 1535 qnae
318 1464 345 1518 in
366 1472 457 1520 textu.

144 1549 184 1600 Διι
202 1550 289 1601 rerba:
321 1549 386 1607 „sed
406 1547 565 1619 magnitudo
585 1547 681 1602 Lunae
701 1544 766 1599 uc!
790 1552 918 1616 adscripsit
936 1552 1071 1617 Keplerus:
1100 1542 1204 1598 Eadem
1229 1540 1274 1595 bic
1294 1554 1403 1611 queque

57 1623 231 1697 corrigenda.
274 1626 345 1680 Nam
366 1629 462 1681 Lunae
492 1627 636 1681 densitatis
666 1625 807 1697 proportio
828 1627 862 1678 ad
883 1632 970 1679 tetum
991 1626 1084 1680 orbem
1104 1623 1254 1677 virtuosum
1275 1627 1318 1675 est
1339 1618 1401 1688 ejus

60 1709 134 1774 ”im
155 1704 202 1758 vel
226 1707 270 1776 0,,
291 1706 319 1761 h.
341 1725 365 1762 e.
395 1710 429 1761 ad
456 1708 544 1778 ipsam
574 1707 693 1777 eorporis
714 1706 816 1760 Terrae
837 1706 1000 1760 densitatem
1032 1711 1076 1759 est
1105 1710 1137 1759 ut
1158 1703 1175 1758 2
1197 1705 1231 1756 ad
1254 1700 1299 1756 59.
1341 1700 1404 1755 lien

57 1801 131 1856 quae
154 1780 167 1840 l
191 1785 226 1838 ad
249 1781 324 1841 1770
346 1789 393 1842 sed
415 1803 466 1851 ea,
488 1804 559 1858 quae
581 1788 598 1841 2
620 1789 654 1840 ad
676 1786 714 1841 57
735 1780 782 1853 (de
803 1787 841 1840 59
866 1786 993 1840 detracta
1021 1800 1078 1840 una
1102 1778 1253 1845 tricesima]
1276 1787 1309 1834 ut
1336 1792 1402 1851 psg.

56 1863 142 1936 priori
174 1864 201 1918 in
221 1867 363 1937 margine,
384 1868 436 1922 hec
456 1877 500 1923 est
520 1883 591 1940 quae
615 1862 626 1920 l
651 1868 686 1921 ad
706 1865 797 1938 28¹1„
818 1874 849 1921 et
870 1865 933 1935 quia
954 1865 1171 1938 magnitudinum
1199 1861 1271 1917 ratio
1302 1865 1403 1915 estes

57 1959 131 2016 quae
154 1938 168 1999 1
192 1947 228 1999 ad
248 1943 287 2000 40
307 1947 436 2012 circiter,·
460 1964 528 2019 ergo
549 1949 693 2002 subtracta
713 1947 766 2000 hac
786 1945 963 2016 proportione
983 1943 1147 2017 relinquitur
1167 1941 1307 2014 propertio
1331 1936 1342 1994 l
1367 1939 1402 1992 ad
1435 1934 1439 1945 '

59 2027 131 2094 ”lm
152 2025 205 2079 hoc
225 2032 269 2080 est
290 2027 341 2082 8οι
359 2022 419 2083 tt.
459 2033 550 2099 Atque
580 2028 619 2081 sic
638 2026 755 2082 Lunaris
785 2025 902 2082 materia
930 2027 1015 2096 paulo
1047 2032 1122 2079 esset
1150 2023 1258 2077 densior
1287 2018 1404 2074 metens

56 2105 208 2170 Terrestri‚
227 2107 415 2177 'proportione
435 2124 478 2171 ea,
500 2124 571 2178 quae
591 2104 630 2162 80
650 2110 684 2161 ad
706 2104 752 2171 ir.
773 2108 857 2177 paule
878 2106 982 2176 majore
1004 2123 1084 2177 quam
1105 2105 1139 2160 t:
1161 2102 1193 2166 3,
1222 2112 1253 2156 ut
1273 2102 1295 2154 si
1317 2101 1404 2154 Terra

56 2193 135 2241 esset
153 2193 305 2259 argentea,
326 2187 407 2242 Luna
427 2204 520 2242 aurea.
563 2187 659 2241 Petita
685 2204 750 2240 rere
775 2186 947 2257 aequalitate
968 2184 1127 2247 densitatis,
1158 2191 1224 2238 tnnc
1249 2179 1405 2236 exstruitur

55 2265 274 2339 magnitudinum
295 2269 436 2338 proportio
459 2264 472 2322 l
496 2270 531 2321 ad
551 2267 623 2336 20⁸1,
646 2272 675 2321 et
689 2268 881 2322 diametrorum
901 2267 973 2321 ratio
987 2266 1071 2338 paulo
1087 2264 1174 2334 major
1195 2279 1275 2335 quam
1292 2257 1305 2315 1
1324 2262 1358 2315 sd
1374 2258 1401 2322 3,

55 2362 156 2417 nempe
170 2362 299 2416 eaquae
321 2344 397 2403 1000
419 2350 453 2401 ad
475 2347 559 2403 3050.
589 2348 627 2401 Et
640 2348 705 2419 qnia
717 2347 798 2401 Luna
811 2347 838 2401 in
852 2363 979 2419 apogaee
994 2348 1081 2401 habet
1099 2344 1328 2399 semidiametrum
1345 2335 1401 2404 lb‘,

56 2443 127 2499 erge
155 2428 236 2481 abest
263 2442 282 2480 a
307 2429 385 2481 nobis
413 2428 470 2483 226
497 2427 635 2481 diametris
654 2428 757 2490 Lunae,
779 2442 849 2498 quae
877 2427 980 2481 divisae
1001 2426 1028 2480 in
1050 2426 1127 2482 3056
1148 2432 1177 2477 et
1204 2421 1404 2493 nrultiplicatss

56 2509 95 2571 in,
109 2502 187 2562 1000
206 2509 275 2560 dant
294 2507 332 2561 74
351 2509 419 2572 lere,
441 2510 489 2563 alt.
510 2509 606 2561 Lunae
628 2524 646 2560 a
666 2508 751 2562 Terra
778 2508 806 2560 in
826 2507 1033 2562 semidiametris
1053 2508 1164 2561 Terrae.
1200 2504 1272 2557 Ecce
1294 2500 1404 2572 propin·

57 2586 201 2659 quitatem.
236 2587 310 2640 Male
330 2596 422 2643 antem
437 2588 570 2642 diversam
585 2587 748 2641 densitatem
769 2594 901 2652 statuere,
924 2604 1005 2659 quam
1020 2584 1203 2643 astronomiae
1225 2599 1289 2637 suas
1309 2581 1404 2652 paral·

57 2668 140 2723 laxos
164 2666 322 2722 reformare.

146 2746 245 2802 Jamne
266 2753 297 2802 tu
317 2748 345 2802 in
365 2748 491 2819 margine
512 2749 597 2803 sentis
617 2746 747 2802 Fabrici?
788 2744 881 2802 Sentio
902 2747 1016 2820 inquies.
1057 2750 1097 2801 At
1116 2762 1171 2820 ego
1191 2751 1220 2799 te
1248 2743 1276 2797 in
1296 2746 1404 2795 textum

57 2828 149 2884 redire
164 2827 261 2897 jubeo.
302 2827 363 2882 Non
384 2846 410 2883 n.
440 2835 535 2883 textus
556 2831 604 2883 sed
633 2844 729 2898 margo
750 2827 945 2883 hallucinatur.
987 2830 1101 2892 Quare?
1142 2825 1214 2889 Quia
1242 2823 1293 2877 etsi
1323 2820 1428 2875 unius·

58 2908 113 2964 diei
134 2906 226 2978 spatie
248 2908 333 2963 omnis
348 2909 421 2962 orbis
442 2909 551 2963 virtutis
572 2909 710 2964 terrestris
725 2908 831 2962 Lunam
844 2915 977 2978 permeat,
999 2910 1026 2962 in
1040 2906 1156 2979 singulis
1176 2914 1268 2959 temen
1287 2916 1405 2957 memen-

58 2990 95 3045 tis
116 2986 228 3045 ιιιίιιιι
249 2987 290 3041 illi
311 2988 398 3042 virtus
418 2990 488 3042 baec
509 2989 618 3043 tenuior
638 2993 664 3042 in
685 2987 783 3057 majori
802 2989 961 3043 remotione.
1003 2988 1080 3052 Quod
1101 2993 1134 3041 ιιι
1152 2985 1335 3046 verissimum,
1365 2982 1407 3039 its

57 3085 161 3142 magno
181 3069 320 3122 commodo
340 3085 458 3122 meomm
479 3069 576 3123 Martis
590 3069 849 3123 Commentariorum
870 3069 1008 3124 statuitur.
1044 3068 1115 3123 Nam
1135 3067 1204 3121 idern
1226 3065 1308 3135 plane
1318 3061 1429 3133 juxta·

58 3150 175 3205 estem
202 3163 290 3202 eausa
319 3148 464 3204 densitatis
494 3149 598 3202 tardius
619 3149 750 3202 incitatur
769 3148 817 3201 ubi
837 3150 966 3204 remotior
986 3158 1038 3204 est.
1079 3149 1185 3219 Estque
1205 3145 1289 3216 plane
1309 3136 1413 3198 eaden

58 3227 140 3285 ratio.
176 3227 300 3291 Quilibet
320 3229 394 3283 orbis
414 3229 501 3283 babet
516 3244 619 3283 omnem
640 3229 778 3290 virtutem,
800 3230 848 3281 sed
869 3229 1042 3300 inpartibus
1063 3227 1235 3299 sparsionem.
1267 3225 1307 3279 Et
1326 3221 1406 3295 quill·

58 3311 110 3365 bet
128 3307 188 3363 dies
210 3309 299 3362 habet
318 3326 423 3363 emnem
443 3309 580 3372 virtutem,
602 3308 697 3363 sedin
718 3316 852 3362 momento
874 3310 1046 3380 sparsicrem,
1068 3308 1133 3380 quia
1152 3315 1260 3377 tempus
1280 3301 1406 3359 censistit

58 3392 87 3447 in
106 3390 187 3445 duxu
207 3388 346 3444 instantis.

149 3468 230 3526 Nune
253 3472 365 3524 undem
385 3471 420 3524 ad
440 3474 649 3524 termentum
670 3469 912 3541 Tychenicum.
947 3470 1013 3525 Cum
1034 3473 1248 3524 demonstratum
1269 3463 1314 3528 sit,
1334 3461 1405 3533 lapi·

59 3555 121 3607 dem
141 3549 171 3605 in
190 3550 386 3620 perpendiculo
407 3551 549 3604 cadentem
569 3566 623 3604 nen
643 3551 742 3604 debere
763 3550 838 3604 illam
858 3551 960 3604 lineam
980 3548 1074 3620 egredi
1095 3549 1122 3602 in
1143 3563 1224 3611 οιιιι,
1243 3544 1303 3615 jam
1323 3542 1406 3597 facile

59 3628 209 3704 expeditur
229 3637 260 3683 et
279 3630 379 3700 globus
400 3629 528 3684 tormenti
549 3625 635 3699 (lapis
656 3631 683 3684 in
703 3630 841 3702 obliquum
857 3630 965 3699 jectum
987 3630 1073 3684 nubes
1093 3634 1176 3683 rente
1191 3625 1323 3698 impulsa;
1345 3622 1404 3677 aris

60 3714 88 3769 iu
107 3716 176 3769 stre
196 3705 320 3777 solans).
362 3710 467 3779 Nempe
487 3710 555 3765 illud
574 3727 667 3765 rerum
688 3718 744 3774 est,
766 3713 835 3782 qued
856 3709 948 3764 statim
969 3710 1046 3764 initio
1067 3709 1144 3780 coepi
1165 3709 1268 3770 dicere,
1296 3700 1404 3758 misceri

60 3798 164 3849 metum
183 3794 338 3863 utrumque,
360 3796 390 3844 et
403 3806 464 3845 eum
478 3790 523 3861 qui
545 3808 563 3846 a
583 3792 693 3846 Tellure
714 3797 758 3844 est
777 3791 805 3845 in
818 3792 912 3861 glebo,
933 3797 1043 3845 etcum
1063 3789 1109 3860 qui
1130 3804 1148 3844 a
1166 3791 1311 3843 tormento.
1345 3783 1401 3837 lta·

59 3890 113 3947 qne
133 3876 166 3926 et
185 3871 333 3927 miscentur
353 3870 453 3940 spatia.
494 3870 564 3925 Nam
581 3879 710 3942 respectu
730 3871 816 3925 totius
834 3869 953 3924 universi
973 3870 1056 3940 plane
1077 3870 1139 3940 plus
1160 3868 1242 3939 spatii
1263 3862 1404 3921 conficitur

60 3956 156 4010 eodan
176 3958 313 4021 tempore.
344 3966 403 4004 cum
424 3950 536 4021 globum
557 3952 585 4005 in
605 3960 694 4007 ortum
714 3950 896 4019 ejaculamur.
924 3966 1005 4022 quam
1027 3966 1086 4004 cum
1115 3950 1143 4004 iu
1168 3964 1308 4009 occasum:
1338 3940 1403 4016 qula

60 4034 118 4090 illic
135 4040 170 4087 et
181 4031 271 4087 Terra
290 4030 318 4085 in
338 4037 427 4085 ertum
447 4030 543 4096 tendit,
564 4030 608 4086 bic
620 4032 714 4086 Tellus
728 4033 847 4105 derogat
864 4031 949 4086 metui
969 4030 997 4084 iu
1011 4046 1143 4093 occasum
1163 4030 1276 4083 volvens
1289 4024 1403 4097 globum

60 4114 88 4170 iu
107 4118 209 4169 ertum.
242 4111 300 4166 lmo
312 4127 378 4166 sere
391 4111 475 4180 plane
496 4127 633 4183 nunquam
652 4111 725 4167 ullus
739 4112 839 4183 globus
859 4119 987 4182 respectu
1007 4110 1092 4165 totius
1106 4108 1225 4164 universi
1245 4106 1274 4162 in
1293 4110 1402 4177 portem

60 4191 151 4249 tendit
171 4189 337 4247 centrarium
355 4190 418 4246 riso
438 4191 573 4258 Telluris,
604 4192 669 4265 quia
689 4191 782 4246 Tellus
801 4191 888 4246 multo
908 4198 953 4246 est
971 4190 1086 4245 celerior
1111 4205 1191 4261 quam
1214 4187 1296 4242 ullius
1324 4179 1402 4256 globi

57 4274 162 4344 jisua
203 4271 281 4334 Quod
301 4287 367 4326 rere
387 4270 508 4342 spatium
527 4271 555 4325 in
574 4272 636 4344 ipsa
649 4272 766 4326 Telluris
787 4271 928 4342 superficie
949 4271 1063 4335 attinet,
1085 4286 1144 4325 cum
1158 4270 1297 4343 quiescens
1318 4261 1399 4333 lapis,

62 4350 186 4425 quamvis
206 4350 236 4405 in
249 4356 316 4405 atre
329 4353 458 4422 pendeus.
480 4352 680 4407 demonstratus
701 4351 738 4408 sit
751 4352 833 4423 plane
853 4352 930 4422 sequi
944 4353 1043 4406 debere
1056 4352 1177 4414 Terram,
1199 4346 1305 4403 omnine
1319 4342 1403 4398 etiam

62 4434 162 4489 ssdssn
179 4429 223 4485 ris
243 4446 295 4501 per
315 4431 384 4485 idem
397 4430 515 4485 Telluris
535 4432 654 4503 spatium
675 4439 732 4487 tam
752 4432 781 4486 in
801 4437 887 4487 ertum
911 4448 991 4503 quam
1011 4431 1039 4485 in
1059 4446 1184 4485 eccuum
1204 4425 1324 4497 abripiet
1342 4421 1404 4494 gle-

62 4514 134 4568 bnm.
174 4511 248 4567 Nam
269 4527 428 4583 quacunque
449 4512 561 4582 globum
583 4513 722 4583 impellat,
753 4512 856 4566 invenit
876 4513 988 4566 eandem
1009 4511 1063 4565 rim
1083 4510 1180 4580 lapidis
1210 4502 1403 4564 tmuium.

62 4592 179 4648 eundem
199 4590 283 4645 etiam
304 4591 429 4644 erectum
450 4593 626 4660 promotionis
648 4592 755 4663 lapidis.
797 4591 825 4646 Si
847 4600 937 4645 autem
967 4608 1051 4662 uspra
1071 4606 1149 4644 casus
1174 4586 1273 4658 lapidis
1294 4584 1321 4636 in
1341 4597 1402 4653 per·

62 4671 208 4746 pendicule
222 4671 382 4725 aberrasset
395 4670 563 4726 sensibiliter
581 4689 598 4727 a
618 4690 666 4726 suo
680 4671 880 4743 perpendiculo,
902 4687 969 4726 sane
982 4671 1065 4727 etism
1079 4670 1131 4723 hcc
1143 4669 1229 4729 lieret,
1251 4673 1283 4720 ut
1294 4663 1403 4719 brevius

63 4762 140 4809 esses
158 4751 279 4825 spatium
295 4750 390 4820 jactus
410 4751 439 4805 in
459 4768 677 4824 ecemumquam
697 4752 725 4808 in
744 4759 845 4816 οιιιιιιις
865 4767 919 4806 nen
939 4752 1045 4825 quidem
1065 4751 1100 4805 eb
1120 4746 1403 4818 causamaTyebene

63 4832 238 4907 albgatsm,
266 4833 315 4886 sed
335 4831 371 4884 ob
390 4831 462 4885 hanc
483 4832 584 4902 ipsam,
614 4847 694 4904 quarn
713 4849 769 4905 ego
788 4829 936 4904 diligenter
962 4832 1008 4887 liic
1027 4828 1156 4901 explicui.
1176 4857 1217 4869 -
1235 4832 1427 4885 Dssnuuimus'

61 4906 1068 4979 memwsndc.,tt.0c.tttt,qmmpmemmjm
1090 4900 1424 4987 prassnblrnuspddss·¹
