<?xml version="1.0" encoding="UTF-8"?>
<!DOCTYPE html PUBLIC "-//W3C//DTD XHTML 1.0 Transitional//EN"
    "http://www.w3.org/TR/xhtml1/DTD/xhtml1-transitional.dtd">
<html xmlns="http://www.w3.org/1999/xhtml" xml:lang="en" lang="en">
 <head>
  <title>
</title>
<meta http-equiv="Content-Type" content="text/html;charset=utf-8" />
  <meta name='ocr-system' content='tesseract 3.04.00' />
  <meta name='ocr-capabilities' content='ocr_page ocr_carea ocr_par ocr_line ocrx_word'/>
</head>
<body>
  <div class='ocr_page' id='page_1' title='image "./joanniskepleria05frisgoog/joanniskepleria05frisgoog_0396.png"; bbox 0 0 3368 5534; ppageno 0'>
   <div class='ocr_carea' id='block_1_1' title="bbox 163 336 1152 410">
    <p class='ocr_par' dir='ltr' id='par_1_1' title="bbox 163 336 1152 410">
     <span class='ocr_line' id='line_1_1' title="bbox 163 336 1152 410; baseline 0 -15"><span class='ocrx_word' id='word_1_1' title='bbox 163 336 229 410; x_wconf 70' lang='lat'><strong>394</strong></span> <span class='ocrx_word' id='word_1_2' title='bbox 646 340 687 395; x_wconf 75' lang='lat' dir='ltr'><strong>os</strong></span> <span class='ocrx_word' id='word_1_3' title='bbox 703 338 812 397; x_wconf 72' lang='lat' dir='ltr'><strong>noem»</strong></span> <span class='ocrx_word' id='word_1_4' title='bbox 830 340 923 396; x_wconf 69' lang='lat' dir='ltr'><strong>sana</strong></span> <span class='ocrx_word' id='word_1_5' title='bbox 940 338 1029 396; x_wconf 67' lang='lat' dir='ltr'><strong>use·</strong></span> <span class='ocrx_word' id='word_1_6' title='bbox 1140 362 1152 387; x_wconf 62' lang='grc' dir='ltr'>ι</span> 
     </span>
    </p>
   </div>
   <div class='ocr_carea' id='block_1_2' title="bbox 161 518 1515 781">
    <p class='ocr_par' dir='ltr' id='par_1_2' title="bbox 161 518 1515 781">
     <span class='ocr_line' id='line_1_2' title="bbox 163 518 1514 603; baseline -0.001 -20"><span class='ocrx_word' id='word_1_7' title='bbox 163 522 264 603; x_wconf 86' lang='lat' dir='ltr'><strong>itaque</strong></span> <span class='ocrx_word' id='word_1_8' title='bbox 287 521 324 582; x_wconf 91' lang='lat' dir='ltr'><strong>de</strong></span> <span class='ocrx_word' id='word_1_9' title='bbox 348 519 491 583; x_wconf 82' lang='lat' dir='ltr'>extremis</span> <span class='ocrx_word' id='word_1_10' title='bbox 515 527 545 582; x_wconf 91' lang='lat' dir='ltr'><strong>et</strong></span> <span class='ocrx_word' id='word_1_11' title='bbox 567 520 680 595; x_wconf 89' lang='lat' dir='ltr'><strong>medio,</strong></span> <span class='ocrx_word' id='word_1_12' title='bbox 705 521 782 601; x_wconf 90' lang='lat' dir='ltr'><strong>quod</strong></span> <span class='ocrx_word' id='word_1_13' title='bbox 805 521 863 582; x_wconf 91' lang='lat' dir='ltr'><strong>hoc</strong></span> <span class='ocrx_word' id='word_1_14' title='bbox 886 527 991 601; x_wconf 87' lang='lat' dir='ltr'><strong>paeto,</strong></span> <span class='ocrx_word' id='word_1_15' title='bbox 1016 521 1042 581; x_wconf 92' lang='lat' dir='ltr'><strong>si</strong></span> <span class='ocrx_word' id='word_1_16' title='bbox 1064 519 1235 582; x_wconf 79' lang='lat' dir='ltr'><strong>librationis</strong></span> <span class='ocrx_word' id='word_1_17' title='bbox 1263 521 1414 583; x_wconf 88' lang='lat' dir='ltr'><strong>diameter</strong></span> <span class='ocrx_word' id='word_1_18' title='bbox 1436 518 1514 583; x_wconf 81' lang='lat' dir='ltr'><strong>diri-</strong></span> 
     </span>
     <span class='ocr_line' id='line_1_3' title="bbox 161 607 1515 690; baseline -0.001 -18"><span class='ocrx_word' id='word_1_19' title='bbox 161 611 243 673; x_wconf 91' lang='lat' dir='ltr'><strong>ditur</strong></span> <span class='ocrx_word' id='word_1_20' title='bbox 258 630 277 671; x_wconf 90' lang='lat' dir='ltr'><strong>a</strong></span> <span class='ocrx_word' id='word_1_21' title='bbox 290 611 413 690; x_wconf 86' lang='lat' dir='ltr'><strong>planeta</strong></span> <span class='ocrx_word' id='word_1_22' title='bbox 436 609 465 670; x_wconf 94' lang='lat' dir='ltr'><strong>in</strong></span> <span class='ocrx_word' id='word_1_23' title='bbox 481 610 673 688; x_wconf 81' lang='lat' dir='ltr'><strong>proportione</strong></span> <span class='ocrx_word' id='word_1_24' title='bbox 697 610 815 672; x_wconf 89' lang='lat' dir='ltr'><strong>sinuum</strong></span> <span class='ocrx_word' id='word_1_25' title='bbox 838 628 991 672; x_wconf 90' lang='lat' dir='ltr'><strong>versorum</strong></span> <span class='ocrx_word' id='word_1_26' title='bbox 1011 607 1178 671; x_wconf 80' lang='lat' dir='ltr'><strong>anomaliae</strong></span> <span class='ocrx_word' id='word_1_27' title='bbox 1202 610 1344 685; x_wconf 84' lang='lat' dir='ltr'><strong>eecentri,</strong></span> <span class='ocrx_word' id='word_1_28' title='bbox 1368 610 1515 672; x_wconf 83' lang='lat' dir='ltr'><strong>diameter</strong></span> 
     </span>
     <span class='ocr_line' id='line_1_4' title="bbox 164 697 1411 781; baseline -0.002 -18"><span class='ocrx_word' id='word_1_29' title='bbox 164 698 246 763; x_wconf 86' lang='lat' dir='ltr'><strong>Solis</strong></span> <span class='ocrx_word' id='word_1_30' title='bbox 270 707 414 778; x_wconf 87' lang='lat' dir='ltr'><strong>augeatur</strong></span> <span class='ocrx_word' id='word_1_31' title='bbox 437 700 465 758; x_wconf 91' lang='lat' dir='ltr'><strong>in</strong></span> <span class='ocrx_word' id='word_1_32' title='bbox 489 697 681 778; x_wconf 80' lang='lat' dir='ltr'><strong>proportione</strong></span> <span class='ocrx_word' id='word_1_33' title='bbox 705 700 821 761; x_wconf 86' lang='lat' dir='ltr'><strong>sinuum</strong></span> <span class='ocrx_word' id='word_1_34' title='bbox 844 716 997 761; x_wconf 89' lang='lat' dir='ltr'><strong>versorum</strong></span> <span class='ocrx_word' id='word_1_35' title='bbox 1021 697 1189 760; x_wconf 86' lang='lat' dir='ltr'><strong>anomaliae</strong></span> <span class='ocrx_word' id='word_1_36' title='bbox 1211 708 1411 781; x_wconf 80' lang='lat' dir='ltr'><strong>coaequatae.</strong></span> 
     </span>
    </p>
   </div>
   <div class='ocr_carea' id='block_1_3' title="bbox 163 786 1519 4695">
    <p class='ocr_par' dir='ltr' id='par_1_3' title="bbox 163 786 1518 2826">
     <span class='ocr_line' id='line_1_5' title="bbox 252 786 1515 872; baseline -0.001 -22"><span class='ocrx_word' id='word_1_37' title='bbox 252 788 287 850; x_wconf 91' lang='lat' dir='ltr'><strong>Id</strong></span> <span class='ocrx_word' id='word_1_38' title='bbox 309 788 433 867; x_wconf 88' lang='lat' dir='ltr'><strong>majoris</strong></span> <span class='ocrx_word' id='word_1_39' title='bbox 456 786 625 848; x_wconf 82' lang='lat' dir='ltr'><strong>evidentiae</strong></span> <span class='ocrx_word' id='word_1_40' title='bbox 649 806 742 849; x_wconf 89' lang='lat' dir='ltr'><strong>causa</strong></span> <span class='ocrx_word' id='word_1_41' title='bbox 765 788 857 848; x_wconf 90' lang='lat' dir='ltr'><strong>etiam</strong></span> <span class='ocrx_word' id='word_1_42' title='bbox 876 788 944 849; x_wconf 92' lang='lat' dir='ltr'><strong>hinc</strong></span> <span class='ocrx_word' id='word_1_43' title='bbox 961 794 1099 867; x_wconf 88' lang='lat' dir='ltr'><strong>exparte</strong></span> <span class='ocrx_word' id='word_1_44' title='bbox 1120 794 1216 866; x_wconf 75' lang='lat' dir='ltr'><strong>patet,</strong></span> <span class='ocrx_word' id='word_1_45' title='bbox 1257 788 1515 872; x_wconf 68' lang='lat' dir='ltr'><strong>Erigatorresao</strong></span> 
     </span>
     <span class='ocr_line' id='line_1_6' title="bbox 163 874 1517 958; baseline 0 -18"><span class='ocrx_word' id='word_1_46' title='bbox 163 876 219 940; x_wconf 89' lang='lat' dir='ltr'><strong>BL</strong></span> <span class='ocrx_word' id='word_1_47' title='bbox 244 881 309 950; x_wconf 72' lang='lat' dir='ltr'><strong>(rig.</strong></span> <span class='ocrx_word' id='word_1_48' title='bbox 333 882 392 946; x_wconf 87' lang='lat' dir='ltr'><strong>tlt)</strong></span> <span class='ocrx_word' id='word_1_49' title='bbox 415 895 454 938; x_wconf 79' lang='lat' dir='ltr'><strong>ea·</strong></span> <span class='ocrx_word' id='word_1_50' title='bbox 475 877 501 938; x_wconf 92' lang='lat' dir='ltr'>B</span> <span class='ocrx_word' id='word_1_51' title='bbox 524 877 590 958; x_wconf 82' lang='lat' dir='ltr'><strong>ipsi</strong></span> <span class='ocrx_word' id='word_1_52' title='bbox 613 874 664 938; x_wconf 84' lang='lat' dir='ltr'><strong>CF</strong></span> <span class='ocrx_word' id='word_1_53' title='bbox 687 877 732 940; x_wconf 78' lang='lat' dir='ltr'><strong>ad</strong></span> <span class='ocrx_word' id='word_1_54' title='bbox 761 874 1040 958; x_wconf 74' lang='lat' dir='ltr'><strong>perpendiculum:</strong></span> <span class='ocrx_word' id='word_1_55' title='bbox 1068 883 1097 939; x_wconf 79' lang='lat' dir='ltr'><strong>et</strong></span> <span class='ocrx_word' id='word_1_56' title='bbox 1124 883 1229 940; x_wconf 72' lang='lat' dir='ltr'><strong>cerum</strong></span> <span class='ocrx_word' id='word_1_57' title='bbox 1250 878 1297 952; x_wconf 99' lang='lat' dir='ltr'><strong>A,</strong></span> <span class='ocrx_word' id='word_1_58' title='bbox 1330 878 1517 940; x_wconf 64' lang='lat' dir='ltr'><strong>ammte</strong></span> 
     </span>
     <span class='ocr_line' id='line_1_7' title="bbox 164 963 1515 1051; baseline -0.002 -21"><span class='ocrx_word' id='word_1_59' title='bbox 164 963 293 1051; x_wconf 82' lang='lat' dir='ltr'><strong>aequali</strong></span> <span class='ocrx_word' id='word_1_60' title='bbox 322 965 386 1047; x_wconf 80' lang='lat' dir='ltr'><strong>ipsi</strong></span> <span class='ocrx_word' id='word_1_61' title='bbox 407 963 462 1028; x_wconf 83' lang='grc' dir='ltr'><strong>ΒΟ</strong></span> <span class='ocrx_word' id='word_1_62' title='bbox 491 966 650 1028; x_wconf 79' lang='lat' dir='ltr'><strong>scribatur</strong></span> <span class='ocrx_word' id='word_1_63' title='bbox 681 984 792 1039; x_wconf 73' lang='lat' dir='ltr'><strong>orcae,</strong></span> <span class='ocrx_word' id='word_1_64' title='bbox 825 984 936 1028; x_wconf 78' lang='lat' dir='ltr'><strong>aecana</strong></span> <span class='ocrx_word' id='word_1_65' title='bbox 956 964 1010 1027; x_wconf 92' lang='lat' dir='ltr'><strong>BL</strong></span> <span class='ocrx_word' id='word_1_66' title='bbox 1037 966 1074 1028; x_wconf 79' lang='lat' dir='ltr'><strong>in</strong></span> <span class='ocrx_word' id='word_1_67' title='bbox 1094 964 1140 1026; x_wconf 81' lang='lat' dir='ltr'><strong>L:</strong></span> <span class='ocrx_word' id='word_1_68' title='bbox 1170 972 1200 1028; x_wconf 85' lang='lat' dir='ltr'><strong>et</strong></span> <span class='ocrx_word' id='word_1_69' title='bbox 1225 963 1430 1030; x_wconf 63' lang='lat' dir='ltr'><strong>mettas</strong></span> <span class='ocrx_word' id='word_1_70' title='bbox 1451 964 1515 1027; x_wconf 86' lang='lat' dir='ltr'><strong>AL</strong></span> 
     </span>
     <span class='ocr_line' id='line_1_8' title="bbox 167 1048 1517 1136; baseline -0.001 -17"><span class='ocrx_word' id='word_1_71' title='bbox 167 1055 248 1119; x_wconf 72' lang='lat' dir='ltr'><strong>Gom</strong></span> <span class='ocrx_word' id='word_1_72' title='bbox 270 1072 342 1136; x_wconf 72' lang='lat' dir='ltr'><strong>erpo</strong></span> <span class='ocrx_word' id='word_1_73' title='bbox 364 1054 408 1115; x_wconf 79' lang='lat' dir='ltr'><strong>sit</strong></span> <span class='ocrx_word' id='word_1_74' title='bbox 429 1052 592 1116; x_wconf 78' lang='lat' dir='ltr'><strong>arwmaiia</strong></span> <span class='ocrx_word' id='word_1_75' title='bbox 613 1053 748 1117; x_wconf 71' lang='lat' dir='ltr'><strong>escensa·</strong></span> <span class='ocrx_word' id='word_1_76' title='bbox 771 1052 852 1116; x_wconf 84' lang='lat' dir='ltr'><strong>CBL</strong></span> <span class='ocrx_word' id='word_1_77' title='bbox 875 1048 943 1128; x_wconf 87' lang='lat'>90⁰,</span> <span class='ocrx_word' id='word_1_78' title='bbox 968 1053 1029 1114; x_wconf 69' lang='lat' dir='ltr'><strong>erit</strong></span> <span class='ocrx_word' id='word_1_79' title='bbox 1048 1054 1139 1117; x_wconf 76' lang='lat' dir='ltr'><strong>aicae</strong></span> <span class='ocrx_word' id='word_1_80' title='bbox 1163 1074 1273 1119; x_wconf 72' lang='lat' dir='ltr'><strong>term</strong></span> <span class='ocrx_word' id='word_1_81' title='bbox 1295 1054 1348 1119; x_wconf 82' lang='grc' dir='ltr'><strong>ΟΒ</strong></span> <span class='ocrx_word' id='word_1_82' title='bbox 1377 1050 1517 1127; x_wconf 66' lang='grc' dir='ltr'><strong>ΝΟΜ),</strong></span> 
     </span>
     <span class='ocr_line' id='line_1_9' title="bbox 165 1141 1516 1223; baseline 0.001 -17"><span class='ocrx_word' id='word_1_83' title='bbox 165 1141 337 1207; x_wconf 82' lang='lat' dir='ltr'><strong>dimidium</strong></span> <span class='ocrx_word' id='word_1_84' title='bbox 359 1143 454 1205; x_wconf 82' lang='lat' dir='ltr'><strong>totius</strong></span> <span class='ocrx_word' id='word_1_85' title='bbox 476 1143 626 1205; x_wconf 81' lang='lat' dir='ltr'><strong>diametri</strong></span> <span class='ocrx_word' id='word_1_86' title='bbox 632 1165 645 1217; x_wconf 91' lang='lat'><strong>,·</strong></span> <span class='ocrx_word' id='word_1_87' title='bbox 668 1162 766 1223; x_wconf 78' lang='lat' dir='ltr'><strong>quare</strong></span> <span class='ocrx_word' id='word_1_88' title='bbox 789 1150 818 1206; x_wconf 84' lang='lat' dir='ltr'><strong>et</strong></span> <span class='ocrx_word' id='word_1_89' title='bbox 839 1142 966 1206; x_wconf 79' lang='lat' dir='ltr'><strong>libratio</strong></span> <span class='ocrx_word' id='word_1_90' title='bbox 985 1142 1024 1221; x_wconf 70' lang='grc' dir='ltr'><strong>νβ</strong></span> <span class='ocrx_word' id='word_1_91' title='bbox 1039 1147 1105 1216; x_wconf 73' lang='lat' dir='ltr'><strong>(rig.</strong></span> <span class='ocrx_word' id='word_1_92' title='bbox 1127 1147 1190 1212; x_wconf 84' lang='lat' dir='ltr'><strong>tlt)</strong></span> <span class='ocrx_word' id='word_1_93' title='bbox 1224 1144 1399 1207; x_wconf 78' lang='lat' dir='ltr'><strong>dimidiam</strong></span> <span class='ocrx_word' id='word_1_94' title='bbox 1419 1142 1516 1206; x_wconf 65' lang='lat' dir='ltr'><strong>mass</strong></span> 
     </span>
     <span class='ocr_line' id='line_1_10' title="bbox 164 1229 1517 1313; baseline -0.001 -19"><span class='ocrx_word' id='word_1_95' title='bbox 164 1229 214 1311; x_wconf 70' lang='grc' dir='ltr'><strong>γζ,</strong></span> <span class='ocrx_word' id='word_1_96' title='bbox 240 1238 269 1294; x_wconf 81' lang='lat' dir='ltr'><strong>ct</strong></span> <span class='ocrx_word' id='word_1_97' title='bbox 288 1231 424 1312; x_wconf 77' lang='lat' dir='ltr'><strong>proinde</strong></span> <span class='ocrx_word' id='word_1_98' title='bbox 453 1231 608 1294; x_wconf 71' lang='lat' dir='ltr'><strong>distentio</strong></span> <span class='ocrx_word' id='word_1_99' title='bbox 637 1233 696 1294; x_wconf 83' lang='lat' dir='ltr'><strong>crit</strong></span> <span class='ocrx_word' id='word_1_100' title='bbox 718 1233 771 1308; x_wconf 87' lang='grc' dir='ltr'><strong>βα.</strong></span> <span class='ocrx_word' id='word_1_101' title='bbox 817 1231 864 1295; x_wconf 80' lang='grc' dir='ltr'><strong>Εἰ</strong></span> <span class='ocrx_word' id='word_1_102' title='bbox 885 1251 957 1293; x_wconf 85' lang='lat' dir='ltr'><strong>cero</strong></span> <span class='ocrx_word' id='word_1_103' title='bbox 987 1229 1131 1313; x_wconf 74' lang='lat' dir='ltr'><strong>oeqrsolia</strong></span> <span class='ocrx_word' id='word_1_104' title='bbox 1152 1240 1199 1294; x_wconf 85' lang='lat' dir='ltr'><strong>est</strong></span> <span class='ocrx_word' id='word_1_105' title='bbox 1219 1252 1260 1295; x_wconf 78' lang='lat' dir='ltr'><strong>ecc</strong></span> <span class='ocrx_word' id='word_1_106' title='bbox 1289 1234 1517 1296; x_wconf 67' lang='lat' dir='ltr'><strong>ematosa</strong></span> 
     </span>
     <span class='ocr_line' id='line_1_11' title="bbox 164 1318 1515 1404; baseline -0.001 -20"><span class='ocrx_word' id='word_1_107' title='bbox 164 1320 232 1394; x_wconf 87' lang='lat' dir='ltr'><strong>AL,</strong></span> <span class='ocrx_word' id='word_1_108' title='bbox 255 1339 353 1402; x_wconf 76' lang='lat' dir='ltr'><strong>quare</strong></span> <span class='ocrx_word' id='word_1_109' title='bbox 373 1318 503 1401; x_wconf 65' lang='lat' dir='ltr'><strong>planae</strong></span> <span class='ocrx_word' id='word_1_110' title='bbox 525 1322 586 1383; x_wconf 79' lang='lat' dir='ltr'><strong>erit</strong></span> <span class='ocrx_word' id='word_1_111' title='bbox 607 1321 643 1382; x_wconf 78' lang='lat' dir='ltr'><strong>in</strong></span> <span class='ocrx_word' id='word_1_112' title='bbox 665 1321 700 1382; x_wconf 89' lang='lat' dir='ltr'><strong>L.</strong></span> <span class='ocrx_word' id='word_1_113' title='bbox 738 1321 785 1384; x_wconf 83' lang='lat' dir='ltr'><strong>Et</strong></span> <span class='ocrx_word' id='word_1_114' title='bbox 807 1321 883 1403; x_wconf 76' lang='lat' dir='ltr'><strong>quic</strong></span> <span class='ocrx_word' id='word_1_115' title='bbox 904 1321 970 1401; x_wconf 77' lang='lat' dir='ltr'><strong>ipsi</strong></span> <span class='ocrx_word' id='word_1_116' title='bbox 987 1319 1041 1383; x_wconf 84' lang='lat' dir='ltr'><strong>Bc</strong></span> <span class='ocrx_word' id='word_1_117' title='bbox 1063 1318 1111 1383; x_wconf 81' lang='lat' dir='ltr'><strong>uei</strong></span> <span class='ocrx_word' id='word_1_118' title='bbox 1125 1319 1186 1382; x_wconf 83' lang='grc' dir='ltr'><strong>ΒΜ</strong></span> <span class='ocrx_word' id='word_1_119' title='bbox 1209 1320 1358 1404; x_wconf 79' lang='lat' dir='ltr'><strong>aequalia</strong></span> <span class='ocrx_word' id='word_1_120' title='bbox 1380 1328 1428 1384; x_wconf 81' lang='lat' dir='ltr'><strong>eat</strong></span> <span class='ocrx_word' id='word_1_121' title='bbox 1450 1320 1515 1394; x_wconf 70' lang='lat' dir='ltr'><strong>at,</strong></span> 
     </span>
     <span class='ocr_line' id='line_1_12' title="bbox 165 1408 1515 1493; baseline -0.001 -20"><span class='ocrx_word' id='word_1_122' title='bbox 165 1418 194 1473; x_wconf 87' lang='lat' dir='ltr'><strong>et</strong></span> <span class='ocrx_word' id='word_1_123' title='bbox 215 1410 272 1472; x_wconf 87' lang='lat' dir='ltr'><strong>BA</strong></span> <span class='ocrx_word' id='word_1_124' title='bbox 295 1429 456 1472; x_wconf 77' lang='lat' dir='ltr'><strong>eornmcne</strong></span> <span class='ocrx_word' id='word_1_125' title='bbox 478 1408 564 1472; x_wconf 70' lang='lat' dir='ltr'><strong>tacu</strong></span> <span class='ocrx_word' id='word_1_126' title='bbox 586 1417 616 1472; x_wconf 86' lang='lat' dir='ltr'><strong>et</strong></span> <span class='ocrx_word' id='word_1_127' title='bbox 637 1409 719 1471; x_wconf 88' lang='lat' dir='ltr'><strong>LBA</strong></span> <span class='ocrx_word' id='word_1_128' title='bbox 743 1417 855 1483; x_wconf 75' lang='lat' dir='ltr'><strong>reciae,</strong></span> <span class='ocrx_word' id='word_1_129' title='bbox 879 1417 915 1471; x_wconf 84' lang='lat' dir='ltr'><strong>at</strong></span> <span class='ocrx_word' id='word_1_130' title='bbox 937 1415 966 1471; x_wconf 80' lang='lat' dir='ltr'><strong>ei</strong></span> <span class='ocrx_word' id='word_1_131' title='bbox 981 1409 1088 1472; x_wconf 86' lang='lat' dir='ltr'>MAB:</span> <span class='ocrx_word' id='word_1_132' title='bbox 1112 1408 1278 1493; x_wconf 74' lang='lat' dir='ltr'><strong>triangula</strong></span> <span class='ocrx_word' id='word_1_133' title='bbox 1300 1410 1515 1493; x_wconf 66' lang='lat' dir='ltr'><strong>ipitaerlA,</strong></span> 
     </span>
     <span class='ocr_line' id='line_1_13' title="bbox 164 1496 1518 1583; baseline -0.001 -21"><span class='ocrx_word' id='word_1_134' title='bbox 164 1499 249 1562; x_wconf 89' lang='lat' dir='ltr'><strong>ALB</strong></span> <span class='ocrx_word' id='word_1_135' title='bbox 282 1505 464 1582; x_wconf 66' lang='lat' dir='ltr'><strong>congrum.</strong></span> <span class='ocrx_word' id='word_1_136' title='bbox 510 1499 622 1580; x_wconf 80' lang='lat' dir='ltr'><strong>Itaque</strong></span> <span class='ocrx_word' id='word_1_137' title='bbox 649 1499 714 1580; x_wconf 75' lang='lat' dir='ltr'><strong>ipsi</strong></span> <span class='ocrx_word' id='word_1_138' title='bbox 735 1498 800 1559; x_wconf 86' lang='lat' dir='ltr'><strong>AM</strong></span> <span class='ocrx_word' id='word_1_139' title='bbox 828 1497 973 1580; x_wconf 76' lang='lat' dir='ltr'><strong>aequalia</strong></span> <span class='ocrx_word' id='word_1_140' title='bbox 1002 1504 1047 1562; x_wconf 74' lang='lat' dir='ltr'><strong>est</strong></span> <span class='ocrx_word' id='word_1_141' title='bbox 1069 1497 1133 1559; x_wconf 88' lang='lat' dir='ltr'><strong>BL.</strong></span> <span class='ocrx_word' id='word_1_142' title='bbox 1180 1496 1247 1561; x_wconf 75' lang='lat' dir='ltr'><strong>Sed</strong></span> <span class='ocrx_word' id='word_1_143' title='bbox 1268 1500 1334 1562; x_wconf 79' lang='lat' dir='ltr'><strong>AM</strong></span> <span class='ocrx_word' id='word_1_144' title='bbox 1364 1507 1518 1583; x_wconf 67' lang='lat' dir='ltr'><strong>aequm</strong></span> 
     </span>
     <span class='ocr_line' id='line_1_14' title="bbox 166 1585 1516 1673; baseline -0.004 -21"><span class='ocrx_word' id='word_1_145' title='bbox 166 1589 232 1673; x_wconf 81' lang='lat' dir='ltr'><strong>iptt’</strong></span> <span class='ocrx_word' id='word_1_146' title='bbox 254 1609 294 1650; x_wconf 75' lang='lat' dir='ltr'><strong>or</strong></span> <span class='ocrx_word' id='word_1_147' title='bbox 322 1596 357 1650; x_wconf 82' lang='lat' dir='ltr'><strong>ott</strong></span> <span class='ocrx_word' id='word_1_148' title='bbox 384 1608 503 1671; x_wconf 83' lang='lat' dir='ltr'><strong>supra,</strong></span> <span class='ocrx_word' id='word_1_149' title='bbox 535 1604 607 1670; x_wconf 73' lang='lat' dir='ltr'><strong>erpo</strong></span> <span class='ocrx_word' id='word_1_150' title='bbox 637 1595 667 1649; x_wconf 86' lang='lat' dir='ltr'><strong>ct</strong></span> <span class='ocrx_word' id='word_1_151' title='bbox 688 1586 751 1649; x_wconf 87' lang='lat' dir='ltr'><strong>BL.</strong></span> <span class='ocrx_word' id='word_1_152' title='bbox 799 1585 866 1649; x_wconf 82' lang='lat' dir='ltr'><strong>Sed</strong></span> <span class='ocrx_word' id='word_1_153' title='bbox 894 1609 943 1662; x_wconf 74' lang='lat' dir='ltr'><strong>es,</strong></span> <span class='ocrx_word' id='word_1_154' title='bbox 976 1586 1096 1649; x_wconf 81' lang='lat' dir='ltr'><strong>scilicet</strong></span> <span class='ocrx_word' id='word_1_155' title='bbox 1124 1594 1294 1668; x_wconf 74' lang='lat' dir='ltr'><strong>praetem</strong></span> <span class='ocrx_word' id='word_1_156' title='bbox 1322 1595 1410 1652; x_wconf 79' lang='lat' dir='ltr'><strong>recto</strong></span> <span class='ocrx_word' id='word_1_157' title='bbox 1442 1607 1516 1661; x_wconf 76' lang='lat' dir='ltr'><strong>uos,</strong></span> 
     </span>
     <span class='ocr_line' id='line_1_15' title="bbox 165 1674 1518 1760; baseline 0 -20"><span class='ocrx_word' id='word_1_158' title='bbox 165 1676 292 1759; x_wconf 62' lang='lat' dir='ltr'><strong>longior</strong></span> <span class='ocrx_word' id='word_1_159' title='bbox 312 1684 359 1740; x_wconf 83' lang='lat' dir='ltr'><strong>esi</strong></span> <span class='ocrx_word' id='word_1_160' title='bbox 380 1696 476 1758; x_wconf 62' lang='lat' dir='ltr'><strong>ptam</strong></span> <span class='ocrx_word' id='word_1_161' title='bbox 498 1698 554 1750; x_wconf 81' lang='lat' dir='ltr'><strong>eo,</strong></span> <span class='ocrx_word' id='word_1_162' title='bbox 579 1680 724 1739; x_wconf 74' lang='lat' dir='ltr'><strong>saltem</strong></span> <span class='ocrx_word' id='word_1_163' title='bbox 746 1685 838 1739; x_wconf 78' lang='lat' dir='ltr'><strong>acuto</strong></span> <span class='ocrx_word' id='word_1_164' title='bbox 861 1698 943 1751; x_wconf 78' lang='lat' dir='ltr'><strong>cro,</strong></span> <span class='ocrx_word' id='word_1_165' title='bbox 973 1696 1048 1757; x_wconf 75' lang='lat' dir='ltr'><strong>erpo</strong></span> <span class='ocrx_word' id='word_1_166' title='bbox 1077 1683 1106 1739; x_wconf 78' lang='lat' dir='ltr'><strong>et</strong></span> <span class='ocrx_word' id='word_1_167' title='bbox 1127 1676 1181 1738; x_wconf 94' lang='lat' dir='ltr'><strong>BL</strong></span> <span class='ocrx_word' id='word_1_168' title='bbox 1207 1674 1331 1760; x_wconf 72' lang='lat' dir='ltr'><strong>longior</strong></span> <span class='ocrx_word' id='word_1_169' title='bbox 1357 1683 1405 1741; x_wconf 74' lang='lat' dir='ltr'><strong>eti</strong></span> <span class='ocrx_word' id='word_1_170' title='bbox 1426 1695 1518 1759; x_wconf 71' lang='lat' dir='ltr'><strong>qum</strong></span> 
     </span>
     <span class='ocr_line' id='line_1_16' title="bbox 167 1762 1516 1849; baseline -0.004 -21"><span class='ocrx_word' id='word_1_171' title='bbox 167 1788 223 1840; x_wconf 84' lang='lat' dir='ltr'><strong>ao,</strong></span> <span class='ocrx_word' id='word_1_172' title='bbox 247 1774 277 1829; x_wconf 86' lang='lat' dir='ltr'><strong>et</strong></span> <span class='ocrx_word' id='word_1_173' title='bbox 298 1764 356 1827; x_wconf 88' lang='lat' dir='ltr'><strong>AL</strong></span> <span class='ocrx_word' id='word_1_174' title='bbox 386 1765 510 1848; x_wconf 70' lang='lat' dir='ltr'><strong>longior</strong></span> <span class='ocrx_word' id='word_1_175' title='bbox 542 1771 588 1827; x_wconf 82' lang='lat' dir='ltr'><strong>est</strong></span> <span class='ocrx_word' id='word_1_176' title='bbox 615 1786 710 1848; x_wconf 80' lang='lat' dir='ltr'><strong>qaum</strong></span> <span class='ocrx_word' id='word_1_177' title='bbox 738 1765 810 1839; x_wconf 91' lang='lat' dir='ltr'><strong>BL,</strong></span> <span class='ocrx_word' id='word_1_178' title='bbox 847 1763 945 1827; x_wconf 77' lang='lat' dir='ltr'><strong>molto</strong></span> <span class='ocrx_word' id='word_1_179' title='bbox 981 1766 1082 1846; x_wconf 76' lang='lat' dir='ltr'><strong>igitur</strong></span> <span class='ocrx_word' id='word_1_180' title='bbox 1116 1762 1240 1847; x_wconf 65' lang='lat' dir='ltr'><strong>longior</strong></span> <span class='ocrx_word' id='word_1_181' title='bbox 1263 1765 1322 1829; x_wconf 87' lang='lat' dir='ltr'><strong>AL</strong></span> <span class='ocrx_word' id='word_1_182' title='bbox 1351 1786 1450 1849; x_wconf 74' lang='lat' dir='ltr'><strong>qaam</strong></span> <span class='ocrx_word' id='word_1_183' title='bbox 1471 1785 1516 1826; x_wconf 82' lang='lat' dir='ltr'><strong>eo.</strong></span> 
     </span>
     <span class='ocr_line' id='line_1_17' title="bbox 168 1853 1516 1936; baseline 0 -18"><span class='ocrx_word' id='word_1_184' title='bbox 168 1854 280 1918; x_wconf 78' lang='lat' dir='ltr'><strong>Minor</strong></span> <span class='ocrx_word' id='word_1_185' title='bbox 302 1874 374 1936; x_wconf 74' lang='lat' dir='ltr'><strong>ergo</strong></span> <span class='ocrx_word' id='word_1_186' title='bbox 397 1857 523 1918; x_wconf 80' lang='lat' dir='ltr'><strong>videtur</strong></span> <span class='ocrx_word' id='word_1_187' title='bbox 537 1853 596 1916; x_wconf 71' lang='lat' dir='ltr'><strong>sot</strong></span> <span class='ocrx_word' id='word_1_188' title='bbox 616 1858 651 1917; x_wconf 85' lang='lat' dir='ltr'><strong>in</strong></span> <span class='ocrx_word' id='word_1_189' title='bbox 674 1854 827 1917; x_wconf 82' lang='lat' dir='ltr'><strong>distantia</strong></span> <span class='ocrx_word' id='word_1_190' title='bbox 842 1854 909 1928; x_wconf 88' lang='lat' dir='ltr'><strong>AL,</strong></span> <span class='ocrx_word' id='word_1_191' title='bbox 934 1873 1028 1935; x_wconf 59' lang='lat' dir='ltr'><strong>wem</strong></span> <span class='ocrx_word' id='word_1_192' title='bbox 1050 1856 1085 1916; x_wconf 84' lang='lat' dir='ltr'><strong>io</strong></span> <span class='ocrx_word' id='word_1_193' title='bbox 1107 1853 1263 1917; x_wconf 64' lang='lat' dir='ltr'><strong>dinastia</strong></span> <span class='ocrx_word' id='word_1_194' title='bbox 1279 1876 1336 1917; x_wconf 80' lang='lat' dir='ltr'><strong>eo.</strong></span> <span class='ocrx_word' id='word_1_195' title='bbox 1376 1855 1516 1918; x_wconf 66' lang='lat' dir='ltr'><strong>Decas-</strong></span> 
     </span>
     <span class='ocr_line' id='line_1_18' title="bbox 166 1942 1517 2025; baseline -0.001 -18"><span class='ocrx_word' id='word_1_196' title='bbox 166 1947 216 2008; x_wconf 84' lang='lat' dir='ltr'><strong>tiu</strong></span> <span class='ocrx_word' id='word_1_197' title='bbox 237 1963 308 2006; x_wconf 66' lang='lat' dir='ltr'><strong>atero</strong></span> <span class='ocrx_word' id='word_1_198' title='bbox 332 1965 375 2003; x_wconf 86' lang='lat' dir='ltr'><strong>oo</strong></span> <span class='ocrx_word' id='word_1_199' title='bbox 402 1946 469 2025; x_wconf 72' lang='lat' dir='ltr'><strong>iam</strong></span> <span class='ocrx_word' id='word_1_200' title='bbox 499 1944 591 2006; x_wconf 84' lang='lat' dir='ltr'><strong>modo</strong></span> <span class='ocrx_word' id='word_1_201' title='bbox 622 1944 788 2006; x_wconf 79' lang='lat' dir='ltr'><strong>uidebatar</strong></span> <span class='ocrx_word' id='word_1_202' title='bbox 817 1943 942 2006; x_wconf 77' lang='lat' dir='ltr'><strong>aredius</strong></span> <span class='ocrx_word' id='word_1_203' title='bbox 971 1944 1055 2006; x_wconf 81' lang='lat' dir='ltr'><strong>inter</strong></span> <span class='ocrx_word' id='word_1_204' title='bbox 1088 1942 1262 2007; x_wconf 63' lang='lat' dir='ltr'><strong>mesticium</strong></span> <span class='ocrx_word' id='word_1_205' title='bbox 1283 1952 1313 2007; x_wconf 81' lang='lat' dir='ltr'><strong>et</strong></span> <span class='ocrx_word' id='word_1_206' title='bbox 1333 1945 1517 2007; x_wconf 57' lang='lat' dir='ltr'><strong>neuim:</strong></span> 
     </span>
     <span class='ocr_line' id='line_1_19' title="bbox 167 2030 1516 2116; baseline -0.001 -22"><span class='ocrx_word' id='word_1_207' title='bbox 167 2052 267 2116; x_wconf 79' lang='lat' dir='ltr'><strong>quare</strong></span> <span class='ocrx_word' id='word_1_208' title='bbox 289 2033 324 2095; x_wconf 81' lang='lat' dir='ltr'><strong>irs</strong></span> <span class='ocrx_word' id='word_1_209' title='bbox 347 2032 501 2095; x_wconf 73' lang='lat' dir='ltr'><strong>distantia</strong></span> <span class='ocrx_word' id='word_1_210' title='bbox 524 2034 581 2095; x_wconf 87' lang='lat' dir='ltr'><strong>AL</strong></span> <span class='ocrx_word' id='word_1_211' title='bbox 604 2041 737 2116; x_wconf 81' lang='lat' dir='ltr'><strong>apparet</strong></span> <span class='ocrx_word' id='word_1_212' title='bbox 760 2030 819 2095; x_wconf 77' lang='lat' dir='ltr'><strong>sot</strong></span> <span class='ocrx_word' id='word_1_213' title='bbox 840 2033 944 2096; x_wconf 81' lang='lat' dir='ltr'><strong>minor</strong></span> <span class='ocrx_word' id='word_1_214' title='bbox 964 2033 1078 2095; x_wconf 85' lang='lat' dir='ltr'><strong>medio.</strong></span> <span class='ocrx_word' id='word_1_215' title='bbox 1117 2032 1150 2093; x_wconf 94' lang='lat' dir='ltr'><strong>lu</strong></span> <span class='ocrx_word' id='word_1_216' title='bbox 1172 2032 1200 2094; x_wconf 91' lang='lat' dir='ltr'>L</span> <span class='ocrx_word' id='word_1_217' title='bbox 1222 2030 1322 2112; x_wconf 83' lang='lat' dir='ltr'><strong>igitur,</strong></span> <span class='ocrx_word' id='word_1_218' title='bbox 1347 2031 1407 2095; x_wconf 88' lang='lat' dir='ltr'><strong>etsi</strong></span> <span class='ocrx_word' id='word_1_219' title='bbox 1430 2031 1516 2094; x_wconf 90' lang='lat' dir='ltr'><strong>dimi-</strong></span> 
     </span>
     <span class='ocr_line' id='line_1_20' title="bbox 166 2120 1516 2195; baseline -0.001 -10"><span class='ocrx_word' id='word_1_220' title='bbox 166 2122 248 2185; x_wconf 88' lang='lat' dir='ltr'><strong>dium</strong></span> <span class='ocrx_word' id='word_1_221' title='bbox 272 2120 309 2181; x_wconf 89' lang='lat' dir='ltr'><strong>de</strong></span> <span class='ocrx_word' id='word_1_222' title='bbox 333 2121 520 2184; x_wconf 79' lang='lat' dir='ltr'><strong>semicirculo</strong></span> <span class='ocrx_word' id='word_1_223' title='bbox 552 2122 711 2185; x_wconf 87' lang='lat' dir='ltr'><strong>eccentrici</strong></span> <span class='ocrx_word' id='word_1_224' title='bbox 733 2130 783 2183; x_wconf 89' lang='lat' dir='ltr'><strong>est</strong></span> <span class='ocrx_word' id='word_1_225' title='bbox 804 2120 989 2195; x_wconf 90' lang='lat' dir='ltr'><strong>absolutum,</strong></span> <span class='ocrx_word' id='word_1_226' title='bbox 1023 2128 1123 2183; x_wconf 90' lang='lat' dir='ltr'><strong>tamen</strong></span> <span class='ocrx_word' id='word_1_227' title='bbox 1147 2122 1244 2183; x_wconf 90' lang='lat' dir='ltr'><strong>miuus</strong></span> <span class='ocrx_word' id='word_1_228' title='bbox 1271 2120 1397 2184; x_wconf 87' lang='lat' dir='ltr'><strong>dimidio</strong></span> <span class='ocrx_word' id='word_1_229' title='bbox 1420 2121 1516 2183; x_wconf 81' lang='lat' dir='ltr'><strong>incre·</strong></span> 
     </span>
     <span class='ocr_line' id='line_1_21' title="bbox 168 2207 1517 2290; baseline -0.002 -17"><span class='ocrx_word' id='word_1_230' title='bbox 168 2210 261 2273; x_wconf 87' lang='lat' dir='ltr'><strong>menti</strong></span> <span class='ocrx_word' id='word_1_231' title='bbox 284 2209 414 2272; x_wconf 86' lang='lat' dir='ltr'><strong>accessit</strong></span> <span class='ocrx_word' id='word_1_232' title='bbox 437 2210 584 2273; x_wconf 83' lang='lat' dir='ltr'><strong>diametro</strong></span> <span class='ocrx_word' id='word_1_233' title='bbox 598 2209 692 2273; x_wconf 74' lang='lat' dir='ltr'><strong>Soliss</strong></span> <span class='ocrx_word' id='word_1_234' title='bbox 733 2209 812 2272; x_wconf 90' lang='lat' dir='ltr'><strong>Sane</strong></span> <span class='ocrx_word' id='word_1_235' title='bbox 832 2211 901 2290; x_wconf 87' lang='lat' dir='ltr'><strong>quia</strong></span> <span class='ocrx_word' id='word_1_236' title='bbox 916 2218 948 2272; x_wconf 90' lang='lat' dir='ltr'><strong>et</strong></span> <span class='ocrx_word' id='word_1_237' title='bbox 962 2210 1113 2272; x_wconf 86' lang='lat' dir='ltr'><strong>anomalia</strong></span> <span class='ocrx_word' id='word_1_238' title='bbox 1135 2219 1301 2290; x_wconf 87' lang='lat' dir='ltr'><strong>coaequata</strong></span> <span class='ocrx_word' id='word_1_239' title='bbox 1315 2207 1403 2274; x_wconf 85' lang='lat' dir='ltr'><strong>LAC</strong></span> <span class='ocrx_word' id='word_1_240' title='bbox 1424 2210 1517 2273; x_wconf 88' lang='lat' dir='ltr'><strong>minor</strong></span> 
     </span>
     <span class='ocr_line' id='line_1_22' title="bbox 168 2294 1517 2381; baseline -0.001 -18"><span class='ocrx_word' id='word_1_241' title='bbox 168 2307 219 2369; x_wconf 87' lang='lat' dir='ltr'><strong>est</strong></span> <span class='ocrx_word' id='word_1_242' title='bbox 239 2298 363 2361; x_wconf 90' lang='lat' dir='ltr'><strong>dimidia</strong></span> <span class='ocrx_word' id='word_1_243' title='bbox 385 2294 455 2362; x_wconf 83' lang='lat'>90⁰.</span> <span class='ocrx_word' id='word_1_244' title='bbox 502 2300 603 2380; x_wconf 87' lang='lat' dir='ltr'><strong>Atque</strong></span> <span class='ocrx_word' id='word_1_245' title='bbox 625 2299 683 2361; x_wconf 89' lang='lat' dir='ltr'><strong>boc</strong></span> <span class='ocrx_word' id='word_1_246' title='bbox 705 2299 777 2360; x_wconf 91' lang='lat' dir='ltr'><strong>illud</strong></span> <span class='ocrx_word' id='word_1_247' title='bbox 803 2307 859 2375; x_wconf 89' lang='lat' dir='ltr'><strong>est,</strong></span> <span class='ocrx_word' id='word_1_248' title='bbox 884 2300 961 2381; x_wconf 90' lang='lat' dir='ltr'><strong>quod</strong></span> <span class='ocrx_word' id='word_1_249' title='bbox 985 2318 1050 2381; x_wconf 88' lang='lat' dir='ltr'><strong>cap.</strong></span> <span class='ocrx_word' id='word_1_250' title='bbox 1067 2298 1219 2362; x_wconf 87' lang='lat' dir='ltr'>XXXIX.</span> <span class='ocrx_word' id='word_1_251' title='bbox 1243 2316 1299 2360; x_wconf 89' lang='lat' dir='ltr'><strong>nos</strong></span> <span class='ocrx_word' id='word_1_252' title='bbox 1319 2307 1464 2373; x_wconf 87' lang='lat' dir='ltr'><strong>torserat,</strong></span> <span class='ocrx_word' id='word_1_253' title='bbox 1486 2310 1517 2361; x_wconf 83' lang='lat' dir='ltr'><strong>nt</strong></span> 
     </span>
     <span class='ocr_line' id='line_1_23' title="bbox 167 2386 1517 2471; baseline -0.001 -21"><span class='ocrx_word' id='word_1_254' title='bbox 167 2386 360 2471; x_wconf 79' lang='lat' dir='ltr'><strong>praecedenti</strong></span> <span class='ocrx_word' id='word_1_255' title='bbox 383 2406 450 2468; x_wconf 86' lang='lat' dir='ltr'><strong>cap.</strong></span> <span class='ocrx_word' id='word_1_256' title='bbox 474 2388 558 2452; x_wconf 91' lang='lat' dir='ltr'>LVI.</span> <span class='ocrx_word' id='word_1_257' title='bbox 593 2387 715 2450; x_wconf 89' lang='lat' dir='ltr'><strong>dictum.</strong></span> <span class='ocrx_word' id='word_1_258' title='bbox 761 2386 796 2451; x_wconf 91' lang='lat' dir='ltr'><strong>Si</strong></span> <span class='ocrx_word' id='word_1_259' title='bbox 819 2389 900 2450; x_wconf 91' lang='lat' dir='ltr'><strong>enim</strong></span> <span class='ocrx_word' id='word_1_260' title='bbox 929 2389 1027 2451; x_wconf 86' lang='lat' dir='ltr'><strong>orbita</strong></span> <span class='ocrx_word' id='word_1_261' title='bbox 1055 2388 1196 2470; x_wconf 87' lang='lat' dir='ltr'><strong>planetae</strong></span> <span class='ocrx_word' id='word_1_262' title='bbox 1227 2387 1383 2468; x_wconf 80' lang='lat' dir='ltr'><strong>perlectus</strong></span> <span class='ocrx_word' id='word_1_263' title='bbox 1414 2388 1517 2449; x_wconf 64' lang='lat' dir='ltr'><strong>misam</strong></span> 
     </span>
     <span class='ocr_line' id='line_1_24' title="bbox 168 2475 1517 2558; baseline 0 -19"><span class='ocrx_word' id='word_1_264' title='bbox 168 2478 307 2552; x_wconf 87' lang='lat' dir='ltr'><strong>circulus,</strong></span> <span class='ocrx_word' id='word_1_265' title='bbox 331 2485 521 2557; x_wconf 87' lang='lat' dir='ltr'><strong>augmentum</strong></span> <span class='ocrx_word' id='word_1_266' title='bbox 545 2476 682 2540; x_wconf 88' lang='lat' dir='ltr'><strong>diametri</strong></span> <span class='ocrx_word' id='word_1_267' title='bbox 706 2475 789 2539; x_wconf 90' lang='lat' dir='ltr'><strong>Solis</strong></span> <span class='ocrx_word' id='word_1_268' title='bbox 811 2484 1018 2540; x_wconf 84' lang='lat' dir='ltr'><strong>memorasset</strong></span> <span class='ocrx_word' id='word_1_269' title='bbox 1044 2486 1204 2558; x_wconf 85' lang='lat' dir='ltr'><strong>augmenta</strong></span> <span class='ocrx_word' id='word_1_270' title='bbox 1226 2477 1344 2539; x_wconf 84' lang='lat' dir='ltr'><strong>sinuum</strong></span> <span class='ocrx_word' id='word_1_271' title='bbox 1367 2493 1517 2539; x_wconf 81' lang='lat' dir='ltr'><strong>versem</strong></span> 
     </span>
     <span class='ocr_line' id='line_1_25' title="bbox 168 2564 1517 2648; baseline -0.001 -21"><span class='ocrx_word' id='word_1_272' title='bbox 168 2564 339 2627; x_wconf 74' lang='lat' dir='ltr'><strong>anomaliae</strong></span> <span class='ocrx_word' id='word_1_273' title='bbox 369 2567 516 2642; x_wconf 90' lang='lat' dir='ltr'><strong>eccentri;</strong></span> <span class='ocrx_word' id='word_1_274' title='bbox 548 2566 634 2646; x_wconf 90' lang='lat' dir='ltr'><strong>cujus</strong></span> <span class='ocrx_word' id='word_1_275' title='bbox 667 2566 840 2629; x_wconf 87' lang='lat' dir='ltr'><strong>observatio</strong></span> <span class='ocrx_word' id='word_1_276' title='bbox 873 2566 999 2629; x_wconf 89' lang='lat' dir='ltr'><strong>alienior</strong></span> <span class='ocrx_word' id='word_1_277' title='bbox 1022 2574 1070 2627; x_wconf 89' lang='lat' dir='ltr'><strong>est</strong></span> <span class='ocrx_word' id='word_1_278' title='bbox 1093 2586 1112 2627; x_wconf 90' lang='lat' dir='ltr'><strong>a</strong></span> <span class='ocrx_word' id='word_1_279' title='bbox 1134 2572 1233 2627; x_wconf 87' lang='lat' dir='ltr'><strong>mente</strong></span> <span class='ocrx_word' id='word_1_280' title='bbox 1256 2565 1410 2645; x_wconf 82' lang='lat' dir='ltr'><strong>planetae,</strong></span> <span class='ocrx_word' id='word_1_281' title='bbox 1435 2582 1517 2648; x_wconf 87' lang='lat' dir='ltr'><strong>quam</strong></span> 
     </span>
     <span class='ocr_line' id='line_1_26' title="bbox 171 2654 1517 2737; baseline 0 -20"><span class='ocrx_word' id='word_1_282' title='bbox 171 2654 344 2717; x_wconf 88' lang='lat' dir='ltr'><strong>observatio</strong></span> <span class='ocrx_word' id='word_1_283' title='bbox 377 2662 579 2736; x_wconf 80' lang='lat' dir='ltr'><strong>coaequatae,</strong></span> <span class='ocrx_word' id='word_1_284' title='bbox 611 2665 646 2717; x_wconf 89' lang='lat' dir='ltr'><strong>ut</strong></span> <span class='ocrx_word' id='word_1_285' title='bbox 664 2656 729 2734; x_wconf 85' lang='lat' dir='ltr'><strong>jam</strong></span> <span class='ocrx_word' id='word_1_286' title='bbox 753 2655 915 2718; x_wconf 79' lang='lat' dir='ltr'><strong>audiemus,</strong></span> <span class='ocrx_word' id='word_1_287' title='bbox 963 2656 1042 2717; x_wconf 86' lang='lat' dir='ltr'><strong>Vide</strong></span> <span class='ocrx_word' id='word_1_288' title='bbox 1064 2655 1156 2736; x_wconf 77' lang='lat' dir='ltr'><strong>igitur</strong></span> <span class='ocrx_word' id='word_1_289' title='bbox 1178 2675 1196 2715; x_wconf 87' lang='lat' dir='ltr'><strong>a</strong></span> <span class='ocrx_word' id='word_1_290' title='bbox 1220 2654 1403 2730; x_wconf 79' lang='lat' dir='ltr'><strong>contrariis,</strong></span> <span class='ocrx_word' id='word_1_291' title='bbox 1435 2671 1517 2737; x_wconf 81' lang='lat' dir='ltr'><strong>qnam</strong></span> 
     </span>
     <span class='ocr_line' id='line_1_27' title="bbox 171 2743 1307 2826; baseline 0.001 -21"><span class='ocrx_word' id='word_1_292' title='bbox 171 2744 325 2806; x_wconf 90' lang='lat' dir='ltr'><strong>commode</strong></span> <span class='ocrx_word' id='word_1_293' title='bbox 349 2743 410 2805; x_wconf 87' lang='lat' dir='ltr'><strong>ista</strong></span> <span class='ocrx_word' id='word_1_294' title='bbox 431 2763 571 2808; x_wconf 88' lang='lat' dir='ltr'><strong>mensura</strong></span> <span class='ocrx_word' id='word_1_295' title='bbox 592 2744 735 2826; x_wconf 90' lang='lat' dir='ltr'><strong>planetae</strong></span> <span class='ocrx_word' id='word_1_296' title='bbox 757 2745 906 2806; x_wconf 88' lang='lat' dir='ltr'><strong>tribuatur</strong></span> <span class='ocrx_word' id='word_1_297' title='bbox 928 2762 1074 2825; x_wconf 89' lang='lat' dir='ltr'><strong>quamque</strong></span> <span class='ocrx_word' id='word_1_298' title='bbox 1096 2743 1307 2824; x_wconf 83' lang='lat' dir='ltr'><strong>plausibiliter.</strong></span> 
     </span>
    </p>

    <p class='ocr_par' dir='ltr' id='par_1_4' title="bbox 169 2831 1519 4695">
     <span class='ocr_line' id='line_1_28' title="bbox 262 2831 1518 2915; baseline 0 -20"><span class='ocrx_word' id='word_1_299' title='bbox 262 2832 296 2895; x_wconf 92' lang='lat' dir='ltr'><strong>Si</strong></span> <span class='ocrx_word' id='word_1_300' title='bbox 330 2832 497 2895; x_wconf 77' lang='lat' dir='ltr'><strong>librationis</strong></span> <span class='ocrx_word' id='word_1_301' title='bbox 530 2832 624 2915; x_wconf 88' lang='lat' dir='ltr'><strong>ipsius</strong></span> <span class='ocrx_word' id='word_1_302' title='bbox 655 2852 825 2895; x_wconf 86' lang='lat' dir='ltr'><strong>mensuram</strong></span> <span class='ocrx_word' id='word_1_303' title='bbox 863 2853 882 2894; x_wconf 90' lang='lat' dir='ltr'><strong>a</strong></span> <span class='ocrx_word' id='word_1_304' title='bbox 918 2839 1017 2894; x_wconf 80' lang='lat' dir='ltr'><strong>mente</strong></span> <span class='ocrx_word' id='word_1_305' title='bbox 1056 2831 1366 2913; x_wconf 84' lang='lat' dir='ltr'><strong>comprehendendam</strong></span> <span class='ocrx_word' id='word_1_306' title='bbox 1393 2848 1518 2912; x_wconf 59' lang='lat' dir='ltr'><strong>poam</strong></span> 
     </span>
     <span class='ocr_line' id='line_1_29' title="bbox 170 2918 1516 3003; baseline -0.001 -19"><span class='ocrx_word' id='word_1_307' title='bbox 170 2941 235 2984; x_wconf 88' lang='lat' dir='ltr'><strong>mus</strong></span> <span class='ocrx_word' id='word_1_308' title='bbox 269 2921 438 2983; x_wconf 87' lang='lat' dir='ltr'><strong>anomaliae</strong></span> <span class='ocrx_word' id='word_1_309' title='bbox 471 2922 602 2987; x_wconf 89' lang='lat' dir='ltr'><strong>eccentri</strong></span> <span class='ocrx_word' id='word_1_310' title='bbox 630 2923 728 2984; x_wconf 90' lang='lat' dir='ltr'><strong>sinum</strong></span> <span class='ocrx_word' id='word_1_311' title='bbox 755 2939 892 2996; x_wconf 85' lang='lat' dir='ltr'><strong>versum,</strong></span> <span class='ocrx_word' id='word_1_312' title='bbox 923 2941 1010 3003; x_wconf 92' lang='lat' dir='ltr'><strong>quem</strong></span> <span class='ocrx_word' id='word_1_313' title='bbox 1042 2921 1269 2984; x_wconf 84' lang='lat' dir='ltr'><strong>observationes</strong></span> <span class='ocrx_word' id='word_1_314' title='bbox 1296 2918 1516 2995; x_wconf 83' lang='lat' dir='ltr'><strong>commendant,</strong></span> 
     </span>
     <span class='ocr_line' id='line_1_30' title="bbox 172 3009 1517 3092; baseline 0 -19"><span class='ocrx_word' id='word_1_315' title='bbox 172 3023 243 3074; x_wconf 91' lang='lat' dir='ltr'><strong>tunc</strong></span> <span class='ocrx_word' id='word_1_316' title='bbox 281 3010 493 3073; x_wconf 87' lang='lat' dir='ltr'><strong>destitueretur</strong></span> <span class='ocrx_word' id='word_1_317' title='bbox 531 3028 615 3073; x_wconf 88' lang='lat' dir='ltr'><strong>mens</strong></span> <span class='ocrx_word' id='word_1_318' title='bbox 645 3012 788 3092; x_wconf 87' lang='lat' dir='ltr'><strong>planetae</strong></span> <span class='ocrx_word' id='word_1_319' title='bbox 827 3011 864 3073; x_wconf 88' lang='lat' dir='ltr'><strong>ab</strong></span> <span class='ocrx_word' id='word_1_320' title='bbox 900 3010 956 3072; x_wconf 92' lang='lat' dir='ltr'><strong>hoc</strong></span> <span class='ocrx_word' id='word_1_321' title='bbox 992 3011 1088 3073; x_wconf 88' lang='lat' dir='ltr'><strong>medio</strong></span> <span class='ocrx_word' id='word_1_322' title='bbox 1124 3011 1263 3074; x_wconf 87' lang='lat' dir='ltr'><strong>diametri</strong></span> <span class='ocrx_word' id='word_1_323' title='bbox 1300 3009 1385 3074; x_wconf 80' lang='lat' dir='ltr'><strong>Solis</strong></span> <span class='ocrx_word' id='word_1_324' title='bbox 1419 3010 1517 3073; x_wconf 77' lang='lat' dir='ltr'><strong>saria·</strong></span> 
     </span>
     <span class='ocr_line' id='line_1_31' title="bbox 169 3098 1517 3180; baseline -0.001 -18"><span class='ocrx_word' id='word_1_325' title='bbox 169 3099 255 3163; x_wconf 88' lang='lat' dir='ltr'><strong>bilis:</strong></span> <span class='ocrx_word' id='word_1_326' title='bbox 293 3099 363 3180; x_wconf 87' lang='lat' dir='ltr'><strong>quia</strong></span> <span class='ocrx_word' id='word_1_327' title='bbox 394 3119 428 3162; x_wconf 88' lang='lat' dir='ltr'><strong>se</strong></span> <span class='ocrx_word' id='word_1_328' title='bbox 455 3118 513 3161; x_wconf 90' lang='lat' dir='ltr'><strong>non</strong></span> <span class='ocrx_word' id='word_1_329' title='bbox 544 3100 751 3162; x_wconf 86' lang='lat' dir='ltr'><strong>accommodat</strong></span> <span class='ocrx_word' id='word_1_330' title='bbox 774 3100 813 3161; x_wconf 88' lang='lat' dir='ltr'><strong>ad</strong></span> <span class='ocrx_word' id='word_1_331' title='bbox 836 3100 918 3161; x_wconf 90' lang='lat' dir='ltr'><strong>sinus</strong></span> <span class='ocrx_word' id='word_1_332' title='bbox 941 3118 1047 3162; x_wconf 83' lang='lat' dir='ltr'><strong>versos</strong></span> <span class='ocrx_word' id='word_1_333' title='bbox 1072 3100 1240 3163; x_wconf 83' lang='lat' dir='ltr'><strong>anomaliae</strong></span> <span class='ocrx_word' id='word_1_334' title='bbox 1265 3099 1355 3180; x_wconf 89' lang='lat' dir='ltr'><strong>hujus</strong></span> <span class='ocrx_word' id='word_1_335' title='bbox 1379 3098 1517 3161; x_wconf 79' lang='lat' dir='ltr'><strong>eccentni.</strong></span> 
     </span>
     <span class='ocr_line' id='line_1_32' title="bbox 169 3188 1516 3271; baseline 0 -20"><span class='ocrx_word' id='word_1_336' title='bbox 169 3190 315 3251; x_wconf 88' lang='lat' dir='ltr'><strong>Plauetae</strong></span> <span class='ocrx_word' id='word_1_337' title='bbox 339 3188 416 3250; x_wconf 90' lang='lat' dir='ltr'><strong>enim</strong></span> <span class='ocrx_word' id='word_1_338' title='bbox 439 3190 498 3251; x_wconf 90' lang='lat' dir='ltr'><strong>iter</strong></span> <span class='ocrx_word' id='word_1_339' title='bbox 520 3209 578 3251; x_wconf 90' lang='lat' dir='ltr'><strong>nou</strong></span> <span class='ocrx_word' id='word_1_340' title='bbox 602 3198 650 3251; x_wconf 89' lang='lat' dir='ltr'><strong>est</strong></span> <span class='ocrx_word' id='word_1_341' title='bbox 673 3189 811 3252; x_wconf 88' lang='lat' dir='ltr'><strong>circulus.</strong></span> <span class='ocrx_word' id='word_1_342' title='bbox 855 3188 899 3250; x_wconf 86' lang='lat' dir='ltr'><strong>Et</strong></span> <span class='ocrx_word' id='word_1_343' title='bbox 921 3207 1004 3251; x_wconf 91' lang='lat' dir='ltr'><strong>meus</strong></span> <span class='ocrx_word' id='word_1_344' title='bbox 1020 3190 1160 3270; x_wconf 87' lang='lat' dir='ltr'><strong>planetae</strong></span> <span class='ocrx_word' id='word_1_345' title='bbox 1176 3188 1363 3271; x_wconf 75' lang='lat' dir='ltr'><strong>intelligeret</strong></span> <span class='ocrx_word' id='word_1_346' title='bbox 1381 3188 1516 3251; x_wconf 83' lang='lat' dir='ltr'><strong>libratio·</strong></span> 
     </span>
     <span class='ocr_line' id='line_1_33' title="bbox 170 3275 1518 3361; baseline -0.001 -20"><span class='ocrx_word' id='word_1_347' title='bbox 170 3279 217 3341; x_wconf 89' lang='lat' dir='ltr'><strong>nis</strong></span> <span class='ocrx_word' id='word_1_348' title='bbox 245 3286 350 3360; x_wconf 86' lang='lat' dir='ltr'><strong>partes</strong></span> <span class='ocrx_word' id='word_1_349' title='bbox 378 3298 431 3340; x_wconf 90' lang='lat' dir='ltr'><strong>seu</strong></span> <span class='ocrx_word' id='word_1_350' title='bbox 459 3279 560 3360; x_wconf 87' lang='lat' dir='ltr'><strong>spatia</strong></span> <span class='ocrx_word' id='word_1_351' title='bbox 582 3277 764 3343; x_wconf 81' lang='lat' dir='ltr'><strong>conficienda</strong></span> <span class='ocrx_word' id='word_1_352' title='bbox 791 3296 824 3353; x_wconf 83' lang='lat' dir='ltr'><strong>se</strong></span> <span class='ocrx_word' id='word_1_353' title='bbox 851 3277 925 3358; x_wconf 87' lang='lat' dir='ltr'><strong>ipsis</strong></span> <span class='ocrx_word' id='word_1_354' title='bbox 963 3277 1026 3340; x_wconf 87' lang='lat' dir='ltr'><strong>siue</strong></span> <span class='ocrx_word' id='word_1_355' title='bbox 1059 3278 1165 3359; x_wconf 89' lang='lat' dir='ltr'><strong>siguo:</strong></span> <span class='ocrx_word' id='word_1_356' title='bbox 1203 3278 1280 3361; x_wconf 91' lang='lat' dir='ltr'><strong>qnod</strong></span> <span class='ocrx_word' id='word_1_357' title='bbox 1303 3275 1421 3359; x_wconf 86' lang='lat' dir='ltr'><strong>pridem</strong></span> <span class='ocrx_word' id='word_1_358' title='bbox 1444 3277 1518 3340; x_wconf 83' lang='lat' dir='ltr'><strong>inter</strong></span> 
     </span>
     <span class='ocr_line' id='line_1_34' title="bbox 172 3366 1519 3449; baseline -0.001 -19"><span class='ocrx_word' id='word_1_359' title='bbox 172 3367 307 3430; x_wconf 87' lang='lat' dir='ltr'><strong>absurda</strong></span> <span class='ocrx_word' id='word_1_360' title='bbox 330 3368 502 3442; x_wconf 87' lang='lat' dir='ltr'><strong>retulimus;</strong></span> <span class='ocrx_word' id='word_1_361' title='bbox 527 3366 709 3448; x_wconf 77' lang='lat' dir='ltr'><strong>intelligeret</strong></span> <span class='ocrx_word' id='word_1_362' title='bbox 731 3374 763 3429; x_wconf 90' lang='lat' dir='ltr'><strong>et</strong></span> <span class='ocrx_word' id='word_1_363' title='bbox 785 3366 966 3429; x_wconf 86' lang='lat' dir='ltr'><strong>anomaliam</strong></span> <span class='ocrx_word' id='word_1_364' title='bbox 981 3368 1121 3440; x_wconf 88' lang='lat' dir='ltr'><strong>eccentri,</strong></span> <span class='ocrx_word' id='word_1_365' title='bbox 1144 3375 1284 3449; x_wconf 84' lang='lat' dir='ltr'><strong>quaeest</strong></span> <span class='ocrx_word' id='word_1_366' title='bbox 1300 3367 1519 3446; x_wconf 81' lang='lat' dir='ltr'><strong>augulnsinter</strong></span> 
     </span>
     <span class='ocr_line' id='line_1_35' title="bbox 173 3454 1517 3538; baseline -0.002 -18"><span class='ocrx_word' id='word_1_367' title='bbox 173 3458 249 3520; x_wconf 86' lang='lat' dir='ltr'><strong>duas</strong></span> <span class='ocrx_word' id='word_1_368' title='bbox 266 3466 366 3518; x_wconf 87' lang='lat' dir='ltr'><strong>rectas</strong></span> <span class='ocrx_word' id='word_1_369' title='bbox 390 3476 428 3518; x_wconf 86' lang='lat' dir='ltr'><strong>ex</strong></span> <span class='ocrx_word' id='word_1_370' title='bbox 450 3463 555 3519; x_wconf 87' lang='lat' dir='ltr'><strong>centro</strong></span> <span class='ocrx_word' id='word_1_371' title='bbox 576 3457 705 3519; x_wconf 86' lang='lat' dir='ltr'><strong>eccentri</strong></span> <span class='ocrx_word' id='word_1_372' title='bbox 730 3456 854 3537; x_wconf 85' lang='lat' dir='ltr'><strong>ejectas,</strong></span> <span class='ocrx_word' id='word_1_373' title='bbox 878 3457 1004 3520; x_wconf 88' lang='lat' dir='ltr'><strong>alteram</strong></span> <span class='ocrx_word' id='word_1_374' title='bbox 1018 3476 1071 3538; x_wconf 91' lang='lat' dir='ltr'><strong>per</strong></span> <span class='ocrx_word' id='word_1_375' title='bbox 1085 3466 1225 3538; x_wconf 87' lang='lat' dir='ltr'><strong>punctum</strong></span> <span class='ocrx_word' id='word_1_376' title='bbox 1244 3454 1368 3538; x_wconf 85' lang='lat' dir='ltr'><strong>aphelii,</strong></span> <span class='ocrx_word' id='word_1_377' title='bbox 1392 3454 1517 3519; x_wconf 79' lang='lat' dir='ltr'><strong>alteram</strong></span> 
     </span>
     <span class='ocr_line' id='line_1_36' title="bbox 172 3544 1517 3628; baseline 0 -21"><span class='ocrx_word' id='word_1_378' title='bbox 172 3565 227 3626; x_wconf 90' lang='lat' dir='ltr'><strong>per</strong></span> <span class='ocrx_word' id='word_1_379' title='bbox 241 3555 375 3608; x_wconf 88' lang='lat' dir='ltr'><strong>centrum</strong></span> <span class='ocrx_word' id='word_1_380' title='bbox 398 3545 559 3626; x_wconf 87' lang='lat' dir='ltr'><strong>planetarii</strong></span> <span class='ocrx_word' id='word_1_381' title='bbox 581 3546 675 3628; x_wconf 90' lang='lat' dir='ltr'><strong>globi;</strong></span> <span class='ocrx_word' id='word_1_382' title='bbox 699 3545 728 3606; x_wconf 91' lang='lat' dir='ltr'><strong>in</strong></span> <span class='ocrx_word' id='word_1_383' title='bbox 753 3546 906 3608; x_wconf 87' lang='lat' dir='ltr'><strong>schemate</strong></span> <span class='ocrx_word' id='word_1_384' title='bbox 930 3555 978 3608; x_wconf 89' lang='lat' dir='ltr'><strong>est</strong></span> <span class='ocrx_word' id='word_1_385' title='bbox 1000 3544 1083 3610; x_wconf 83' lang='lat' dir='ltr'><strong>DBO</strong></span> <span class='ocrx_word' id='word_1_386' title='bbox 1107 3546 1170 3620; x_wconf 87' lang='lat' dir='ltr'><strong>(vel</strong></span> <span class='ocrx_word' id='word_1_387' title='bbox 1195 3545 1294 3626; x_wconf 84' lang='lat' dir='ltr'><strong>ejecta</strong></span> <span class='ocrx_word' id='word_1_388' title='bbox 1315 3562 1355 3605; x_wconf 83' lang='lat' dir='ltr'><strong>ex</strong></span> <span class='ocrx_word' id='word_1_389' title='bbox 1370 3544 1517 3625; x_wconf 86' lang='lat' dir='ltr'><strong>Dparal·</strong></span> 
     </span>
     <span class='ocr_line' id='line_1_37' title="bbox 173 3631 1517 3716; baseline -0.002 -19"><span class='ocrx_word' id='word_1_390' title='bbox 173 3636 234 3697; x_wconf 89' lang='lat' dir='ltr'><strong>lela</strong></span> <span class='ocrx_word' id='word_1_391' title='bbox 255 3635 312 3716; x_wconf 90' lang='lat' dir='ltr'><strong>ipsi</strong></span> <span class='ocrx_word' id='word_1_392' title='bbox 335 3634 390 3700; x_wconf 84' lang='lat' dir='ltr'><strong>Bc</strong></span> <span class='ocrx_word' id='word_1_393' title='bbox 414 3635 494 3697; x_wconf 89' lang='lat' dir='ltr'><strong>linea</strong></span> <span class='ocrx_word' id='word_1_394' title='bbox 516 3634 587 3711; x_wconf 80' lang='grc' dir='ltr'><strong>ΒΚ,</strong></span> <span class='ocrx_word' id='word_1_395' title='bbox 610 3642 682 3697; x_wconf 87' lang='lat' dir='ltr'><strong>tunc</strong></span> <span class='ocrx_word' id='word_1_396' title='bbox 704 3633 789 3697; x_wconf 90' lang='lat' dir='ltr'><strong>KDB</strong></span> <span class='ocrx_word' id='word_1_397' title='bbox 813 3645 861 3696; x_wconf 88' lang='lat' dir='ltr'><strong>est</strong></span> <span class='ocrx_word' id='word_1_398' title='bbox 884 3635 1018 3714; x_wconf 89' lang='lat' dir='ltr'><strong>ejusdem</strong></span> <span class='ocrx_word' id='word_1_399' title='bbox 1041 3634 1208 3698; x_wconf 89' lang='lat' dir='ltr'><strong>anomaliae</strong></span> <span class='ocrx_word' id='word_1_400' title='bbox 1232 3632 1364 3696; x_wconf 85' lang='lat' dir='ltr'><strong>ecoeutri</strong></span> <span class='ocrx_word' id='word_1_401' title='bbox 1388 3631 1517 3715; x_wconf 84' lang='lat' dir='ltr'><strong>comple·</strong></span> 
     </span>
     <span class='ocr_line' id='line_1_38' title="bbox 172 3721 1519 3806; baseline -0.003 -19"><span class='ocrx_word' id='word_1_402' title='bbox 172 3725 331 3798; x_wconf 85' lang='lat' dir='ltr'><strong>ruentum).</strong></span> <span class='ocrx_word' id='word_1_403' title='bbox 379 3722 414 3788; x_wconf 84' lang='lat' dir='ltr'><strong>si</strong></span> <span class='ocrx_word' id='word_1_404' title='bbox 444 3742 517 3805; x_wconf 90' lang='lat' dir='ltr'><strong>ergo</strong></span> <span class='ocrx_word' id='word_1_405' title='bbox 539 3741 625 3787; x_wconf 85' lang='lat' dir='ltr'><strong>meus</strong></span> <span class='ocrx_word' id='word_1_406' title='bbox 646 3723 774 3806; x_wconf 90' lang='lat' dir='ltr'><strong>percipit</strong></span> <span class='ocrx_word' id='word_1_407' title='bbox 798 3723 938 3804; x_wconf 80' lang='lat' dir='ltr'><strong>angulum</strong></span> <span class='ocrx_word' id='word_1_408' title='bbox 960 3724 1060 3798; x_wconf 88' lang='lat' dir='ltr'>KDB,</span> <span class='ocrx_word' id='word_1_409' title='bbox 1092 3741 1216 3786; x_wconf 84' lang='lat' dir='ltr'><strong>necesse</strong></span> <span class='ocrx_word' id='word_1_410' title='bbox 1244 3730 1293 3785; x_wconf 88' lang='lat' dir='ltr'><strong>est</strong></span> <span class='ocrx_word' id='word_1_411' title='bbox 1320 3729 1356 3784; x_wconf 83' lang='lat' dir='ltr'><strong>nt</strong></span> <span class='ocrx_word' id='word_1_412' title='bbox 1373 3721 1519 3805; x_wconf 83' lang='lat' dir='ltr'><strong>pereipiat</strong></span> 
     </span>
     <span class='ocr_line' id='line_1_39' title="bbox 173 3812 1516 3894; baseline -0.002 -19"><span class='ocrx_word' id='word_1_413' title='bbox 173 3812 254 3875; x_wconf 88' lang='lat' dir='ltr'><strong>trina</strong></span> <span class='ocrx_word' id='word_1_414' title='bbox 275 3822 388 3893; x_wconf 88' lang='lat' dir='ltr'><strong>puncta</strong></span> <span class='ocrx_word' id='word_1_415' title='bbox 409 3813 452 3889; x_wconf 89' lang='lat' dir='ltr'><strong>K,</strong></span> <span class='ocrx_word' id='word_1_416' title='bbox 477 3813 520 3889; x_wconf 89' lang='lat' dir='ltr'><strong>D,</strong></span> <span class='ocrx_word' id='word_1_417' title='bbox 543 3813 581 3875; x_wconf 89' lang='lat' dir='ltr'><strong>B.</strong></span> <span class='ocrx_word' id='word_1_418' title='bbox 627 3815 674 3876; x_wconf 91' lang='lat' dir='ltr'><strong>De</strong></span> <span class='ocrx_word' id='word_1_419' title='bbox 697 3821 806 3893; x_wconf 88' lang='lat' dir='ltr'><strong>puncto</strong></span> <span class='ocrx_word' id='word_1_420' title='bbox 829 3813 858 3874; x_wconf 92' lang='lat' dir='ltr'><strong>D</strong></span> <span class='ocrx_word' id='word_1_421' title='bbox 881 3831 939 3875; x_wconf 90' lang='lat' dir='ltr'><strong>non</strong></span> <span class='ocrx_word' id='word_1_422' title='bbox 964 3822 1010 3876; x_wconf 86' lang='lat' dir='ltr'><strong>est</strong></span> <span class='ocrx_word' id='word_1_423' title='bbox 1034 3813 1169 3888; x_wconf 89' lang='lat' dir='ltr'><strong>dubium,</strong></span> <span class='ocrx_word' id='word_1_424' title='bbox 1201 3812 1271 3894; x_wconf 88' lang='lat' dir='ltr'><strong>quia</strong></span> <span class='ocrx_word' id='word_1_425' title='bbox 1292 3812 1349 3874; x_wconf 85' lang='lat' dir='ltr'><strong>hoe</strong></span> <span class='ocrx_word' id='word_1_426' title='bbox 1374 3820 1425 3873; x_wconf 81' lang='lat' dir='ltr'><strong>est</strong></span> <span class='ocrx_word' id='word_1_427' title='bbox 1446 3828 1516 3873; x_wconf 75' lang='lat' dir='ltr'><strong>cen·</strong></span> 
     </span>
     <span class='ocr_line' id='line_1_40' title="bbox 173 3899 1517 3982; baseline -0.003 -16"><span class='ocrx_word' id='word_1_428' title='bbox 173 3911 253 3966; x_wconf 81' lang='lat' dir='ltr'><strong>trum</strong></span> <span class='ocrx_word' id='word_1_429' title='bbox 276 3902 322 3965; x_wconf 85' lang='lat' dir='ltr'><strong>sui</strong></span> <span class='ocrx_word' id='word_1_430' title='bbox 346 3902 437 3982; x_wconf 90' lang='lat' dir='ltr'><strong>globi.</strong></span> <span class='ocrx_word' id='word_1_431' title='bbox 483 3902 530 3964; x_wconf 88' lang='lat' dir='ltr'><strong>De</strong></span> <span class='ocrx_word' id='word_1_432' title='bbox 552 3902 582 3964; x_wconf 85' lang='lat' dir='ltr'><strong>K</strong></span> <span class='ocrx_word' id='word_1_433' title='bbox 605 3920 662 3964; x_wconf 91' lang='lat' dir='ltr'><strong>non</strong></span> <span class='ocrx_word' id='word_1_434' title='bbox 696 3903 790 3964; x_wconf 89' lang='lat' dir='ltr'><strong>multo</strong></span> <span class='ocrx_word' id='word_1_435' title='bbox 813 3901 927 3964; x_wconf 89' lang='lat' dir='ltr'><strong>dubito.</strong></span> <span class='ocrx_word' id='word_1_436' title='bbox 974 3902 1053 3966; x_wconf 88' lang='lat' dir='ltr'><strong>Nam</strong></span> <span class='ocrx_word' id='word_1_437' title='bbox 1075 3902 1130 3968; x_wconf 82' lang='lat' dir='ltr'><strong>Bc</strong></span> <span class='ocrx_word' id='word_1_438' title='bbox 1160 3911 1193 3964; x_wconf 89' lang='lat' dir='ltr'><strong>et</strong></span> <span class='ocrx_word' id='word_1_439' title='bbox 1214 3901 1273 3963; x_wconf 79' lang='grc' dir='ltr'><strong>ΒΚ</strong></span> <span class='ocrx_word' id='word_1_440' title='bbox 1305 3899 1345 3961; x_wconf 91' lang='lat' dir='ltr'><strong>ob</strong></span> <span class='ocrx_word' id='word_1_441' title='bbox 1374 3900 1517 3963; x_wconf 72' lang='lat' dir='ltr'><strong>infinita!</strong></span> 
     </span>
     <span class='ocr_line' id='line_1_41' title="bbox 172 3989 1517 4055; baseline -0.003 0"><span class='ocrx_word' id='word_1_442' title='bbox 172 3992 299 4055; x_wconf 80' lang='lat' dir='ltr'><strong>lixarum</strong></span> <span class='ocrx_word' id='word_1_443' title='bbox 331 3989 505 4054; x_wconf 84' lang='lat' dir='ltr'><strong>distantiam</strong></span> <span class='ocrx_word' id='word_1_444' title='bbox 536 3992 660 4053; x_wconf 90' lang='lat' dir='ltr'><strong>tandem</strong></span> <span class='ocrx_word' id='word_1_445' title='bbox 691 3991 862 4053; x_wconf 88' lang='lat' dir='ltr'><strong>coincidunt</strong></span> <span class='ocrx_word' id='word_1_446' title='bbox 891 3991 921 4052; x_wconf 91' lang='lat' dir='ltr'><strong>iu</strong></span> <span class='ocrx_word' id='word_1_447' title='bbox 951 3992 1077 4055; x_wconf 89' lang='lat' dir='ltr'><strong>eundem</strong></span> <span class='ocrx_word' id='word_1_448' title='bbox 1099 3992 1225 4053; x_wconf 81' lang='lat' dir='ltr'><strong>fixarum</strong></span> <span class='ocrx_word' id='word_1_449' title='bbox 1247 3989 1365 4053; x_wconf 85' lang='lat' dir='ltr'><strong>locum:</strong></span> <span class='ocrx_word' id='word_1_450' title='bbox 1389 3997 1423 4052; x_wconf 85' lang='lat' dir='ltr'><strong>et</strong></span> <span class='ocrx_word' id='word_1_451' title='bbox 1445 3990 1517 4051; x_wconf 78' lang='lat' dir='ltr'><strong>uase</strong></span> 
     </span>
     <span class='ocr_line' id='line_1_42' title="bbox 174 4078 1518 4161; baseline -0.001 -17"><span class='ocrx_word' id='word_1_452' title='bbox 174 4089 245 4144; x_wconf 89' lang='lat' dir='ltr'><strong>sunt</strong></span> <span class='ocrx_word' id='word_1_453' title='bbox 281 4098 408 4161; x_wconf 88' lang='lat' dir='ltr'><strong>corpora</strong></span> <span class='ocrx_word' id='word_1_454' title='bbox 438 4080 542 4143; x_wconf 90' lang='lat' dir='ltr'><strong>realia.</strong></span> <span class='ocrx_word' id='word_1_455' title='bbox 596 4082 701 4160; x_wconf 87' lang='lat' dir='ltr'><strong>ltaque</strong></span> <span class='ocrx_word' id='word_1_456' title='bbox 729 4080 802 4142; x_wconf 89' lang='lat' dir='ltr'><strong>nihil</strong></span> <span class='ocrx_word' id='word_1_457' title='bbox 831 4089 879 4141; x_wconf 88' lang='lat' dir='ltr'><strong>est</strong></span> <span class='ocrx_word' id='word_1_458' title='bbox 907 4078 1042 4155; x_wconf 91' lang='lat' dir='ltr'><strong>absurdi,</strong></span> <span class='ocrx_word' id='word_1_459' title='bbox 1087 4082 1229 4160; x_wconf 85' lang='lat' dir='ltr'><strong>planetae</strong></span> <span class='ocrx_word' id='word_1_460' title='bbox 1265 4086 1399 4140; x_wconf 85' lang='lat' dir='ltr'><strong>mentem</strong></span> <span class='ocrx_word' id='word_1_461' title='bbox 1432 4094 1518 4142; x_wconf 77' lang='lat' dir='ltr'><strong>sanat</strong></span> 
     </span>
     <span class='ocr_line' id='line_1_43' title="bbox 174 4166 1516 4251; baseline -0.001 -19"><span class='ocrx_word' id='word_1_462' title='bbox 174 4171 302 4251; x_wconf 85' lang='lat' dir='ltr'><strong>quodam</strong></span> <span class='ocrx_word' id='word_1_463' title='bbox 326 4170 442 4232; x_wconf 87' lang='lat' dir='ltr'><strong>occulto</strong></span> <span class='ocrx_word' id='word_1_464' title='bbox 465 4169 495 4230; x_wconf 90' lang='lat' dir='ltr'><strong>in</strong></span> <span class='ocrx_word' id='word_1_465' title='bbox 519 4178 681 4249; x_wconf 86' lang='lat' dir='ltr'><strong>conspectu</strong></span> <span class='ocrx_word' id='word_1_466' title='bbox 704 4169 814 4230; x_wconf 86' lang='lat' dir='ltr'><strong>babere</strong></span> <span class='ocrx_word' id='word_1_467' title='bbox 838 4170 926 4230; x_wconf 82' lang='lat' dir='ltr'><strong>fixam</strong></span> <span class='ocrx_word' id='word_1_468' title='bbox 948 4171 1041 4244; x_wconf 91' lang='lat' dir='ltr'><strong>illam,</strong></span> <span class='ocrx_word' id='word_1_469' title='bbox 1067 4188 1142 4249; x_wconf 89' lang='lat' dir='ltr'><strong>quae</strong></span> <span class='ocrx_word' id='word_1_470' title='bbox 1157 4166 1263 4248; x_wconf 83' lang='lat' dir='ltr'><strong>quovis</strong></span> <span class='ocrx_word' id='word_1_471' title='bbox 1277 4176 1416 4247; x_wconf 84' lang='lat' dir='ltr'><strong>tempore</strong></span> <span class='ocrx_word' id='word_1_472' title='bbox 1430 4184 1516 4248; x_wconf 78' lang='lat' dir='ltr'><strong>prae·</strong></span> 
     </span>
     <span class='ocr_line' id='line_1_44' title="bbox 175 4256 1516 4339; baseline -0.003 -18"><span class='ocrx_word' id='word_1_473' title='bbox 175 4259 228 4322; x_wconf 89' lang='lat' dir='ltr'><strong>bet</strong></span> <span class='ocrx_word' id='word_1_474' title='bbox 259 4258 378 4339; x_wconf 88' lang='lat' dir='ltr'><strong>aphelio</strong></span> <span class='ocrx_word' id='word_1_475' title='bbox 411 4258 581 4338; x_wconf 88' lang='lat' dir='ltr'><strong>hospitium.</strong></span> <span class='ocrx_word' id='word_1_476' title='bbox 591 4257 625 4334; x_wconf 73' lang='lat'><strong>*)</strong></span> <span class='ocrx_word' id='word_1_477' title='bbox 658 4259 703 4320; x_wconf 89' lang='lat' dir='ltr'><strong>De</strong></span> <span class='ocrx_word' id='word_1_478' title='bbox 727 4259 792 4320; x_wconf 90' lang='lat' dir='ltr'><strong>solo</strong></span> <span class='ocrx_word' id='word_1_479' title='bbox 815 4259 840 4319; x_wconf 88' lang='lat' dir='ltr'>B</span> <span class='ocrx_word' id='word_1_480' title='bbox 864 4270 1005 4337; x_wconf 88' lang='lat' dir='ltr'><strong>negatur,</strong></span> <span class='ocrx_word' id='word_1_481' title='bbox 1039 4259 1103 4339; x_wconf 87' lang='lat' dir='ltr'><strong>ejus</strong></span> <span class='ocrx_word' id='word_1_482' title='bbox 1137 4276 1257 4319; x_wconf 87' lang='lat' dir='ltr'><strong>sensum</strong></span> <span class='ocrx_word' id='word_1_483' title='bbox 1285 4267 1460 4337; x_wconf 82' lang='lat' dir='ltr'><strong>competere</strong></span> <span class='ocrx_word' id='word_1_484' title='bbox 1491 4256 1516 4317; x_wconf 82' lang='lat' dir='ltr'><strong>in</strong></span> 
     </span>
     <span class='ocr_line' id='line_1_45' title="bbox 174 4346 1517 4429; baseline -0.003 -19"><span class='ocrx_word' id='word_1_485' title='bbox 174 4356 305 4410; x_wconf 80' lang='lat' dir='ltr'><strong>mentem</strong></span> <span class='ocrx_word' id='word_1_486' title='bbox 331 4349 486 4428; x_wconf 84' lang='lat' dir='ltr'><strong>planetae,</strong></span> <span class='ocrx_word' id='word_1_487' title='bbox 519 4348 590 4429; x_wconf 85' lang='lat' dir='ltr'><strong>quia</strong></span> <span class='ocrx_word' id='word_1_488' title='bbox 616 4348 642 4408; x_wconf 92' lang='lat' dir='ltr'>B</span> <span class='ocrx_word' id='word_1_489' title='bbox 671 4346 751 4409; x_wconf 91' lang='lat' dir='ltr'><strong>nullo</strong></span> <span class='ocrx_word' id='word_1_490' title='bbox 784 4364 907 4426; x_wconf 89' lang='lat' dir='ltr'><strong>corpore</strong></span> <span class='ocrx_word' id='word_1_491' title='bbox 936 4347 1075 4409; x_wconf 84' lang='lat' dir='ltr'><strong>vestitur.</strong></span> <span class='ocrx_word' id='word_1_492' title='bbox 1122 4347 1344 4424; x_wconf 81' lang='lat' dir='ltr'><strong>Praetereaque</strong></span> <span class='ocrx_word' id='word_1_493' title='bbox 1373 4354 1407 4408; x_wconf 80' lang='lat' dir='ltr'><strong>et</strong></span> <span class='ocrx_word' id='word_1_494' title='bbox 1429 4364 1517 4409; x_wconf 64' lang='lat' dir='ltr'><strong>ausa</strong></span> 
     </span>
     <span class='ocr_line' id='line_1_46' title="bbox 175 4433 1515 4517; baseline -0.001 -18"><span class='ocrx_word' id='word_1_495' title='bbox 175 4437 305 4512; x_wconf 81' lang='lat' dir='ltr'><strong>sublata,</strong></span> <span class='ocrx_word' id='word_1_496' title='bbox 334 4456 386 4498; x_wconf 87' lang='lat' dir='ltr'><strong>cur</strong></span> <span class='ocrx_word' id='word_1_497' title='bbox 408 4439 435 4500; x_wconf 90' lang='lat' dir='ltr'>B</span> <span class='ocrx_word' id='word_1_498' title='bbox 458 4436 669 4516; x_wconf 87' lang='lat' dir='ltr'><strong>inspiceretur,</strong></span> <span class='ocrx_word' id='word_1_499' title='bbox 698 4437 822 4497; x_wconf 82' lang='lat' dir='ltr'><strong>euectus</strong></span> <span class='ocrx_word' id='word_1_500' title='bbox 850 4453 965 4517; x_wconf 90' lang='lat' dir='ltr'><strong>quoque</strong></span> <span class='ocrx_word' id='word_1_501' title='bbox 998 4436 1123 4497; x_wconf 83' lang='lat' dir='ltr'><strong>tollitur.</strong></span> <span class='ocrx_word' id='word_1_502' title='bbox 1171 4437 1216 4497; x_wconf 84' lang='lat' dir='ltr'><strong>At</strong></span> <span class='ocrx_word' id='word_1_503' title='bbox 1238 4434 1264 4494; x_wconf 90' lang='lat' dir='ltr'>B</span> <span class='ocrx_word' id='word_1_504' title='bbox 1286 4433 1397 4513; x_wconf 89' lang='lat' dir='ltr'><strong>inspici</strong></span> <span class='ocrx_word' id='word_1_505' title='bbox 1421 4435 1515 4505; x_wconf 72' lang='lat' dir='ltr'><strong>tebet</strong></span> 
     </span>
     <span class='ocr_line' id='line_1_47' title="bbox 176 4521 1516 4604; baseline -0.003 -15"><span class='ocrx_word' id='word_1_506' title='bbox 176 4527 203 4589; x_wconf 90' lang='lat' dir='ltr'><strong>si</strong></span> <span class='ocrx_word' id='word_1_507' title='bbox 232 4526 359 4589; x_wconf 89' lang='lat' dir='ltr'><strong>circulus</strong></span> <span class='ocrx_word' id='word_1_508' title='bbox 388 4525 443 4590; x_wconf 84' lang='lat' dir='ltr'><strong>OD</strong></span> <span class='ocrx_word' id='word_1_509' title='bbox 473 4536 522 4587; x_wconf 86' lang='lat' dir='ltr'><strong>est</strong></span> <span class='ocrx_word' id='word_1_510' title='bbox 551 4524 760 4586; x_wconf 79' lang='lat' dir='ltr'><strong>coniciendus.</strong></span> <span class='ocrx_word' id='word_1_511' title='bbox 812 4521 937 4585; x_wconf 85' lang='lat' dir='ltr'><strong>Orbitae</strong></span> <span class='ocrx_word' id='word_1_512' title='bbox 965 4542 1037 4586; x_wconf 79' lang='lat' dir='ltr'><strong>vero</strong></span> <span class='ocrx_word' id='word_1_513' title='bbox 1067 4525 1259 4604; x_wconf 87' lang='lat' dir='ltr'><strong>planetarum</strong></span> <span class='ocrx_word' id='word_1_514' title='bbox 1282 4540 1343 4583; x_wconf 92' lang='lat' dir='ltr'><strong>uon</strong></span> <span class='ocrx_word' id='word_1_515' title='bbox 1367 4534 1438 4585; x_wconf 88' lang='lat' dir='ltr'><strong>suut</strong></span> <span class='ocrx_word' id='word_1_516' title='bbox 1461 4523 1516 4585; x_wconf 83' lang='lat' dir='ltr'><strong>cir·</strong></span> 
     </span>
     <span class='ocr_line' id='line_1_48' title="bbox 175 4612 1517 4695; baseline -0.003 -19"><span class='ocrx_word' id='word_1_517' title='bbox 175 4617 293 4678; x_wconf 81' lang='lat' dir='ltr'><strong>coleres</strong></span> <span class='ocrx_word' id='word_1_518' title='bbox 315 4616 464 4694; x_wconf 82' lang='lat' dir='ltr'><strong>perfecte,</strong></span> <span class='ocrx_word' id='word_1_519' title='bbox 493 4614 573 4695; x_wconf 92' lang='lat' dir='ltr'><strong>quod</strong></span> <span class='ocrx_word' id='word_1_520' title='bbox 594 4632 661 4694; x_wconf 89' lang='lat' dir='ltr'><strong>cap.</strong></span> <span class='ocrx_word' id='word_1_521' title='bbox 687 4613 786 4676; x_wconf 90' lang='lat' dir='ltr'><strong>XLll.</strong></span> <span class='ocrx_word' id='word_1_522' title='bbox 812 4631 849 4672; x_wconf 90' lang='lat' dir='ltr'><strong>ex</strong></span> <span class='ocrx_word' id='word_1_523' title='bbox 872 4613 1131 4676; x_wconf 86' lang='lat' dir='ltr'><strong>observationibus</strong></span> <span class='ocrx_word' id='word_1_524' title='bbox 1155 4613 1313 4692; x_wconf 87' lang='lat' dir='ltr'><strong>probatum</strong></span> <span class='ocrx_word' id='word_1_525' title='bbox 1335 4622 1394 4675; x_wconf 87' lang='lat' dir='ltr'><strong>est.</strong></span> <span class='ocrx_word' id='word_1_526' title='bbox 1440 4612 1517 4692; x_wconf 75' lang='lat' dir='ltr'><strong>Erga</strong></span> 
     </span>
    </p>
   </div>
   <div class='ocr_carea' id='block_1_4' title="bbox 176 4746 481 4757">
    <p class='ocr_par' dir='ltr' id='par_1_5' title="bbox 176 4746 481 4757">
     <span class='ocr_line' id='line_1_49' title="bbox 176 4746 481 4757; baseline -0.003 0"><span class='ocrx_word' id='word_1_527' title='bbox 176 4746 388 4757; x_wconf 46' lang='grc' dir='ltr'><strong>*ει-</strong></span> <span class='ocrx_word' id='word_1_528' title='bbox 416 4750 419 4755; x_wconf 81' lang='grc' dir='ltr'>ι</span> <span class='ocrx_word' id='word_1_529' title='bbox 431 4748 481 4755; x_wconf 62' lang='grc' dir='ltr'>-ι-ιι-</span> 
     </span>
    </p>
   </div>
   <div class='ocr_carea' id='block_1_5' title="bbox 177 4807 1516 4964">
    <p class='ocr_par' dir='ltr' id='par_1_6' title="bbox 177 4807 1516 4964">
     <span class='ocr_line' id='line_1_50' title="bbox 262 4807 1516 4907; baseline 0 -41"><span class='ocrx_word' id='word_1_530' title='bbox 262 4808 293 4907; x_wconf 39' lang='grc' dir='ltr'><strong>ι’)</strong></span> <span class='ocrx_word' id='word_1_531' title='bbox 324 4812 361 4867; x_wconf 79' lang='lat' dir='ltr'><strong>Et</strong></span> <span class='ocrx_word' id='word_1_532' title='bbox 389 4818 482 4867; x_wconf 88' lang='lat' dir='ltr'><strong>tamen</strong></span> <span class='ocrx_word' id='word_1_533' title='bbox 511 4827 545 4865; x_wconf 84' lang='lat' dir='ltr'><strong>aa</strong></span> <span class='ocrx_word' id='word_1_534' title='bbox 575 4810 627 4863; x_wconf 85' lang='lat' dir='ltr'><strong>boc</strong></span> <span class='ocrx_word' id='word_1_535' title='bbox 654 4809 759 4880; x_wconf 82' lang='lat' dir='ltr'><strong>quidem</strong></span> <span class='ocrx_word' id='word_1_536' title='bbox 788 4811 918 4881; x_wconf 84' lang='lat' dir='ltr'><strong>dogmate</strong></span> <span class='ocrx_word' id='word_1_537' title='bbox 945 4824 1013 4879; x_wconf 82' lang='lat' dir='ltr'><strong>opus</strong></span> <span class='ocrx_word' id='word_1_538' title='bbox 1042 4808 1095 4863; x_wconf 77' lang='lat' dir='ltr'><strong>tus</strong></span> <span class='ocrx_word' id='word_1_539' title='bbox 1125 4807 1153 4862; x_wconf 90' lang='lat' dir='ltr'><strong>in</strong></span> <span class='ocrx_word' id='word_1_540' title='bbox 1183 4808 1261 4862; x_wconf 84' lang='lat' dir='ltr'><strong>modo</strong></span> <span class='ocrx_word' id='word_1_541' title='bbox 1284 4808 1410 4863; x_wconf 78' lang='lat' dir='ltr'><strong>natanti</strong></span> <span class='ocrx_word' id='word_1_542' title='bbox 1437 4808 1516 4879; x_wconf 68' lang='lat' dir='ltr'><strong>pul·</strong></span> 
     </span>
     <span class='ocr_line' id='line_1_51' title="bbox 177 4906 311 4964; baseline -0.015 -16"><span class='ocrx_word' id='word_1_543' title='bbox 177 4906 311 4964; x_wconf 62' lang='lat' dir='ltr'><strong>superus.</strong></span> 
     </span>
    </p>
   </div>
   <div class='ocr_carea' id='block_1_6' title="bbox 0 0 1697 5534">
    <p class='ocr_par' dir='ltr' id='par_1_7' title="bbox 0 0 1697 5534">
     <span class='ocr_line' id='line_1_52' title="bbox 0 0 1697 5534; baseline 0 0"><span class='ocrx_word' id='word_1_544' title='bbox 0 0 1697 5534; x_wconf 95' lang='lat' dir='ltr'><strong> </strong></span> 
     </span>
    </p>
   </div>
  </div>
 </body>
</html>
