3374 5528
260 298 337 385 'MS
655 325 706 380 -ln
725 320 932 382 commentarium
951 329 1104 384 demotites
1122 329 1208 383 Martis

272 505 305 555 et
317 501 509 594 liotbmannns
531 507 698 565 sufficienter
714 512 942 568 demonstrarunt.
969 513 1022 568 Hic
1034 519 1123 568 motus
1144 515 1389 586 demonstreturet
1403 509 1434 566 in
1449 507 1618 582 hypotheses

268 590 416 676 conjicitur
434 586 470 637 ud
490 587 564 646 hunc
583 593 697 646 modum.
735 592 777 646 Sit
797 592 824 645 in
845 593 967 664 sphaera
985 595 1103 649 fixarum
1123 599 1149 649 Α
1169 594 1249 665 polus
1269 591 1417 662 ecliptieae
1438 590 1618 664 imaginariae

268 678 319 716 seu
348 665 471 723 mediae(
503 673 583 743 polus
612 680 704 727 autem
734 671 883 743 ecliptieae
912 691 995 729 serae
1024 681 1167 729 moveatur
1190 674 1218 729 in
1243 673 1354 728 circello
1373 672 1474 727 13an
1495 671 1525 727 ix
1544 679 1619 727 ante·

827 755 961 818 cedentia,
982 761 1014 809 ut
1028 755 1144 810 omnium
1158 756 1331 825 planetarum
1345 752 1420 807 nodi.
1447 751 1512 807 Poli
1530 759 1618 807 trane

826 835 988 906 positionem
1003 835 1125 889 subilxis
1139 833 1263 906 sequitur
1276 832 1459 904 transpositio
1473 832 1618 904 eolipb‘cae

827 931 920 977 verae,
941 923 973 970 ut
992 922 1110 970 constat.
1139 915 1182 970 Sit
1197 915 1256 984 jam
1270 912 1363 968 laxior
1377 912 1510 967 circellm
1524 913 1617 974 mm

827 1003 922 1050 centro
942 1001 967 1050 Δ
987 997 1052 1067 polo
1081 995 1240 1066 eclipticas,
1270 993 1359 1048 medio
1383 992 1553 1066 &temate
1572 995 1617 1046 Δῖ

828 1072 881 1133 230
909 1072 958 1134 42’
988 1071 1107 1148 (quanta
1135 1082 1180 1130 est
1207 1073 1354 1130 declinatio
1384 1067 1546 1142 mediocris)
1574 1075 1617 1127 de·

828 1157 954 1228 scriptus.
981 1157 1038 1213 Sub
1058 1156 1111 1211 hoo
1131 1155 1240 1211 circello
1261 1154 1428 1226 aequalibus
1449 1152 1616 1225 temporibus

827 1245 961 1310 prorepat
984 1236 1096 1292 directio
1120 1236 1181 1292 axis
1202 1235 1319 1291 Telluris
1348 1233 1509 1306 aequaliter
1528 1233 1616 1289 itidem

826 1319 854 1373 in
875 1317 1075 1373 antecedentia.
1116 1319 1244 1381 Constat,
1275 1317 1346 1388 quod
1373 1315 1429 1369 boo
1454 1320 1541 1386 pacto
1565 1316 1617 1368 sal·

769 1451 771 1457 .
824 1406 905 1454 vetur
918 1397 1074 1470 praecessio
1089 1397 1322 1469 aequinoctiorum
1336 1395 1463 1468 aequalis
1474 1392 1616 1467 (siquidem

824 1486 900 1534 esset
919 1497 1003 1534 verae
1024 1485 1053 1533 et
1074 1476 1392 1546 constantis-eclipticae
1405 1469 1514 1546 polus).
1548 1476 1615 1531 Nam

824 1561 895 1614 riam
925 1561 997 1614 bano
1026 1575 1088 1613 esse
1117 1557 1246 1613 circulum
1274 1556 1405 1611 minorem
1435 1560 1520 1627 patet
1548 1556 1615 1619 inde,

825 1642 895 1713 quod
917 1641 952 1694 ab
965 1639 1125 1710 Hipparcho
1146 1656 1196 1709 per
1217 1636 1419 1708 Albategnium
1439 1637 1475 1690 ad
1496 1651 1547 1690 nos
1566 1653 1616 1690 nou

825 1728 871 1775 est
890 1721 967 1775 iacta
986 1720 1075 1788 major
1093 1719 1212 1774 variatio
1233 1716 1419 1790 obliquitatis,
1443 1732 1507 1770 οιιιιι
1527 1721 1616 1771 tamen

826 1796 879 1856 240
899 1803 933 1854 de
947 1801 999 1853 hoc
1012 1798 1122 1854 cireello
1136 1800 1254 1870 promoti
1267 1799 1330 1854 sint
1360 1797 1433 1851 Nam
1446 1795 1487 1850 sit
1500 1797 1617 1866 exempli

825 1881 920 1954 gratia
939 1881 1013 1935 KTL
1034 1875 1093 1935 240.
1127 1881 1287 1950 Respondet
1305 1893 1386 1932 arcus
1407 1876 1504 1931 oiruufi
1525 1877 1615 1948 magni

822 1963 904 2017 KML
925 1957 957 2016 90
980 1955 1027 2017 36⁴
1046 1960 1162 2016 circiter.
1189 1959 1293 2030 siquis
1313 1973 1382 2029 ergc
1404 1956 1527 2011 dixerit:
1547 1956 1616 2010 riam

271 2033 329 2108 poli
350 2035 441 2093 mundi
462 2053 511 2089 seu
532 2037 594 2091 axis
614 2039 716 2095 Terrae
737 2059 798 2095 esse
819 2061 873 2097 non
894 2042 967 2096 KFL
987 2042 1015 2095 in
1036 2041 1136 2095 circulo
1160 2040 1269 2103 minori,
1295 2040 1345 2094 sed
1364 2037 1446 2094 m
1468 2036 1498 2091 in
1518 2037 1617 2092 circulo

267 2114 399 2178 maximo,
420 2115 443 2168 is
464 2117 519 2171 AM
539 2118 747 2175 declinationem
768 2125 854 2177 multo
875 2122 942 2177 lacit
962 2122 1090 2177 minorem
1116 2137 1197 2191 quam
1217 2120 1280 2175 ΔΚ
1321 2120 1353 2174 In
1373 2117 1522 2191 triaugrrlo
1543 2117 1617 2172 sm.

270 2195 308 2250 sit
327 2197 402 2250 latus
423 2214 506 2251 unum
526 2199 576 2251 AL
596 2195 649 2252 230
671 2197 727 2266 52‘,
749 2202 803 2257 ΑΚ
823 2204 860 2258 sit
881 2198 933 2257 230
956 2197 1003 2258 32‘
1024 2208 1053 2255 st
1073 2202 1125 2256 KL
1146 2196 1178 2254 90
1201 2196 1256 2257 36’.
1296 2199 1368 2254 Hinc
1397 2199 1522 2270 angulus
1541 2197 1616 2252 ΛΕΚ

272 2270 323 2331 160
346 2270 402 2333 tfi‘.
436 2277 475 2330 Et
490 2276 550 2346 jam
570 2280 690 2335 demissa
708 2282 928 2353 perpendiculari
948 2283 1011 2346 ΑΜ,
1032 2300 1069 2336 ex
1084 2282 1187 2352 angnslo
1201 2280 1280 2334 MLA
1298 2280 1348 2335 fiet
1368 2272 1422 2333 230
1443 2271 1502 2334 1³⁴.
1530 2279 1617 2333 Tanta

258 2356 414 2410 'debuisset
441 2374 503 2410 esse
533 2358 606 2413 circa
625 2363 761 2431 Alphonsi
788 2371 914 2434 tempora
942 2362 1089 2417 declinatio
1119 2361 1283 2432 eclipticae,
1314 2360 1337 2413 si
1358 2359 1411 2414 KL
1435 2363 1516 2412 esset
1540 2374 1616 2413 arcus

255 2434 365 2491 -circuli
385 2438 487 2509 magni.
529 2440 646 2505 Constat
670 2442 777 2514 itaque,
804 2443 1022 2515 praecessionem
1049 2442 1282 2513 aequinoctiorum
1301 2439 1360 2494 lieri
1384 2439 1536 2494 inflexione
1556 2439 1615 2492 axis

268 2517 388 2571 Telluris
409 2517 460 2569 sub
480 2518 575 2573 minori
597 2521 697 2576 circulo
717 2523 791 2578 ΚΗ,
812 2520 896 2595 (qnod
917 2525 1032 2594 quidem,
1054 2528 1087 2576 ut
1106 2523 1196 2576 obiter
1216 2521 1316 2583 dicam,
1343 2519 1429 2574 etiam
1448 2524 1528 2573 motus
1547 2519 1614 2573 eceli

269 2596 344 2652 circa
363 2597 474 2651 Terram
494 2599 552 2651 fieri
572 2608 674 2670 potest,
696 2604 719 2656 si
739 2605 887 2674 peculiaris
908 2604 972 2658 buio
996 2602 1080 2657 motui
1107 2603 1179 2657 orbis
1200 2593 1376 2666 destinetur).
1418 2600 1484 2654 Jam
1504 2599 1614 2671 propius

270 2678 382 2731 adrem
403 2685 433 2732 et
453 2679 672 2748 compositionem
694 2684 835 2756 utriusque
857 2684 959 2738 circelli
979 2683 1149 2737 veniendum.
1193 2681 1265 2744 Quia
1285 2681 1370 2751 igitur
1391 2685 1513 2743 consue,
1534 2679 1614 2734 decli·

271 2757 410 2812 nationem
430 2758 574 2829 ecliptieae
595 2778 677 2816 verae
698 2768 805 2819 tantum
826 2765 996 2826 decrevisse,
1022 2771 1152 2834 quantum
1173 2762 1291 2816 latitudo
1312 2761 1477 2825 stellarum,
1504 2776 1614 2815 oonoen·

268 2843 380 2894 tansum
400 2839 516 2903 ridetur,
538 2847 681 2913 utrumque
703 2861 764 2898 esee
785 2847 821 2899 ab
842 2847 937 2899 eadem
959 2859 1056 2905 causa,
1079 2860 1116 2898 so.
1141 2860 1195 2897 non
1216 2858 1235 2895 a
1254 2841 1407 2895 deflexione
1429 2841 1495 2895 axis
1515 2842 1615 2896 Terrae

268 2936 285 2973 e
305 2933 356 2972 sua
376 2919 422 2972 via
442 2919 523 2982 KFL,
545 2923 592 2974 aed
614 2925 879 2995 appropinquatione
899 2924 957 2994 poli
978 2923 1122 2993 eclipticae
1148 2939 1231 2977 verae
1251 2922 1279 2976 in
1299 2920 1410 2976 circello
1430 2920 1541 2976 EBCD.
1580 2921 1616 2975 Et

265 2998 326 3069 jam
355 2999 461 3070 quidem
490 3017 544 3053 non
570 3017 625 3072 ago
646 3005 679 3056 de
700 3005 960 3060 commensuratione
991 3011 1124 3067 motuum,
1156 3004 1341 3057 tantummodo
1370 3001 1444 3055 riam
1465 3008 1497 3055 et
1516 3001 1614 3072 primos

269 3080 349 3151 quasi
370 3079 460 3133 aditus
480 3080 581 3134 rudiori
602 3082 727 3137 Minerua
747 3093 833 3139 tento.
875 3085 917 3139 Sit-
936 3084 1023 3156 igitur
1043 3086 1122 3154 polus
1144 3083 1291 3154 eclipticae
1316 3088 1441 3151 tempore
1463 3081 1614 3152 Hipparchi

270 3159 297 3212 in
317 3159 353 3223 D,
383 3166 477 3213 nostro
498 3160 525 3213 in
546 3162 586 3224 Β,
616 3163 763 3218 declinatio
793 3166 850 3219 illic
869 3167 919 3219 DF
939 3159 992 3219 230
1013 3157 1070 3226 52‘,
1091 3164 1134 3217 hic
1155 3165 1201 3217 BT
1221 3159 1274 3218 230
1297 3157 1353 3217 32‘.
1394 3162 1561 3228 Quaeritur,
1582 3178 1614 3214 an

182 3257 187 3266 ·
268 3239 321 3293 boc
340 3246 423 3309 pacto
444 3247 474 3293 et
493 3241 609 3295 fixarum
629 3252 718 3298 motus
739 3251 769 3298 et
790 3247 853 3299 anni
874 3245 1033 3316 magnitudo
1056 3239 1140 3315 (quae
1161 3245 1197 3297 ab
1224 3242 1338 3297 invicem
1362 3237 1538 3310 dependent)
1556 3243 1614 3295 red·

269 3321 368 3373 dantur
397 3319 580 3390 inaequales?
616 3324 730 3378 Omnino
760 3327 826 3379 fient
856 3325 1024 3397 inaequales.
1066 3324 1109 3379 Sit
1132 3324 1203 3378 enim
1223 3323 1284 3392 jam
1304 3323 1355 3376 KP
1378 3321 1471 3390 port-io
1503 3320 1614 3383 droellb

270 3414 349 3470 quem
370 3415 460 3454 annuo
481 3408 556 3455 motu
577 3405 685 3459 conficit
705 3406 768 3460 axis
789 3407 892 3460 Terrae
912 3406 940 3460 in
959 3404 1162 3476 praecedentia,
1189 3420 1238 3458 seu
1265 3404 1339 3457 fixae
1360 3402 1387 3455 in
1409 3403 1614 3474 eomeqnentia,

269 3485 301 3532 et
320 3486 499 3535 connectatur
519 3482 547 3534 K
567 3500 625 3538 curn
647 3487 670 3538 Β
691 3492 721 3538 et
740 3487 775 3541 D.
818 3486 996 3557 Triangulum
1021 3485 1107 3557 igitur
1126 3486 1202 3539 KBT
1221 3483 1353 3552 majorem
1372 3481 1462 3536 habet
1483 3483 1614 3556 angulum

269 3560 303 3622 B,
325 3574 405 3629 quarn
426 3560 503 3615 KDF
524 3565 655 3633 angulum
675 3567 711 3620 D.
751 3566 842 3634 Major
863 3567 948 3639 igitur
968 3566 1058 3635 portio
1086 3564 1190 3619 zodiaci
1215 3583 1252 3619 ex
1272 3565 1295 3617 B
1316 3561 1446 3632 descripti
1476 3562 1616 3618 ineundis

269 3640 402 3711 angulum
423 3642 455 3704 B,
484 3658 563 3711 quam
591 3646 732 3700 subtendit
760 3647 891 3717 angulum
910 3648 936 3700 D
957 3645 1049 3716 portio
1068 3647 1151 3700 exD
1177 3644 1306 3714 descripti
1334 3641 1447 3698 zodiaci.
1489 3643 1615 3697 velocior

269 3718 357 3792 igitur
376 3720 404 3774 in
425 3723 448 3774 B
469 3729 512 3775 est
532 3731 621 3779 motus
642 3727 693 3780 sub
715 3726 826 3781 zodiaco
847 3726 1077 3797 aequinoctiorum
1100 3726 1126 3780 in
1141 3723 1343 3796 praecedentia,
1365 3722 1445 3777 citius
1467 3722 1557 3795 igitur
1569 3723 1614 3778 Sol

269 3801 305 3855 ed
326 3799 524 3869 aequinoctium
553 3805 644 3869 venit,
675 3812 705 3860 et
725 3807 764 3861 sic
783 3807 905 3876 tropicus
933 3823 1021 3861 annus
1048 3807 1136 3861 minor
1165 3812 1217 3861 est.
1257 3804 1382 3859 Tentabo
1412 3802 1615 3859 dimensionem.

268 3879 428 3936 Praecesaio
456 3881 606 3959 mediocris
628 3886 707 3941 unius
738 3887 801 3940 anni
823 3895 867 3941 est
887 3905 922 3942 ex
943 3886 1098 3941 Prutenicis
1121 3881 1180 3942 50⁰
1210 3891 1356 3939 numerata
1379 3884 1407 3938 in
1432 3882 1548 3939 zodiaco
1568 3900 1615 3938 seu

267 3960 353 4015 etism
373 3959 400 4013 in
428 3961 528 4015 cironlc
555 3965 649 4019 minori
677 3967 742 4030 KL,
764 3974 861 4037 estque
889 3969 1009 4040 angulus
1029 3968 1114 4020 KAF.
1155 3965 1199 4021 Sit
1217 3967 1272 4021 ΚΑ
1292 3959 1345 4019 230
1366 3958 1424 4026 42’,
1444 3965 1497 4019 ΔΒ
1520 3959 1569 4020 12⁴
1589 3974 1617 4016 et

268 4041 348 4097 m
369 4034 438 4094 50¹¹.
480 4042 606 4104 Quulium
633 4062 703 4117 ergo
733 4047 808 4100 sinus
829 4048 913 4102 ΚΑΜ
941 4053 986 4102 est
1005 4041 1094 4111 2424,
1126 4045 1223 4100 ιιιΙίιιιιι
1251 4047 1326 4100 sinus
1351 4044 1433 4099 ΚΒΜ
1458 4045 1512 4100 aet
1530 4039 1615 4105 2443,

269 4120 345 4176 sinus
365 4120 450 4174 ΚΒΜ
470 4117 548 4177 2405
571 4125 686 4183 circiter.
728 4129 788 4181 Hoc
816 4134 916 4197 paolo,
947 4126 1054 4198 quoties
1085 4143 1173 4180 annus
1198 4133 1243 4181 est
1271 4124 1464 4192 brevissimus,
1495 4128 1528 4180 ut
1547 4125 1617 4180 inter

269 4200 460 4257 Ptolemaeum
485 4208 515 4256 et
534 4204 718 4273 Alphonsum,
749 4207 897 4278 requiritur
924 4207 1073 4278 obliquitas
1102 4207 1221 4263 minima.
1261 4208 1333 4262 Sane
1361 4222 1441 4259 nemo
1469 4222 1533 4261 eam
1552 4213 1616 4260 tuuc

271 4281 410 4336 dimensis
430 4288 481 4336 est.
517 4284 555 4337 Et
575 4284 691 4340 vicissim
711 4289 747 4342 ab
770 4288 915 4357 Alpbonso
935 4290 970 4342 ad
991 4302 1039 4341 uos
1061 4293 1093 4341 nt
1113 4303 1202 4341 annus
1222 4287 1261 4341 sio
1282 4285 1430 4357 obliquitas
1450 4287 1537 4341 debet
1554 4301 1616 4356 per-

274 4377 386 4417 manere
415 4363 555 4434 aequalis,
586 4367 656 4435 quod
677 4373 707 4420 et
726 4386 820 4422 verum
849 4384 930 4439 qnam
959 4367 1082 4438 proxime
1107 4368 1305 4437 deprehensum
1324 4373 1377 4420 est.
1417 4365 1473 4421 Sed
1493 4364 1617 4422 exerciti

275 4441 372 4514 gratia
390 4441 465 4497 dicta
483 4444 554 4498 baec
574 4453 672 4508 suntin
693 4449 748 4501 scio
769 4466 824 4502 non
843 4449 885 4503 ita
903 4449 1004 4503 leviter
1022 4447 1146 4518 expediri
1167 4464 1256 4518 posse.
1288 4453 1386 4519 (Comp.
1405 4471 1430 4520 p.
1452 4450 1528 4515 423.)
1548 4477 1582 4489 -

361 4519 495 4585 Hucusque
512 4522 651 4588 Kepieruss
679 4526 804 4576 exordium
830 4527 917 4578 barum
943 4526 1069 4576 btessrnm
1096 4523 1247 4577 exhibuimus
1273 4526 1320 4576 soi.
1338 4525 1358 4582 1.
1380 4541 1406 4592 p.
1426 4522 1498 4585 eth
1523 4523 1616 4589 reliqua

275 4601 392 4668 leguntur
408 4603 456 4653 sol.
475 4604 508 4660 ΙΙ,
527 4621 551 4669 p.
571 4602 614 4663 78,
633 4601 693 4663 tut,
713 4602 772 4655 730.
810 4606 940 4658 Concludit
959 4606 1099 4670 Kapisrus:
1130 4599 1211 4654 Mitto
1243 4607 1273 4654 et
1305 4600 1357 4654 boo
1390 4598 1615 4671 rejeutmxtum

272 4675 421 4730 studiorum
450 4695 569 4732 meorum
594 4683 791 4751 (Prognostienm
810 4702 833 4738 a.
855 4686 936 4747 1602)
965 4679 1106 4750 indignum
1130 4679 1225 4751 Magn
1253 4681 1347 4744 Tune,
1377 4681 1427 4735 sed
1455 4680 1615 4736 nibem

271 4761 378 4821 temen,
406 4774 441 4811 ne
463 4767 491 4829 te
512 4766 576 4815 san·
598 4761 745 4816 sollicitum
765 4763 799 4815 de
824 4761 890 4817 meis
920 4759 1015 4815 studiis
1046 4758 1190 4831 quidquem
1219 4776 1311 4816 eorum
1336 4762 1436 4818 lateat.
1477 4761 1550 4817 Vale
1568 4760 1616 4813 Vir

265 4833 432 4911 ⁴Enguinos.
452 4855 549 4911 meque
568 4856 728 4910 promerere
749 4857 844 4913 perge.
885 4842 924 4898 dt
944 4841 975 4898 T.
995 4839 1211 4895 devinctissimus
1282 4840 1319 4896 la
1338 4843 1385 4900 Ie.
1405 4842 1537 4917 [epple.

358 4911 555 4970 Herusrtus
576 4919 602 4970 in
615 4919 830 4992 ”mundonem
846 4920 951 4986 primm
964 4916 1130 4988 aditsstpltd
1142 4916 1338 4989 stupentium.
1355 4919 1613 4989 isitium
