3368 5534
452 325 483 380 da
501 324 690 381 camalam·
708 328 740 380 da
756 334 826 383 ructu
844 329 932 382 stallae
950 326 1047 379 ldutla
1382 318 1426 389 79

65 505 164 571 multa
186 506 328 570 anomala
352 506 536 587 contingent.
583 506 807 571 Occurrendum
831 514 879 570 est
902 509 995 570 etiam
1022 504 1067 567 aic
1090 510 1160 567 tuae
1185 502 1364 586 suspicioni:
1397 505 1425 571 si

65 618 161 659 cansa
184 596 328 676 ancipitis
351 597 553 680 hypotheseos
578 600 683 678 (quam
705 605 806 663 tamen
826 598 891 676 jam
914 594 1080 676 explicavi)
1112 602 1198 659 esset
1219 594 1248 656 in
1272 596 1425 658 eccentri·

65 688 162 751 citata
186 684 286 759 Solia,
309 693 392 748 certe
416 704 551 768 apogaeo
576 695 602 761 ό
625 696 656 748 et
680 685 720 765 Q
746 682 808 750 48⁰
830 687 973 749 distanti:
998 683 1183 764 impossibile
1206 683 1298 762 igitur
1329 693 1426 755 esset.

65 784 100 839 nt
123 770 198 838 mihi
220 774 303 838 idem
323 774 356 837 in
378 794 436 837 uno
460 776 647 839 semicirculo
669 776 817 857 prodiret,
842 776 891 858 qui
916 775 1052 837 continet
1073 792 1240 853 apogaeum
1265 770 1320 850 Q,
1339 776 1425 856 ¹qnod

65 864 94 926 in
118 864 234 939 altero,
259 863 309 951 qui
333 864 505 947 perigaeum
529 862 570 943 Q
594 865 697 928 habet.
743 864 846 946 Atque
870 884 956 939 ecce,
980 864 1010 925 iu
1035 862 1229 943 sequentibus
1252 868 1285 925 tn
1299 870 1339 924 ¹te
1359 863 1425 944 ipae

65 952 175 1035 arripis
192 952 308 1035 tibique
323 944 429 1034 objicis'
444 953 513 1036 ipsi,
530 965 687 1034 utramque
702 954 949 1035 inaequalitatem
965 952 1004 1014 ab
1020 951 1246 1014 ecceutricitate
1260 949 1344 1029 etQ
1355 960 1425 1024 etd

66 1063 150 1105 aano
159 1042 294 1125 incipere
304 1042 450 1124 principio
462 1051 493 1106 et
504 1044 641 1106 confundi
653 1049 688 1114 (v.
701 1069 720 1101 s.
731 1068 755 1117 p.
767 1050 821 1114 rt),
833 1044 969 1123 quamvis
979 1050 1011 1104 tu
1023 1041 1051 1103 in
1066 1039 1129 1102 alia
1143 1040 1271 1103 materia
1285 1060 1423 1123 usurpas.

64 1135 184 1213 Nempe
221 1151 276 1215 per
316 1142 482 1213 apogaeum
507 1131 546 1210 Q
577 1152 682 1213 speras
720 1143 899 1212 aequantem
931 1130 1041 1194 Martis
1070 1131 1192 1204 tollere,
1228 1131 1340 1192 lmstra
1367 1133 1426 1195 hoo

65 1223 131 1304 ipso
154 1228 346 1301 argumento,
370 1222 448 1302 quod
472 1242 606 1302 aequans
620 1241 658 1283 ex
673 1220 760 1283 nudis
782 1223 970 1303 acronyclriis
996 1220 1169 1295 exstruitur,
1194 1220 1243 1280 uhi
1266 1217 1307 1296 Q
1330 1222 1420 1302 plane

64 1310 137 1373 nhil
160 1310 249 1380 iacit,
272 1310 327 1372 aed
351 1318 408 1384 est,
432 1330 469 1374 ac
492 1310 519 1373 ai
542 1319 568 1382 d
592 1331 629 1373 ex
653 1311 719 1391 ipso
742 1319 845 1372 centro
868 1312 968 1372 mundi
988 1316 1187 1391 spectaretur.
1225 1309 1267 1370 Mi
1283 1310 1424 1373 Fabrici:

65 1399 198 1479 gratiam
230 1399 351 1481 quidem
383 1409 513 1462 meretur
545 1409 627 1463 tuum
659 1399 798 1462 veritatis
831 1400 963 1462 studium
991 1408 1023 1461 et
1052 1397 1233 1459 sollicitudo.
1281 1396 1425 1463 Ceterum

65 1490 139 1552 haec
163 1506 298 1551 resnou
322 1487 421 1569 agitur
443 1480 625 1570 conjecturis
648 1497 680 1551 et
703 1488 923 1569 suspicionibus
946 1489 1070 1552 talibus.
1116 1487 1150 1547 ln
1171 1496 1327 1549 aeternnm
1350 1488 1425 1552 nihil

66 1578 139 1641 certi
162 1577 416 1653 concionaremur,
439 1578 498 1642 uisi
522 1580 623 1660 aliqua
646 1586 730 1640 certa
753 1587 785 1640 et
799 1579 884 1640 firma
906 1578 1177 1658 praemitteremus.
1215 1577 1262 1639 Ac
1274 1585 1307 1639 tu
1320 1586 1423 1657 putas,

66 1666 143 1747 quod
166 1686 226 1747 ego
247 1667 331 1749 prius
354 1667 425 1730 mihi
449 1670 559 1748 fingam
575 1669 705 1749 aliquam
720 1669 896 1729 concinnam
916 1665 1105 1751 hypothesin,
1133 1665 1168 1726 in·
1186 1686 1224 1727 ea
1247 1664 1424 1728 exomenda

66 1754 221 1835 mihiipsi
245 1756 435 1836 applaudam,
460 1765 568 1839 postea
591 1758 708 1819 de'rnum
731 1757 815 1819 illam
838 1757 877 1819 ad
900 1757 1128 1819 ohservationes
1151 1755 1329 1817 examinem.
1375 1757 1423 1819 At

65 1848 152 1927 longa
177 1843 305 1907 falleris.
343 1846 459 1908 Verum
482 1859 539 1922 est,
564 1848 613 1908 ubi
636 1846 812 1928 hypothesis
836 1846 1097 1908 observationibus
1112 1854 1269 1906 exstructa
1292 1855 1324 1905 et
1347 1864 1424 1909 con·

64 1937 187 1997 firmata
210 1944 275 2009 est,
299 1942 407 2015 postea
430 1935 551 1998 mirifice
575 1936 688 2017 gestio,
719 1936 745 1998 εἰ
769 1936 798 1997 in
822 1956 859 1996 ea
882 1932 1163 2014 naturaealiquam
1187 1933 1424 1997 concinnitatem

65 2022 226 2087 inveniam.
273 2024 491 2105 utnusquam
515 2034 607 2088 autea
629 2026 719 2106 plane
742 2026 897 2087 concludo.
943 2025 1010 2105 Ego
1033 2023 1214 2104 sesquiauno
1237 2023 1320 2103 prins
1350 2023 1425 2086 milui

65 2114 100 2175 de
123 2112 297 2175 bisectione
321 2114 557 2177 eccentricitatis
581 2115 698 2177 somnia
721 2114 847 2197 physica
870 2115 956 2189 finxi,
986 2133 1075 2195 qnam
1103 2112 1192 2191 plane
1216 2113 1423 2175 concluserim.

66 2202 146 2265 h'am
167 2220 226 2283 pro
245 2198 330 2266 1800
345 2221 462 2284 semper
477 2200 565 2268 2300
584 2203 755 2286 prodibant.
792 2204 836 2265 At
859 2222 978 2287 errores
1001 2209 1088 2264 erant
1111 2200 1141 2263 in
1165 2201 1424 2264 observationibus

67 2292 144 2355 male
168 2289 310 2353 deductis
334 2290 373 2352 ad
396 2292 581 2375 eclipticam,
612 2312 687 2372 quas
718 2300 805 2355 tanto
833 2300 905 2373 post
926 2299 1062 2371 tempore
1085 2291 1203 2352 demum
1228 2290 1423 2371 deprehendi.

65 2381 106 2444 lis
128 2378 262 2451 sublatis
285 2379 439 2443 celerrime
466 2380 552 2446 1800
574 2382 720 2462 prodiere,
745 2389 778 2443 et
801 2401 838 2443 ex
852 2382 989 2444 omnibus
1003 2379 1191 2462 pragmatiis,
1218 2400 1343 2461 quarum
1365 2384 1424 2443 bon

65 2471 162 2533 minus
186 2487 252 2544 sex,
277 2469 421 2551 quasdam
445 2472 528 2534 senis
550 2468 715 2534 instructus
738 2470 973 2533 revolutionibus
1000 2469 1198 2550 pertractavi.
1244 2471 1327 2531 Tunc
1349 2488 1424 2545 asna

65 2558 207 2623 mirificus
231 2558 312 2639 apud
335 2576 382 2621 me
401 2567 484 2622 ortus
500 2568 548 2623 est
562 2580 735 2635 consensus,
752 2560 996 2621 concurrentibus
1011 2560 1167 2622 confertim
1182 2567 1214 2620 ct
1229 2578 1295 2620 cum
1310 2559 1425 2640 impetn

65 2649 175 2713 mentia
198 2646 270 2710 hinc
294 2648 547 2725 observationum,
571 2650 640 2711 inde
662 2649 802 2731 physices
825 2649 1118 2711 ratiocinationibus.

149 2737 235 2801 Nam
250 2744 285 2799 nt
299 2745 353 2799 tua
376 2739 583 2819 quaestionum
606 2739 735 2812 vestigia
757 2738 898 2800 contiuno
923 2756 1058 2800 sermone
1081 2755 1207 2818 sequar:
1256 2741 1311 2806 rig.
1331 2734 1375 2787 ²⁰·

65 2827 142 2892 scito
175 2828 225 2900 (et
255 2833 330 2907 puto
360 2845 406 2890 me
434 2828 498 2908 jam
528 2830 649 2908 saepius
679 2829 873 2901 inculcasse),
903 2827 1061 2910 aequantia
1086 2846 1208 2890 causam

64 2936 132 2981 esse
166 2934 391 2995 cucumerem:
421 2914 479 2979 non
514 2926 615 2980 tamen
652 2917 716 2997 ejus
751 2917 924 2998 aequantia,
965 2937 1021 2998 quo
1055 2916 1140 2978 nohis
1170 2916 1209 2976 ad
1264 2911 1282 2959 ἲ

64 3004 246 3089 compendia
273 3005 382 3068 calculi
405 3015 453 3069 est
480 3008 633 3069 utendum.
680 3008 759 3069 Nam
780 3007 808 3069 is
831 3026 885 3084 per
907 3026 994 3068 suam
1017 3005 1111 3086 ipsius
1134 3024 1208 3066 cau-

64 3114 148 3170 sam,
183 3112 246 3177 qua
275 3093 350 3156 locis
383 3096 558 3158 eccentricis
591 3097 771 3159 satisfacere
802 3097 1041 3170 demonstratur,
1075 3096 1209 3174 arguitur
1386 3102 1403 3149 Ι

65 3181 215 3247 falsitatis
245 3183 326 3246 circa
357 3184 613 3264 dispensationem
646 3184 856 3249 distantiarum
889 3194 920 3247 et
951 3185 1020 3246 viae
1056 3185 1207 3264 planetae.
1336 3184 1339 3189 '

62 3272 235 3355 Requirant
274 3273 473 3355 acronychiae
516 3275 775 3339 eccentricitatern
816 3273 887 3347 AB,
931 3281 1109 3356 aequantem
1144 3272 1208 3346 BC,
1268 3306 1288 3353 Ι

65 3362 183 3426 docebo
207 3379 264 3441 ego
294 3380 332 3423 ex
362 3382 454 3425 causa
480 3364 606 3446 physica
628 3364 693 3425 sine
715 3362 912 3444 perallaxium
943 3363 1054 3425 auxilio
1086 3363 1209 3443 (quam-

62 3452 111 3515 vis
147 3452 208 3514 hae
242 3468 290 3513 me
322 3451 449 3536 primum
480 3451 651 3526 docuerint)
680 3473 717 3514 ex
745 3454 817 3528 AB,
845 3450 899 3515 BG
932 3452 1080 3532 inquirere
1113 3471 1209 3531 quan-

63 3542 189 3605 titatem
222 3538 280 3603 DE
311 3559 403 3603 verae
436 3542 689 3611 eccentricitatis,
720 3561 795 3621 quse
827 3551 875 3602 est
907 3542 1060 3603 dimidium
1092 3540 1129 3600 dc
1157 3540 1211 3602 Dr

56 3630 158 3723 panio
189 3628 328 3694 breviore
358 3650 445 3711 quam
472 3629 540 3694 Ac.
587 3632 671 3693 llaec
702 3631 758 3693 DE
791 3649 864 3692 vera
896 3629 1104 3694 eccentricitas
1127 3628 1212 3690 dabit

64 3738 156 3783 veras
190 3718 356 3782 distantias
390 3726 422 3781 et
451 3722 528 3782 viam
556 3728 707 3791 &veram
740 3729 831 3801 atque
859 3719 951 3782 etium
980 3721 1048 3781 loca
1075 3725 1100 3788 <5
1128 3736 1209 3791 vera,
1274 3712 1292 3759 θ
1381 3712 1403 3766 Α

67 3810 122 3874 sed
145 3807 395 3871 laboriosissime.

155 3898 204 3961 De
235 3898 502 3961 latitudinibus
526 3898 637 3960 Martis
670 3898 746 3960 satis
779 3898 920 3980 inquiete.
966 3896 1054 3960 Prius
1086 3897 1268 3976 placuerum.
1316 3894 1350 3959 Si
1374 3897 1426 3960 via

65 3986 276 4071 longitudinis,
300 3986 410 4067 inquis,
434 3997 483 4050 est
506 3987 612 4061 cvalis,
636 3988 748 4068 poterit
772 3996 803 4049 et
825 3988 876 4049 via
894 3986 1064 4048 latitudinis
1079 4004 1146 4047 esse
1163 3993 1308 4059 tortuosa,
1334 4004 1426 4067 qnare

66 4075 204 4142 reductio
218 4074 373 4160 'lychonis
391 4095 472 4152 vera,
496 4084 550 4139 tua
572 4095 654 4153 vero,
677 4078 818 4157 Keplere,
842 4076 943 4155 opinio
966 4075 1105 4156 impingit
1127 4075 1157 4136 in
1181 4075 1293 4136 malam
1317 4094 1425 4138 eccen-

65 4166 216 4231 tricitatia
239 4164 469 4229 ordinationem.
514 4165 542 4230 O
565 4167 792 4247 praedatorem!
816 4185 905 4249 quarn
928 4165 1048 4243 egregie
1072 4163 1143 4225 mihi
1167 4164 1307 4243 hugiendo
1331 4184 1427 4245 nego-

65 4258 142 4321 tium
157 4253 294 4330 exhibes,
311 4254 424 4317 nullam
437 4255 631 4318 munitionem
646 4257 798 4328 obsidens,
814 4274 965 4336 nunquam
981 4262 1086 4333 aperto
1102 4254 1202 4316 Marte
1217 4253 1424 4334 congrediens.

66 4344 150 4419 Quid
183 4364 259 4427 opus
293 4344 484 4425 suspicione?
528 4343 657 4408 Ovalem
690 4364 746 4425 ego
778 4347 908 4425 figuram„
937 4343 1062 4424 primum
1095 4358 1131 4404 ex
1165 4341 1426 4406 observationibus

67 4434 286 4510 demonstravi,
310 4441 420 4513 postea
442 4435 573 4497 naturali
590 4436 795 4515 speculatione
818 4432 967 4505 roboravi,
992 4431 1037 4495 sic
1060 4441 1093 4493 ut
1116 4452 1153 4495 ex
1176 4432 1291 4495 dnobus
1310 4451 1426 4513 aequa-

65 4522 192 4587 liaaimis
215 4522 485 4605 principiis'unum
508 4524 629 4586 tertium
652 4524 809 4606 inaequale
833 4521 978 4602 prodiret.
1024 4522 1067 4584 Tu
1092 4522 1118 4584 si
1141 4523 1203 4583 tale
1223 4521 1307 4601 'quid
1330 4540 1424 4601 prae-

66 4612 184 4677 stiteris
208 4632 277 4676 cum
300 4620 355 4674 tua
377 4620 515 4675 tortuosa
537 4613 705 4677 latitudinis
721 4615 788 4688 via,
813 4611 932 4686 viceris,
956 4618 988 4671 et
1010 4629 1066 4691 ego
1089 4611 1236 4672 inutiliter
1251 4610 1424 4691 Tychpnica

66 4702 245 4767 taxaverim.
292 4701 340 4763 At
362 4702 411 4783 qui
432 4701 547 4784 possis,
580 4722 645 4765 cum
676 4704 752 4766 baec
784 4698 924 4765 tortuosa
953 4699 1002 4760 via
1025 4701 1193 4763 latitudinis
1216 4708 1360 4779 sequatur
1383 4720 1421 4764 ex

69 4812 135 4857 mea
156 4790 321 4878 hypothesi
344 4791 553 4872 longitudinis,
587 4812 663 4873 quae
693 4790 824 4855 ¹nondum
847 4798 896 4851 est
919 4809 1040 4863 eversa,
1073 4808 1111 4850 ne
1134 4790 1254 4870 quidem
1270 4791 1425 4854 obsessa?

70 4882 150 4947 Nam
171 4894 205 4947 tu
229 4880 353 4967 quidem
376 4889 481 4945 contra
499 4901 566 4945 eam
581 4882 673 4946 solita
692 4883 755 4964 pila
770 4879 934 4961 jacularis,
959 4878 1144 4959 suspiciones
1167 4880 1290 4943 inutiles
1312 4879 1425 4963 princi·
