3368 5534
250 294 315 365 746
633 296 870 369 moso·
888 300 994 369 coquo
1010 298 1053 351 12.
1065 298 1123 353 oc
1137 296 1215 351 oooo.

250 495 308 559 qne
330 475 516 557 interjectos,
539 498 595 560 per
608 478 751 543 Rhodum
774 486 805 542 et
828 480 879 562 qui
900 480 978 544 hanc
1002 479 1137 562 sequitur
1159 479 1257 541 sinum
1278 478 1413 552 Issicum,
1438 497 1494 558 per
1508 476 1604 559 Cypri

249 566 342 629 litore
364 575 396 628 et
416 584 471 646 per
493 568 687 632 Antiochiam
714 569 743 631 in
766 570 1016 650 Mesopotamiam
1045 590 1079 632 se
1106 567 1221 649 recepit
1248 577 1281 630 et
1302 586 1394 648 prope
1414 567 1604 649 Euphrstem

250 655 361 718 Terras
383 656 492 719 iterum
515 658 657 721 descruit.
1172 716 1177 723 .

340 742 489 827 Quicquid
517 747 608 827 igitur
635 749 797 810 Terrarum
825 748 863 809 ab
891 747 949 809 hoc
980 747 1072 810 limite
1105 747 1135 809 iu
1167 746 1389 828 septentriones
1419 746 1539 825 vergit,
1570 754 1600 807 ut

250 833 342 897 ltslio
364 843 396 896 et
418 842 486 897 tote
508 836 571 897 fere
593 835 727 918 Europe,
749 836 788 900 iis
807 837 910 918 alique
928 837 966 898 de
980 836 1052 899 Sole
1071 835 1220 917 particule
1243 856 1263 896 a
1285 835 1487 914 septentrione
1512 853 1602 914 supra

250 920 372 987 residue
393 923 462 984 vise
485 932 546 996 est,
570 944 682 988 cornus
704 925 759 988 sub
782 926 912 989 modium
935 925 1084 1006 eclipseos
1107 925 1246 986 deorsum
1268 925 1439 1004 porrigens,
1462 923 1604 1004 quicquid

250 1031 322 1074 voro
346 1013 376 1073 in
400 1021 545 1089 austrum,
570 1023 603 1076 ut
625 1014 775 1095 Hispania
797 1014 912 1089 ultimo,
937 1016 993 1077 hoc
1015 1014 1098 1077 Solis
1121 1013 1252 1095 aliquem
1274 1014 1455 1094 porticulum
1476 1012 1605 1075 inferius

250 1120 356 1164 versus
380 1111 514 1164 austrum
537 1102 616 1164 vidit
638 1112 825 1179 exstantem,
855 1113 888 1166 et
909 1122 1021 1166 cornus
1051 1121 1168 1165 sursum
1192 1121 1296 1177 verse,
1327 1103 1415 1183 idque
1443 1114 1605 1165 constante

250 1210 320 1253 mes
343 1191 511 1255 latitudine.
558 1191 728 1255 Secundum
752 1193 955 1274 Tychonicam
977 1212 1049 1254 vero
1078 1191 1268 1254 latitudinem
1291 1193 1409 1255 omnino
1431 1193 1551 1256 Rornae
1575 1199 1607 1252 et

251 1281 280 1343 in
303 1280 474 1361 praecipuis
498 1280 575 1343 locis
598 1281 706 1344 Italiae
728 1290 810 1345 totus
835 1281 890 1345 Sol
914 1282 1005 1344 fuerit
1027 1288 1136 1344 tectus.
1181 1281 1266 1343 Hoec
1289 1301 1360 1344 vero
1383 1282 1484 1343 omnio
1504 1300 1605 1362 popu-

251 1370 308 1435 lori
332 1371 426 1433 etium
449 1370 707 1433 animadversione
731 1372 820 1435 facile
843 1372 1063 1435 discernuntur.
