3368 5534
731 325 906 406 qaam
1127 267 1131 278 ⁵
1435 310 1500 403 'ss-s
1598 413 1601 417 ,

145 507 269 573 addidit
290 506 461 571 collectioni
484 506 662 586 inscriptae:
687 504 955 585 Urauologion,
979 504 1043 579 siue
1058 505 1201 589 systema
1223 510 1373 574 variorum
1389 511 1500 575 autho·

145 617 229 674 rum,
262 597 313 679 qni
341 597 379 658 ‘de
406 595 537 676 sphaera
569 615 604 657 ac
629 596 777 658 sideribus
805 614 965 675 somnique
996 595 1126 658 motibus
1155 594 1275 661 Graece
1305 605 1500 664 commentati

145 698 220 753 snut
242 686 330 761 (Lot
353 686 423 749 Par.
451 682 561 757 1630).
607 685 714 748 Unum·
731 686 793 746 fere
816 683 960 745 habemus
984 691 1093 747 testem
1119 686 1154 748 de
1170 687 1335 769 Hipparchi
1359 699 1500 753 astrono-

145 779 208 841 mia
236 776 513 847 Ptolemaeum,
544 774 593 855 qni
623 774 705 837 illius
734 772 994 836 obseruationibus
1019 782 1050 836 et
1072 774 1290 858 hypothesibus
1314 778 1500 843 fundamenti

145 868 214 931 loco
237 885 332 942 usus,
354 864 557 945 superstruxit
579 863 627 926 bis
651 863 757 926 librum
781 880 883 938 suum,
907 881 994 942 quem
1023 863 1095 925 dicit
1120 865 1257 943 Merulae
1280 865 1434 943 Συνταξιν,
1460 869 1499 931 ab

145 954 303 1021 Arabihus
326 954 367 1016 ad
384 960 489 1015 nostra
512 962 649 1033 tempora
671 962 773 1014 notum
798 952 852 1013 suh
877 951 965 1013 titulo
988 952 1260 1034 Almagestnm.
1306 955 1427 1020 Passim
1450 957 1499 1020 bic

145 1044 280 1109 occurrit
295 1061 402 1106 nomeu
417 1041 582 1124 Hipparchi
597 1041 735 1103 maximis
755 1040 866 1103 additis
882 1040 1029 1103 laudibus.
1050 1042 1135 1104 Libri
1149 1043 1188 1105 V.
1203 1042 1351 1123 capitibus
1371 1043 1498 1110 tt-tb

145 1134 232 1198 illum
255 1142 380 1196 secutus
403 1129 502 1208 Solis,
531 1131 635 1194 Lunae
659 1138 691 1192 et
713 1131 826 1192 Terrae
850 1131 1013 1193 diametros
1038 1131 1090 1193 bc.
1116 1144 1272 1211 comparat
1294 1133 1498 1212 Ptolemaeus,

145 1222 304 1287 schemate
327 1236 400 1284 usus
424 1221 501 1300 qnod
521 1219 738 1301 supradictum
759 1228 807 1282 est
826 1216 1033 1300 ,diagramma
1047 1221 1231 1303 Hipparchi“
1257 1219 1369 1306 (Oomp
1383 1224 1450 1306 Fig.
1469 1225 1497 1289 f.

145 1312 352 1395 sequentem),
377 1309 525 1373 theoriam
547 1309 735 1373 constituens
758 1309 860 1371 horum
885 1327 1048 1388 corporum.

237 1401 391 1483 Keplsrus
414 1399 604 1480 insequenti
629 1398 703 1461 libro
728 1399 805 1461 hanc
829 1398 987 1474 theoriam,
1014 1398 1221 1463 subtilioribus
1244 1400 1367 1481 adjutus
1390 1400 1497 1464 obser-

147 1489 336 1565 vationibus,
352 1488 511 1551 emendare
528 1496 653 1551 conatus
669 1495 725 1561 est,
741 1507 802 1549 rem
813 1506 895 1564 vero,
906 1506 1086 1568 quamquam
1100 1488 1208 1552 iterum
1222 1490 1390 1570 iterumque
1406 1490 1444 1553 ad
1460 1490 1498 1554 il-

147 1583 207 1645 iam
218 1597 373 1652 reversus,
389 1578 596 1658 imperfectam
608 1576 736 1656 reliquit,
753 1575 960 1639 deficientibus
979 1576 1240 1642 observationibus
1250 1578 1497 1654 accuratioribus,

145 1688 235 1753 qnnm
268 1668 362 1742 illae,
398 1686 475 1747 quae
505 1666 562 1747 ipsi
590 1675 713 1746 praesto
742 1666 843 1737 iners,
876 1665 1005 1728 nondum
1029 1666 1209 1730 sufficerent
1255 1668 1327 1749 Ipse
1351 1668 1498 1744 Keplsrus

145 1759 262 1843 passim
286 1754 394 1820 lihrnrn
419 1755 548 1818 huncio
573 1754 712 1834 operibus
737 1754 799 1816 suis
823 1761 855 1816 et
877 1755 973 1816 literis
999 1756 1127 1834 privatis
1158 1756 1232 1819 dicit
1263 1775 1340 1819 nunc
1363 1758 1498 1820 conscri-

145 1848 288 1922 bendum,
313 1862 391 1907 nnuc
414 1850 530 1925 quoque
553 1843 639 1925 quasi
664 1845 874 1923 conscriptum,
898 1862 986 1923 quam
1003 1845 1119 1906 obrem
1134 1845 1221 1909 multi
1240 1845 1408 1929 aequalium
1424 1865 1498 1929 opus

145 1940 201 2002 hoo
219 1934 345 2017 abipso
360 1933 632 2012 efflagitabantvel
656 1952 713 1994 non
739 1932 905 1996 obtinuisse
929 1934 1086 2012 legendum
1110 1952 1199 2015 aegre
1224 1935 1301 1998 ferre
1325 1952 1359 1997 se
1380 1935 1498 2016 publice

145 2014 377 2112 prohwhantur.
428 2022 626 2086 Jeremias
655 2018 887 2086 Horroccius'
916 2023 994 2084 inter
1028 2023 1085 2086 hos
1121 2024 1234 2104 primus
1264 2024 1407 2088 dicendus
1440 2033 1498 2098 est,

145 2136 213 2183 cum
237 2114 277 2178 ob
300 2111 412 2193 ingenii
437 2111 649 2191 doctrinaeque
674 2111 884 2186 subtilitatem,
908 2120 970 2174 tum
994 2113 1032 2174 oh
1055 2113 1237 2194 singularem
1261 2132 1350 2194 quarn
1366 2114 1500 2177 exhibuit

145 2206 282 2288 Keplero
305 2200 521 2276 reverentiam,
555 2219 644 2282 quam
672 2208 824 2263 testantur
852 2221 904 2276 ea,
942 2221 1018 2283 quae
1048 2202 1126 2265 infra
1159 2212 1336 2284 sequuntur,
1365 2222 1499 2285 quaeque

145 2292 350 2375 momolenus
373 2310 412 2353 ex
434 2289 529 2364 libro,
559 2308 647 2370 quem
670 2289 766 2352 edidit
787 2289 808 2352 J
818 2309 960 2353 oannes
983 2290 1148 2366 Wallis,
1182 2290 1397 2367 „Geometriae
1425 2311 1498 2373 pro-

146 2386 246 2449 fessor
277 2378 452 2446 Savilianns
479 2375 652 2454 Oxoniae,“
678 2386 710 2440 et
732 2378 901 2458 inscripsit:
936 2379 986 2454 „J.
1019 2381 1237 2455 Horroocii,
1273 2381 1499 2463 Liverpoiensis

145 2472 252 2553 Angli,
277 2488 317 2534 ex
339 2468 515 2531 Palatinatn
537 2468 752 2541 Leucastriae,
776 2466 903 2549 Opera
924 2469 1145 2548 posthuma
1191 2470 1361 2532 Videlicet:
1384 2471 1498 2535 Astro-

147 2560 251 2645 nomia
270 2557 465 2639 Kepleriana
482 2557 608 2620 defensa
630 2564 662 2619 et
682 2564 831 2637 promota.
867 2556 1021 2639 Excerpta
1036 2578 1074 2621 ex
1089 2559 1226 2640 epistolis
1243 2560 1281 2621 ad
1301 2559 1500 2623 Orabtraeum

148 2670 243 2715 mum.
305 2644 558 2801 Olqservatiouum
592 2646 768 2710 coelestium
799 2647 966 2729 catalogus.
1012 2647 1116 2710 Lunae
1153 2648 1272 2713 theoria
1304 2650 1414 2712 nova.“
1443 2650 1498 2712 duc.

207 2736 297 2803 ndini
322 2736 335 2803 1
365 2733 434 2811 78.)
644 2805 652 2820 ‚

148 2740 207 2817 aa)
225 2831 309 2886 Haeo
327 2826 416 2901 igitur
435 2825 664 2881 Horroooius:
685 2825 876 2882 Divinissimus
900 2826 1048 2896 Keplsrus,
1070 2825 1189 2882 feliciter
1214 2827 1344 2883 adhibitis
1372 2830 1499 2899 specula·

147 2910 268 2969 tionibus
299 2907 440 2982 physicis,
470 2922 551 2961 veras
581 2912 611 2962 et
639 2907 782 2962 naturales
811 2914 933 2962 motuum
962 2906 1122 2962 coelestium
1142 2923 1241 2962 causas
1263 2915 1347 2979 atque
1367 2909 1428 2964 ideo
1449 2927 1499 2982 ge·

148 2992 247 3061 minas
267 2984 375 3045 orbium
400 2988 502 3043 formas
523 2980 638 3054 (saltem
658 2987 686 3041 in
707 3005 758 3041 sex
778 2984 926 3058 primariis)
948 2986 976 3041 in
996 2987 1084 3043 lnoem
1111 2989 1223 3042 tandem
1242 2989 1393 3059 protraxit,
1415 2996 1499 3061 atque

147 3060 218 3129 re'ris
238 3069 360 3143 undique
380 3067 582 3140 hypothesibus
602 3067 740 3131 innititur3
767 3067 796 3121 iu
815 3086 848 3122 eo
869 3069 957 3123 solum
977 3083 1114 3138 peccans,
1141 3070 1211 3139 quod
1231 3086 1358 3124 numeros
1379 3077 1500 3125 motuum

148 3160 177 3211 et
202 3152 384 3227 planetarum
410 3147 629 3203 eooentricitntss
659 3166 714 3203 non
743 3148 866 3218 praecise
891 3155 967 3203 recte
995 3148 1145 3203 constituit
1186 3147 1234 3203 Sin
1259 3156 1353 3205 autem
1373 3166 1499 3206 numeros

148 3251 210 3291 mos
229 3231 276 3302 (in
289 3231 357 3287 Tah.
378 3223 533 3299 Rudolph.)
553 3244 650 3299 parum
671 3234 827 3293 commutes,
849 3245 1010 3283 consensum
1030 3235 1188 3284 accuratum
1209 3238 1239 3284 et
1259 3237 1431 3285 constantem
1451 3232 1499 3286 ob-

148 3313 334 3371 servationum
348 3316 379 3365 et
398 3309 498 3364 ossculi
518 3308 615 3364 merito
636 3307 788 3365 miraberis.
803 3310 934 3371 —Quod
956 3314 1049 3362 autem
1062 3309 1201 3380 Keplsrus
1222 3310 1355 3374 fateatur,
1376 3328 1406 3365 ae
1421 3309 1499 3366 lumi·

148 3395 256 3453 mium·
274 3390 398 3464 deliquia
410 3389 493 3444 aliter
506 3389 678 3453 observasse,
700 3405 780 3460 quam
795 3390 911 3444 exhibet
924 3389 1082 3444 tabularum
1102 3390 1233 3453 calculus,
1256 3392 1367 3447 tabulas
1383 3385 1499 3459 (Budel-

148 3471 260 3549 μὴ...)
291 3471 400 3545 quidem
429 3469 604 3539 imperfectas
634 3469 747 3542 arguit,
778 3471 825 3524 sed
855 3469 973 3524 animum
993 3487 1024 3523 re
1044 3486 1111 3524 rera
1130 3470 1294 3542 ingenuum,
1323 3477 1353 3527 et
1372 3471 1499 3527 veritatis

148 3555 254 3631 mgis,
280 3568 364 3625 quam
383 3549 536 3606 immeritae
563 3549 652 3605 laudis
674 3550 833 3605 studiosum.
874 3550 1005 3605 Nimirum
1025 3567 1080 3603 non
1101 3556 1164 3606 erat
1183 3550 1231 3604 ille
1255 3551 1338 3607 homo
1358 3559 1417 3608 tam
1437 3570 1498 3624 per·

148 3636 244 3694 hictu
264 3630 381 3697 umus,
412 3636 445 3685 ut
474 3630 609 3686 absurdas
639 3630 749 3702 quasvis
779 3631 916 3701 ampullas
936 3647 1037 3701 magno
1063 3630 1182 3685 clamore
1204 3630 1309 3702 ignaris
1330 3632 1497 3697 divenderet,

148 3719 224 3775 modo
244 3714 306 3787 ipsc
326 3712 357 3768 in
376 3710 464 3767 husati
477 3710 580 3765 laboris
595 3710 753 3782 praemium,
775 3711 934 3767 brevissimo
957 3710 1046 3766 inanis
1066 3710 1174 3783 gloriae
1195 3712 1272 3774 flaba.
1294 3711 1497 3777 intumesceret,

148 3802 176 3855 et
191 3798 269 3857 inter
287 3791 442 3867 inconditos
462 3790 652 3862 plaudentium
671 3792 803 3862 strepitus
828 3792 937 3864 placide
962 3791 1015 3847 sibi
1035 3791 1206 3846 adularetur.
1247 3792 1329 3846 Talea
1355 3810 1410 3867 ego
1435 3793 1499 3848 nori

151 3872 342 3943 (tum
358 3870 397 3922 lds
409 3869 470 3920 dlelt
480 3868 636 3930 Bomocolus,
655 3879 742 3921 conns
754 3885 833 3936 qnam,
852 3871 987 3935 Keplsrum
998 3871 1072 3935 longe
1085 3868 1157 3920 aliter
1174 3874 1311 3930 mantem,
1329 3870 1363 3921 lbi
1380 3872 1498 3923 suornm

148 3956 276 4011 fiam.
313 3952 401 4018 comp.
422 3956 507 4003 annot
528 3949 672 4007 odbomm.
691 3949 848 4002 ilerdense.
869 3947 923 4013 45).
942 3945 991 3998 sed
1012 3943 1097 3998 mem
1117 3960 1196 3998 nemo
1210 3943 1287 3998 norit
1300 3943 1498 4016 Keplsrum.

148 4028 299 4090 ledaa'or
325 4025 381 4082 tois
409 4024 565 4080 mehercule
591 4023 728 4096 ingenuus
748 4024 796 4078 ille
827 4029 857 4078 et
884 4022 1119 4096 ingeniosissimus
1139 4024 1240 4087 heros,
1261 4039 1344 4096 quam
1363 4032 1408 4089 ut,
1430 4041 1498 4080 suae

150 4110 232 4185 ipsiu
262 4106 356 4165 laudis
385 4104 561 4168 bucoinstor,
591 4106 665 4175 apud
693 4104 813 4175 reliquos
841 4105 946 4160 nullam
972 4103 1070 4159 merito
1095 4104 1239 4161 inveniret
1280 4107 1321 4159 At
1346 4105 1411 4160 mihi
1437 4121 1497 4159 cum

148 4192 227 4249 lande
247 4186 318 4245 licet
337 4186 367 4242 in
386 4183 503 4255 Kepieri
527 4185 609 4239 laude
630 4185 762 4239 arctiores
782 4184 933 4240 modestiae
952 4184 1053 4239 limites
1075 4185 1228 4248 transilir03
1249 4184 1316 4239 licet
1333 4184 1401 4240 mihi
1419 4184 1497 4239 illum

149 4288 231 4347 snpra
250 4267 385 4326 mortales
401 4264 543 4328 admirari;
563 4265 632 4319 licet
651 4265 802 4338 egregium,
824 4265 1017 4320 divinissimum
1038 4270 1088 4320 ant
1106 4264 1130 4319 si
1151 4265 1214 4337 quid
1233 4265 1323 4334 majus
1338 4265 1495 4336 appellare;

147 4352 211 4411 hest
222 4338 354 4423 deniqne,
376 4362 462 4417 snpra
474 4350 562 4409 totam
575 4344 828 4417 philosophantium
842 4346 964 4400 scholam
979 4346 1025 4399 vel
1045 4344 1153 4401 unicum
1167 4346 1320 4417 Keplsrum
1339 4345 1495 4400 aestimm.

146 4434 224 4491 lino
244 4428 337 4487 solnm
356 4426 449 4483 canite
469 4432 590 4496 poetae,
620 4425 648 4480 in
677 4425 763 4496 ipsius
794 4427 875 4482 laude
902 4425 1049 4497 veritatem
1079 4442 1217 4497 nunqnam
1238 4426 1399 4497 aequaturi,
1422 4425 1495 4479 hunc

146 4512 232 4572 saluum
245 4508 339 4575 ‚aria
359 4506 531 4579 philosophi,
552 4508 586 4560 de
606 4506 655 4560 illo
675 4507 757 4571 certi,
778 4508 883 4562 habere
903 4507 986 4562 istum
1007 4505 1105 4571 omnia,
1128 4505 1174 4577 qui
1193 4507 1281 4561 hahet
1299 4504 1492 4576 Keplsrum.

153 4628 156 4633 .
229 4588 279 4642 ms
295 4586 439 4654 pessmlssts
455 4585 554 4649 propina
577 4584 630 4635 adit
645 4584 791 4636 Horroccius
807 4584 909 4649 Kepleri
928 4598 1015 4649 opera,
1034 4584 1178 4648 praesertim
1196 4582 1304 4634 Tabulae
1323 4580 1493 4647 Rndolphinas

145 4678 170 4724 st
185 4668 370 4727 flamonium,
388 4666 482 4718 mom
505 4665 532 4715 in
550 4664 597 4715 illis
615 4678 631 4714 a
648 4664 756 4730 Keplero
775 4666 913 4716 commissos
930 4666 1038 4732 inpmus
1055 4678 1198 4716 recentem
1223 4663 1328 4724 „motus
1350 4656 1493 4729 aequales,

145 4744 277 4819 aphelia„
303 4738 542 4805 montanea,
564 4736 668 4795 orbium
687 4738 878 4810 proportiones
899 4744 929 4793 et
950 4739 1011 4793 alia
1028 4736 1185 4809 hujusmodi
1208 4754 1262 4792 non
1282 4737 1351 4803 satie
1371 4736 1495 4810 praecise

145 4822 300 4895 admont.
328 4822 370 4879 Et
388 4819 452 4875 hino
471 4798 575 4876 lactum
596 4825 656 4884 est,
686 4820 798 4875 tabulas
817 4817 943 4890 Kepleri,
964 4817 1018 4874 etei
1038 4817 1162 4874 omnibus
1182 4817 1245 4874 aliia
1264 4817 1493 4890 praestantiores,

145 4902 320 4983 apprentiih
340 4908 436 4983 umen
454 4917 512 4957 non
530 4917 612 4974 posse
632 4899 662 4957 in
680 4900 795 4959 minimis
815 4898 984 4961 utisfacate.
1011 4898 1064 4957 Ille
1083 4904 1178 4956 antem
1197 4898 1331 4971 existam
1348 4900 1421 4961 hane
1439 4897 1493 4956 ‹lis-

218 4998 312 5055 ¹9¹⁸*
323 4998 403 5055 Μ·
422 4995 459 5041 ¹¹¹·
1250 4991 1284 5052 88
