3368 5534
536 308 599 363 ren
615 311 709 364 Tertia.
746 311 828 380 Caput
843 313 934 368 mv.

150 481 237 549 Solis
263 484 364 549 medio
390 486 456 552 loco
484 490 514 553 iu
537 474 599 554 22⁶
621 486 676 556 59¹
697 497 726 565 3(
755 485 760 613 Ι
773 486 963 613 00166774

250 612 255 623 ·
541 578 591 643 10.
645 577 665 645 6
697 599 743 641 “x
771 604 816 660 aq
853 579 961 647 6746?

538 666 591 730 27.
627 666 665 733 ra
698 620 961 781 0111167794

543 753 593 821 14.
624 755 667 822 20
699 770 734 838 tq
755 756 812 833 ςαζ
837 757 972 834 ,67179

66 842 116 904 Est
137 859 214 921 ergo
235 839 415 920 longissima
436 864 490 919 ae,
527 865 603 927 qnae
627 854 659 909 et
684 848 821 929 proxima
846 849 988 930 perigaeo
1012 846 1113 923 Solis3
1145 847 1325 912 brevissima
1346 854 1407 925 αθ,

66 948 133 1012 quae
156 930 254 992 etiam
274 930 479 992 remotissima
501 953 520 994 a
541 936 684 1017 perigaeo
707 935 788 999 Solis
796 957 805 1013 ;
830 947 862 1000 et
885 939 946 1001 lere
971 936 1112 1017 aequales
1135 934 1180 1010 αζ
1199 946 1312 1015 etoq,
1337 940 1408 1019 quia

66 1018 152 1082 edam
175 1037 254 1100 pene
277 1019 446 1100 aequaliter
467 1021 578 1086 absunt
601 1046 620 1086 a
641 1026 791 1106 perigaeo.

142 1106 218 1171 Etsi
239 1126 313 1171 vero
336 1103 383 1181 αἱ
401 1109 518 1190 longior
540 1120 589 1175 est
610 1116 699 1196 paulo
731 1136 818 1197 qnam
851 1139 904 1194 aq,
933 1134 1007 1195 qnae
1031 1114 1150 1196 propior
1179 1116 1342 1195 perigaeo:
1378 1117 1409 1180 id

62 1208 159 1261 nmen
183 1196 318 1259 exulitati
340 1198 515 1278 angulorum
538 1201 569 1264 in
587 1200 607 1276 ζ
625 1204 813 1268 tribuendum
837 1213 894 1280 est,
919 1223 1075 1285 perquam
1098 1203 1187 1265 facile
1207 1214 1408 1284 tamparvnm
1508 1236 1512 1243 ·

63 1286 173 1369 aliquid
198 1294 353 1367 peecatnr.
399 1286 500 1368 Ergo
528 1291 692 1355 circulus
716 1300 770 1374 by,
795 1296 844 1376 qni
873 1293 1041 1373 descriptus
1066 1300 1114 1355 est
1137 1312 1155 1354 a
1179 1291 1347 1374 Copernleo
1371 1315 1411 1357 ex

60 1401 79 1438 e
96 1382 212 1457 puncto
234 1375 432 1456 aequalitatis
453 1386 552 1443 motus
576 1380 703 1458 Terrae,
726 1404 793 1446 uon
819 1392 876 1447 est
904 1385 975 1446 iter
998 1386 1155 1445 Terrae:
1181 1383 1236 1444 sed
1260 1392 1306 1445 est
1330 1384 1408 1447 alius

60 1463 205 1547 quispiam
238 1462 367 1528 menius
398 1463 502 1545 θηεζ,
530 1469 561 1532 in
585 1490 642 1551 qno
668 1473 762 1536 Terra
794 1481 952 1548 versatur3
985 1473 1068 1554 eujus
1099 1477 1234 1534 centrum
1258 1473 1356 1554 vergit
1377 1475 1407 1536 in

61 1555 179 1617 easdem
201 1560 318 1634 partes,
343 1553 373 1616 in
396 1554 502 1635 quibua
525 1556 581 1622 Sol
605 1569 662 1634 est,
687 1563 804 1624 scilieet
826 1564 856 1624 iu
879 1564 907 1640 β.

140 1644 179 1705 lu
202 1643 301 1705 forma
323 1642 555 1711 Ptolemaios
576 1650 619 1713 sit
641 1652 744 1714 Tellus
766 1653 797 1716 in
813 1654 851 1727 A,
876 1650 958 1716 Solis
982 1651 1112 1731 sphaera
1135 1645 1164 1717 Ξ
1169 1651 1259 1726 ΟΙΤ,
1281 1654 1311 1714 K
1333 1669 1407 1714 eeu·

60 1741 132 1796 trum
145 1731 277 1815 epioyoli
297 1733 478 1813 putativum,
502 1735 533 1797 id

59 1841 170 1903 nempe,
189 1822 276 1884 eirea
287 1822 367 1902 quod
381 1821 531 1906 epioyelus
908 1812 962 1878 ¹5⁸·
982 1807 1025 1860 ⁷⁷·

59 1913 116 1992 ipse
138 1910 299 1993 putativus
314 1913 374 1987 ΔΓ,
395 1913 530 1994 aequalis

59 2001 191 2063 theoriae
228 1999 312 2064 Solis
352 2002 447 2082 (qnod
491 2003 533 2064 ad

59 2089 254 2154 omnimodam
266 2090 531 2171 aequipollentiam
602 2126 608 2140 ·

59 2181 130 2243 inter
158 2178 346 2262 hypotheses
370 2178 528 2260 Copemioi

59 2278 87 2332 et
104 2267 219 2333 Brahei
246 2275 296 2331 est
325 2270 529 2333 necessarium

59 2360 147 2434 laetu,
182 2355 244 2419 etsi
270 2357 309 2419 ad
338 2366 528 2440 praesentem

60 2446 529 2527 demonstrationemnihilrefert,

60 2536 86 2598 in
118 2554 296 2618 quacunque
337 2537 529 2616 proportione

60 2625 115 2689 sint
132 2624 216 2688 orbis
232 2624 316 2688 Solis
330 2633 362 2688 et
380 2625 530 2708 epicyclus

59 2714 378 2797 planetae3dummodo
387 2715 530 2796 aequales

60 2804 189 2868 habeant
202 2804 438 2879 restitutiones).
463 2803 529 2866 Sit·
1063 2825 1105 2857 s

60 2892 528 2976 qneAAlineaapsidnmhlartis.
1012 2920 1016 2931 ·

60 2983 124 3047 Sint
145 2983 217 3057 Ax,
240 2983 309 3058 AA,
342 2982 481 3064 paralleli
512 2981 661 3062 prioribus
685 3005 735 3056 aa,
760 2984 803 3042 αλ
831 2987 896 3057 (riq.
916 2988 961 3052 76)
993 2984 1023 3044 iu
1056 2983 1265 3063 Copernioana
1297 2984 1401 3046 forma.

59 3072 230 3135 Educentur
252 3090 292 3134 ex
314 3074 345 3135 A
367 3078 470 3134 oentro
493 3073 606 3134 Terrae
642 3071 739 3132 lineae
764 3073 832 3146 Ao,
850 3074 919 3147 ΑΗ,
936 3074 1001 3148 ΛΕ,
1018 3074 1074 3134 ΑΖ
1096 3072 1234 3152 paralleli
1256 3071 1403 3152 prioribus

60 3165 116 3232 od,
137 3183 193 3238 aq,
216 3183 268 3236 ue,
291 3157 336 3235 αζ
355 3167 388 3224 et
414 3160 557 3241 aequales
565 3178 575 3235 ;
605 3167 639 3220 ut
662 3161 702 3222 sit
724 3161 810 3223 Mars
842 3180 920 3222 anno
953 3158 1047 3226 1599.
1071 3161 1100 3223 in
1127 3163 1163 3236 Θ,
1191 3158 1284 3225 1592.
1307 3160 1337 3223 in
1361 3166 1401 3237 H,

63 3247 150 3316 1593.
164 3251 197 3313 in
212 3252 250 3325 E,
276 3247 371 3315 1595.
394 3251 425 3312 in
440 3254 485 3313 Z:
511 3257 544 3311 et
558 3248 646 3310 simul
671 3249 785 3310 medius
806 3249 887 3313 Solis
910 3260 1008 3313 motus
1032 3251 1069 3313 iis
1093 3250 1275 3331 temporibus
1299 3250 1403 3313 ordine

61 3341 97 3402 sit
117 3341 186 3416 AT,
209 3340 266 3415 Al,
290 3340 361 3416 AO,
384 3336 451 3408 ΑΞ,
476 3348 511 3401 ut
532 3338 595 3401 sint
617 3341 676 3402 ΚΘ
699 3346 731 3400 et
754 3340 816 3401 AT
832 3339 985 3422 paralleli,
1010 3347 1042 3402 et
1065 3340 1109 3402 sie
1133 3339 1284 3419 reliquae,
1313 3349 1402 3421 prout

60 3437 157 3492 notum
179 3436 230 3492 est
251 3429 290 3491 de
311 3429 499 3492 Ptolemaios
526 3428 696 3509 hypothesi.
732 3424 896 3491 'Conuexis
924 3430 1015 3509 igitur
1039 3432 1077 3504 Θ,
1101 3433 1140 3505 H,
1165 3432 1200 3501 E,
1224 3433 1250 3490 Z
1272 3449 1338 3491 eum
1361 3433 1400 3506 K,

63 3518 313 3581 demonstrabitur
336 3518 496 3599 (utprius)
520 3518 625 3579 iisdem
649 3517 737 3595 plane
761 3518 901 3593 numeris,
925 3518 1012 3581 lineis
1031 3527 1063 3580 et
1085 3518 1212 3599 angulis,
1234 3519 1290 3580 has
1305 3519 1401 3581 lineas

63 3618 178 3688 praeter
202 3607 372 3688 opinionem
395 3627 462 3669 esse
485 3605 670 3686 inaequales,
694 3627 730 3668 ae
753 3616 913 3687 propterea
936 3608 1063 3669 Martem
1087 3626 1145 3668 non
1169 3607 1197 3668 in
1221 3607 1331 3670 circulo
1350 3610 1402 3670 ΓΔ

62 3698 181 3773 versari,
206 3697 292 3777 eujus
316 3697 358 3759 sit
380 3706 515 3759 centrum
538 3696 567 3757 in
592 3699 624 3758 K
642 3705 753 3777 puncto
786 3697 979 3776 aequalitatis
1002 3706 1114 3770 motus,
1147 3696 1200 3757 sed
1223 3696 1252 3758 in
1275 3700 1401 3762 ΖΕΗΘ

65 3787 187 3861 circulo,
221 3786 308 3866 eujus
340 3793 474 3849 centrum
498 3806 517 3845 a
540 3788 573 3848 K
591 3804 695 3847 versus
720 3788 748 3847 B
769 3795 891 3865 verget,
924 3787 1136 3866 propemodum
1168 3785 1198 3846 iu
1231 3785 1310 3847 linea
1332 3790 1399 3863 KB,

63 3894 131 3956 quae
154 3875 198 3937 sit
218 3876 380 3956 parallelos
403 3875 501 3937 lineae
525 3892 562 3935 ex
586 3876 616 3937 A
630 3875 724 3936 Terra
745 3894 799 3954 per
818 3875 991 3956 perigeeum
1011 3873 1092 3936 Solis
1116 3874 1234 3936 ductae.

142 3965 255 4045 Vergit
276 3965 369 4046 igitur
391 3983 556 4045 apogaeum
580 3963 704 4046 epieyoli
728 3964 758 4025 in
780 3965 953 4045 perigaeum
967 3964 1058 4027 Solis.
1095 3964 1137 4025 Et
1156 3965 1226 4044 qnia
1249 3964 1398 4047 epieyolus

63 4062 180 4135 propter
201 4053 404 4119 omnimodam
428 4053 706 4134 aequipollentiam,
729 4063 763 4114 ut
780 4053 846 4132 jam
869 4055 995 4128 dietum,
1018 4053 1172 4136 ponendus
1197 4060 1244 4115 est
1266 4054 1398 4134 aequalis

63 4141 191 4207 thenitui
214 4141 308 4219 Solis,
333 4150 365 4204 et
388 4145 445 4209 ΖΚ
466 4143 629 4224 parallelos
653 4143 710 4223 ipsi
734 4139 800 4213 ΞΑ,
825 4151 857 4204 et
880 4146 940 4205 ΕΚ
959 4143 1016 4224 1ρεί
1042 4143 1100 4213 OA,
1125 4150 1157 4203 et
1180 4145 1240 4204 HK
1261 4142 1317 4222 ipsi
1342 4143 1395 4216 lA,

63 4240 91 4295 et
111 4236 170 4298 ΘΚ
198 4230 256 4313 ipsi
280 4234 365 4296 TAr
391 4231 484 4312 igitur
516 4231 607 4294 etiam
638 4232 722 4310 ipsas
747 4229 819 4307 ΞΑ,
846 4234 921 4308 OA,
947 4235 1011 4309 lA,
1038 4232 1093 4294 TA
1123 4232 1296 4312 inaequales
1329 4250 1396 4292 esse

62 4322 217 4387 verisimile
248 4329 313 4397 est,
347 4332 378 4385 et
410 4316 550 4402 punolnm
580 4321 669 4384 medii
702 4322 759 4384 loci
792 4320 873 4384 Solis
905 4323 1082 4397 (Braheana
1113 4321 1234 4383 notione
1264 4328 1394 4382 centrum

63 4411 181 4497 epieyeli
212 4409 310 4487 Solis)
341 4430 395 4492 per
426 4411 581 4473 circuitum
611 4433 629 4473 a
657 4420 768 4491 puncto
806 4412 1000 4492 aequalitatis
1035 4412 1148 4473 distare
1187 4409 1391 4489 inaequaliter.

63 4498 144 4572 Quod
165 4499 264 4564 obiter
285 4501 445 4582 interjeoi:
477 4499 549 4562 nihil
572 4522 600 4563 n.
623 4501 699 4563 facit
720 4500 760 4562 ad
782 4509 973 4581 praesentem
1002 4498 1304 4571 demonstrationem,
1335 4493 1392 4555 nisi

62 4590 133 4671 quod
153 4608 221 4655 eam
244 4590 383 4654 extendit
405 4589 543 4671 amplius.
1491 4648 1494 4655 ,

138 4682 175 4745 In
196 4680 296 4744 forma
317 4679 542 4764 Tyehonioa
564 4679 606 4745 sit
625 4681 655 4742 A
680 4685 746 4754 (rig.
774 4684 819 4748 78)
842 4680 946 4753 Terre,
969 4685 1002 4740 et
1022 4696 1060 4738 er
1082 4695 1119 4736 ea
1141 4672 1287 4734 scribatur
1309 4668 1392 4733 Solis

62 4770 258 4834 oouoenhieus
274 4768 342 4846 01),
364 4769 416 4851 qui
438 4777 560 4852 putetur
582 4788 651 4831 esse
674 4770 813 4832 deserens
836 4775 968 4850 systema
989 4766 1187 4848 planetarum,
1210 4780 1277 4822 oum
1299 4760 1340 4821 sit
1361 4761 1392 4823 Δ

61 4868 192 4940 punctum
213 4859 410 4946 aequalitatis
431 4866 531 4925 motus
552 4860 734 4923 eonsentrioi
756 4858 848 4922 Solis.
894 4858 963 4921 Erit
983 4856 1083 4937 itaque
1106 4849 1160 4916 Sol
1184 4848 1248 4933 ipse
1277 4850 1308 4911 in
1330 4849 1390 4913 alio

1125 4967 1183 5023 18*
