3374 5528
641 315 860 383 nsasueec
930 252 967 338 ο·
1359 322 1426 397 459

58 501 131 559 isac
159 501 372 577 propinquitate.
415 504 483 568 Quid
512 505 599 578 igitur
628 506 761 576 impediti
802 506 876 560 Nihil
906 513 937 560 tn
966 511 1046 575 potes
1076 506 1228 562 ostendere.
1269 507 1331 580 Ego
1362 509 1425 581 quid

74 583 209 654 impediat
229 586 379 649 ostendam,
402 587 450 639 sed
477 585 557 641 simul
579 593 608 640 et
627 587 806 657 respondebo.
850 587 1033 656 Quodcunque
1061 587 1238 642 materiatum
1266 604 1366 658 corpus
1394 578 1448 651 se'

73 664 137 735 ipso
157 673 252 736 aptum
273 671 368 720 uatum
381 673 426 720 est
445 666 595 737 quiescens.
616 684 775 738 quocunque
796 669 855 722 loco
869 668 1020 737 reponitur.
1055 666 1125 721 Nam
1143 668 1220 738 quies
1240 674 1273 721 ut
1292 670 1425 723 tenebrae

72 744 195 813 privatio
216 747 351 819 quaedam
372 752 429 810 est,
462 764 515 801 non
536 747 661 818 indigens
681 747 833 811 creatione.
860 750 907 801 sed
928 746 1029 801 creatis
1057 747 1225 810 adhaerens.
1256 754 1289 801 ut
1308 748 1423 803 nullites

73 823 185 895 aliquae
206 832 295 881 motus
314 826 433 882 vicissim
453 834 498 881 est
517 827 663 898 positivum
684 828 823 898 quippiam
842 834 873 881 ιιι
895 828 953 882 lux.
996 827 1093 897 ltaque
1114 826 1137 880 si
1157 827 1229 897 lapis
1250 828 1312 882 loeo
1331 842 1431 883 more··

71 911 134 969 tur.
165 904 192 959 id
212 923 267 961 non
288 907 355 961 iacit
383 914 415 961 ut
436 907 610 962 materiatum
631 907 784 978 quippiam,
813 910 861 962 sed
888 915 921 962 ut
948 909 992 962 vel
1014 907 1186 962 extrinsecus
1215 908 1347 978 impulsus
1377 909 1423 964 rel

71 991 212 1040 attractus
232 987 278 1040 vel
298 987 460 1042 intrinsecus
481 987 617 1042 inquitate
638 990 755 1059 quadam
783 987 924 1058 praeditus
946 989 981 1041 ad
1002 987 1104 1057 aliquid
1129 987 1302 1056 respiciente.
1343 990 1423 1044 Hanc

71 1065 168 1120 dicunt
181 1066 352 1121 aristotelici
373 1075 553 1139 appetentem
567 1067 654 1122 centri
674 1069 774 1123 mundi.
808 1068 896 1139 Nego.
919 1068 959 1121 sic
972 1069 1044 1121 enim
1064 1083 1129 1120 rere
1150 1067 1327 1136 impediretur
1347 1069 1426 1140 sequi

69 1145 175 1201 Terrae
195 1152 305 1203 motum.
339 1147 468 1215 Probent,
490 1149 555 1212 scio,
571 1148 665 1202 futiles
685 1150 803 1218 ipsorum
817 1149 994 1218 probationes
1008 1148 1045 1203 ab
1058 1147 1132 1217 ignis
1154 1159 1253 1202 natura
1272 1149 1420 1215 contrarie,

68 1242 143 1297 quse
164 1232 209 1282 est
229 1227 327 1298 petitio
348 1229 482 1299 principii.
523 1229 594 1283 Nam
614 1228 687 1300 ignis
709 1246 763 1283 non
784 1229 855 1299 petit
875 1229 995 1290 eoelum.
1027 1228 1075 1281 sed
1101 1226 1174 1297 mgis
1195 1227 1317 1284 Terram.
1358 1230 1421 1285 Non

68 1306 146 1381 fugit
175 1314 298 1363 nentrum
326 1309 432 1373 mundi,
464 1311 512 1363 sed
542 1310 644 1363 Terrae
671 1309 814 1364 materiam
845 1309 934 1380 ugit,
962 1316 996 1362 ιιι
1026 1308 1104 1377 tqjus
1134 1307 1259 1361 crassitie
1289 1309 1421 1366 obruitur.

66 1387 148 1460 Ergo
168 1387 253 1442 aliter
272 1404 327 1459 ego
347 1389 444 1444 definio
465 1389 643 1460 gravitatem,
664 1406 714 1444 seu
735 1390 810 1443 illam
831 1390 896 1452 vim,
918 1403 989 1459 qnae
1010 1388 1158 1442 intrinsece
1179 1394 1271 1440 movet
1291 1389 1419 1458 lapidem.

68 1467 125 1522 rim
145 1469 329 1541 magneticam
351 1475 592 1541 coagmentantem
612 1469 720 1533 similia,
742 1485 813 1540 quae
828 1472 923 1523 endem
944 1484 1055 1522 numero
1071 1467 1155 1520 estin
1170 1476 1315 1538 magnoet
1336 1485 1421 1539 parvo

69 1564 194 1618 corpore,
217 1554 247 1602 et
260 1549 389 1603 dividitur
402 1565 453 1620 per
473 1551 557 1603 moles
572 1566 716 1619 corporum
736 1549 890 1620 accipitque
904 1549 1085 1602 dimensiones
1101 1546 1211 1601 easdem
1224 1562 1283 1601 cum
1298 1565 1419 1619 corpore.

67 1627 169 1700 ltaque
190 1627 213 1682 si
243 1629 314 1700 lapis
336 1629 436 1700 aliquis
463 1635 538 1684 esset
563 1645 633 1700 pone
655 1630 767 1683 Terram
788 1630 893 1699 positus
922 1629 950 1683 in
978 1626 1095 1682 notabili
1120 1626 1216 1699 aliqua
1242 1629 1420 1698 proportione

66 1707 266 1780 magnitudinis
289 1711 323 1763 ad
344 1710 442 1764 molem
462 1709 589 1773 Telluris,
611 1717 642 1764 et
661 1725 741 1764 casus
762 1711 883 1773 daretur,
903 1715 1049 1779 utrumque
1071 1707 1187 1760 liberum
1208 1723 1271 1760 esse
1290 1710 1328 1763 ab
1347 1708 1419 1765 omni

66 1787 125 1841 alio
145 1796 235 1843 motu:
257 1796 323 1843 tuuc
344 1807 398 1860 ego
418 1791 478 1844 dico
499 1791 628 1854 luterum,
650 1796 682 1844 ut
702 1806 755 1843 nou
771 1796 882 1844 tautum
904 1790 976 1859 lapis
998 1790 1032 1843 ad
1053 1789 1166 1842 Terram
1186 1794 1243 1850 eat.
1265 1789 1418 1847 sedetiam

65 1867 156 1925 Terra
168 1871 204 1924 ad
223 1869 354 1939 lapidem.
376 1869 551 1942 dividuntque
571 1869 692 1941 spatium
713 1870 885 1939 interjectum
907 1870 933 1924 iu
949 1885 1047 1924 eversa
1067 1866 1246 1938 proportione
1259 1872 1416 1938 ponderum,

67 1948 159 2021 sitque
178 1956 212 2004 ut
231 1953 256 2004 A
278 1951 312 2004 sd
333 1950 356 2003 Β
377 1967 462 2004 causa
483 1949 575 2016 molis,
602 1951 641 2004 sio
660 1950 706 2004 Bc
730 1952 765 2004 ed
789 1950 843 2014 CA.
866 1956 896 2004 et
915 1951 936 2004 C
956 1951 1032 2005 locus
1053 1948 1100 2003 ubi
1204 1999 1242 2049 m
1264 1995 1303 2040 m

61 2028 234 2101 jungentur.
256 2029 340 2100 plane
362 2036 397 2085 ιι
417 2031 601 2101 proportione,
624 2047 679 2101 qna
699 2038 806 2085 statera
824 2029 925 2085 utitur:
960 2031 1014 2085 Sed
1034 2047 1097 2084 oon·
1243 2026 1249 2040 '
1304 2027 1311 2042 ⁸

67 2109 149 2164 trabe
169 2110 243 2164 vela.
278 2110 354 2173 Dixi.
377 2110 400 2165 si
422 2126 439 2164 a
460 2111 551 2181 lapide
571 2127 712 2166 removeas
736 2110 824 2165 animo
845 2109 1006 2165 facultatem
1023 2110 1099 2165 illam
1166 2133 1187 2180 p
1290 2139 1309 2189 0
1343 2102 1369 2153 Α

61 2188 201 2262 jungendi
221 2189 335 2254 similia,
363 2186 549 2245 remansuram
570 2191 598 2245 in
620 2191 712 2262 lapide
732 2206 834 2245 meram
854 2190 1042 2260 impotentiam
1063 2191 1098 2245 ad
1165 2185 1194 2240 0
1265 2204 1267 2209 ·
1296 2199 1306 2216 ·
1332 2158 1380 2251 O

65 2272 225 2326 mutandum
245 2271 342 2325 locum.
384 2271 421 2325 Ut
441 2271 526 2343 igitur
546 2271 597 2324 illa
617 2278 811 2342 expugnetur‚'
828 2270 905 2325 vi-et
924 2271 1099 2325 contentione
1427 2308 1430 2313 -

65 2356 205 2406 exuanea
225 2366 293 2422 opus
314 2357 365 2405 ιιι.
400 2353 471 2407 Dum
486 2367 554 2422 ergo
567 2352 694 2424 fingimus
708 2352 827 2422 lapidem
840 2351 868 2404 iu
889 2355 955 2405 aere
969 2353 1141 2420 pendentem.
1163 2360 1297 2421 negamus
1317 2351 1343 2406 si
1363 2351 1417 2407 rim

70 2430 255 2504 conjungendi
269 2431 376 2495 similia,
391 2431 443 2485 hoc
457 2438 501 2485 est
514 2431 691 2502 gravitatem,
705 2437 842 2486 ettamen
855 2447 915 2485 eam
930 2430 983 2484 vim
997 2432 1099 2486 Terrae
1114 2430 1142 2484 in
1155 2431 1273 2500 lapidem
1287 2432 1417 2504 relinqui·
1524 2480 1529 2487 .

69 2527 139 2566 mus.
174 2512 244 2566 Esto
264 2511 316 2565 hoc
329 2512 378 2574 ita.
393 2512 514 2582 quamvis
528 2529 558 2566 re
572 2528 639 2567 vera
652 2512 798 2566 absurdum
812 2512 857 2574 sit.
872 2514 1056 2567 tautummodo
1069 2518 1103 2566 ut
1114 2510 1193 2565 uobis
1207 2527 1287 2566 ossus
1301 2518 1416 2573 constet.

68 2591 195 2647 Habebit
207 2590 294 2663 igitur
311 2592 447 2662 pendulus
468 2591 520 2646 iste
542 2591 613 2663 lapis
634 2592 723 2646 adbuc
743 2591 796 2645 rim
816 2591 971 2663 quiescendi
990 2591 1019 2646 in
1040 2607 1089 2647 suo
1102 2592 1171 2656 loco.
1193 2594 1418 2664 earepuguabit

68 2670 165 2727 virtuti
179 2671 299 2726 Telluris
323 2672 546 2727 circumacturae.
579 2673 625 2726 Ex
644 2674 741 2742 pugna
758 2672 940 2726 materialium
961 2678 991 2726 et
1008 2687 1199 2741 corporearum
1216 2673 1417 2744 proprietatum

68 2752 118 2807 det
130 2751 287 2823 permixtio,
302 2759 334 2806 nt
347 2751 490 2824 quaelibet
502 2750 627 2806 vincatur
640 2758 670 2806 et
689 2751 848 2806 vincatvim
862 2767 939 2806 suam
952 2768 1093 2822 corporum
1108 2752 1291 2822 proportione.
1317 2755 1415 2826 ltaque

52 2831 133 2887 'binc
146 2831 289 2896 evincitur.
311 2835 383 2902 quod
396 2832 453 2886 dixi
467 2824 509 2886 rue
530 2831 718 2895 iudicaturum.
740 2832 959 2903 impedimentum
973 2847 1079 2903 nempe,
1100 2849 1153 2905 quo
1172 2831 1260 2887 minus
1281 2836 1414 2904 pendulus

67 2910 224 2982 hujusmodi
244 2911 316 2982 lapis
338 2912 535 2982 perfectissime
548 2912 625 2984 sequi
638 2913 727 2982 possit
740 2912 954 2967 circularitatem
967 2913 1092 2971 Telluris.
1125 2918 1217 2985 Atque
1231 2913 1283 2968 boe
1302 2914 1414 2986 impedi·

67 2998 190 3047 mentem
214 2999 259 3046 est
283 2992 459 3047 verissimum.
503 2994 595 3056 Quare
620 2992 679 3062 jam
705 2995 877 3047 destruamus
898 3008 989 3047 casum
1016 3000 1139 3049 nostrum
1166 2993 1290 3049 fictitium
1310 3002 1340 3049 et
1359 2995 1415 3051 sint

66 3072 136 3128 illae
151 3071 242 3127 lineae
256 3089 275 3128 a
288 3073 430 3143 superlicio
451 3073 553 3128 Terrae
574 3073 601 3127 iu
622 3073 739 3144 lapidem
760 3075 903 3128 tendentes
917 3090 972 3126 non
991 3079 1098 3128 tantum
1111 3080 1145 3129 ut
1163 3073 1260 3140 iulcra.
1281 3075 1330 3128 sed
1347 3092 1415 3131 sere

67 3154 96 3206 id
116 3152 190 3225 quod
209 3169 260 3224 per
280 3160 408 3208 usturam
427 3153 506 3207 nbbis
527 3153 671 3217 indicatur,
693 3170 790 3224 nempe
811 3153 899 3208 instar
919 3168 1061 3208 nervorum
1083 3154 1302 3219 teusismmorum,
1324 3155 1363 3210 sie
1382 3163 1415 3211 ιιι

66 3233 142 3304 lapis
164 3232 217 3288 iste
237 3232 275 3287 sit
298 3232 326 3287 in
347 3240 412 3288 actu
431 3235 576 3287 descensus
605 3236 640 3288 ad
667 3233 835 3303 superficiem
856 3245 886 3287 et
906 3241 1028 3288 centrum
1048 3235 1166 3289 Terrae:
1193 3234 1267 3300 dico,
1295 3243 1410 3306 propter

64 3312 142 3370 hanc
170 3312 361 3385 impotentiam
381 3315 417 3367 ad
436 3320 537 3368 mot-um
558 3313 665 3368 omniuo
684 3315 818 3377 ilntnrum,
848 3320 881 3368 ut
904 3313 976 3385 lapis
1006 3313 1050 3368 bic
1077 3314 1104 3368 in
1131 3317 1263 3369 descensu
1289 3316 1411 3373 nonnihil

65 3395 183 3449 aberret
203 3408 221 3448 a
240 3394 434 3466 perpendiculo
454 3411 490 3447 ex
512 3400 606 3448 centro
627 3395 728 3448 Terrae
757 3411 808 3464 per
828 3393 997 3464 superficiem
1017 3394 1045 3448 in
1066 3401 1188 3449 centrum
1208 3395 1307 3466 lapidis
1328 3398 1409 3452 ducto

64 3479 98 3529 st
116 3472 158 3528 sie
171 3474 258 3529 Terra
278 3474 314 3528 ab
335 3489 434 3529 occasu
456 3474 483 3528 iu
504 3480 592 3528 ortum
612 3480 704 3537 eunte.
725 3474 824 3544 lapidis
844 3473 1067 3545 perpendiculum
1087 3475 1223 3545 paulatim
1243 3476 1272 3529 in
1285 3477 1408 3533 occiden-

64 3553 143 3608 tales
164 3554 315 3625 superdciei
336 3562 431 3625 partes
452 3553 591 3608 deveniet:
612 3571 662 3608 uec
683 3554 794 3607 Terram
815 3552 965 3608 omnimode
985 3561 1124 3624 sequetur,
1146 3557 1194 3609 sed
1214 3556 1251 3610 ab
1271 3571 1307 3610 ea
1325 3558 1408 3614 relin-

64 3640 178 3706 quetur.
219 3633 314 3690 Habes
335 3650 461 3698 causam.
493 3651 540 3688 cur
560 3634 629 3704 lapis
651 3651 703 3688 non
724 3634 825 3688 debeat
853 3634 930 3704 sequi
951 3634 1079 3699 Terram,
1109 3636 1218 3706 qualem
1238 3645 1268 3691 tu
1289 3639 1324 3692 ad
1343 3647 1409 3694 tuas

64 3714 226 3768 sententiae
247 3715 475 3768 confirmationem
496 3731 549 3768 non
570 3714 684 3783 potuisti
705 3714 801 3770 dicere.
842 3713 914 3768 Audi
935 3730 1006 3768 nuno
1026 3715 1198 3772 solutionem
1232 3717 1333 3773 Verum
1353 3727 1406 3785 ιιι,

64 3794 91 3848 si
111 3792 186 3864 lapis
207 3794 322 3849 notabili
344 3794 498 3863 ‘intervallo
519 3810 537 3848 a
557 3794 643 3848 Terra
662 3794 790 3857 distaret.
821 3793 879 3847 iore
906 3801 938 3847 ιιι
957 3793 1009 3848 hoc
1029 3795 1145 3851 aecidat.
1185 3801 1225 3851 At
1248 3815 1319 3852 nune
1344 3807 1409 3854 sunt

63 3873 128 3929 8ιο
149 3873 278 3929 milliaria
299 3890 317 3930 a
336 3880 430 3929 centro
451 3876 486 3928 sd
506 3874 683 3944 superficiem.
705 3881 735 3929 et
753 3874 917 3929 vero-nulla
937 3874 995 3928 avis
1015 3881 1071 3930 tam
1090 3877 1150 3930 alte
1168 3878 1260 3942 solat,
1281 3884 1314 3933 ut
1332 3879 1408 3935 dimi·

63 3954 142 4009 dium
174 3954 253 4009 unius
280 3954 404 4010 milliaris
435 3954 509 4009 absit
537 3970 555 4011 a
583 3955 656 4018 solo;
686 3970 752 4009 sane
782 3953 847 4026 quia
873 3954 901 4009 in
927 3955 1040 4009 aethere
1068 3974 1122 4011 nou
1148 3956 1237 4031 magis
1265 3964 1334 4029 apta
1362 3965 1408 4016 est

62 4034 180 4098 volere.
208 4050 289 4109 quesn
310 4052 358 4089 nos
379 4035 406 4089 in
428 4039 507 4099 atre.
538 4051 617 4106 quem
637 4035 709 4105 lapis
730 4035 758 4089 in
779 4049 852 4105 aqua
871 4040 953 4104 aptus
973 4041 1018 4090 ιιι
1037 4045 1144 4094 natare.
1186 4038 1344 4094 Confessum
1363 4046 1408 4096 est

63 4120 176 4179 autem.
207 4115 280 4169 adria
301 4113 472 4169 altitudinem
492 4132 545 4169 nou
566 4117 698 4169 excedere
719 4114 854 4169 dimidium
882 4114 1015 4171 milliaris.
1055 4116 1094 4171 Et
1119 4118 1210 4174 vidisti
1237 4126 1268 4173 tu
1287 4135 1407 4193 unquam

63 4194 188 4267 lapidem
201 4195 246 4249 vel
260 4196 373 4266 globum
393 4202 474 4250 tanta
487 4194 631 4249 altitudine
646 4195 821 4259 decidentem.
843 4202 973 4265 quantum
987 4211 1052 4250 aves
1067 4206 1249 4272 assequuntur
1269 4201 1405 4255 volando?
1522 4214 1527 4228 ¹

63 4276 146 4347 Ergo
167 4282 227 4333 esto
247 4275 319 4346 lapis
335 4275 395 4345 jam
416 4274 588 4346 quantumvis
617 4276 778 4339 altissimus,
806 4276 851 4346 qui
882 4276 922 4329 bis
943 4275 1088 4332 millesima
1114 4286 1195 4351 parte
1220 4279 1406 4336 simidiametri

64 4354 188 4411 Telluris
209 4372 227 4411 a
247 4356 389 4427 superficie
410 4355 491 4418 absit.
513 4362 596 4425 atque
616 4355 639 4408 is
660 4363 745 4426 quota
763 4371 829 4426 pars
849 4362 893 4410 est
912 4357 1032 4426 corporis
1049 4359 1175 4424 Telluris,
1196 4367 1228 4414 ut
1240 4358 1301 4431 ejus
1320 4359 1404 4431 perti·

64 4432 151 4491 uteie
170 4436 325 4507 quiescendi
345 4437 461 4506 deroget
489 4435 584 4490 virtuti
605 4436 721 4489 Telluris
751 4437 785 4490 ad
814 4437 994 4491 movendum?
1034 4439 1105 4494 Inito
1133 4439 1267 4495 rationem
1296 4440 1402 4504 ealmli.

64 4521 179 4586 tempus
197 4516 347 4571 dinumera.
388 4517 492 4585 Nempe
512 4515 540 4569 in
562 4532 618 4571 una
638 4514 760 4568 horode
781 4516 891 4571 Tellure
911 4514 978 4570 eunt
998 4516 1055 4573 225
1075 4519 1205 4575 milliaris
1228 4519 1279 4572 sub
1299 4520 1402 4591 aequa·

64 4601 145 4659 sore.
166 4598 214 4650 sed
234 4603 299 4651 sunt
326 4589 355 4651 in
374 4596 488 4650 aethere
508 4596 657 4667 composito
677 4602 753 4650 motu
777 4596 828 4649 sub
854 4604 1003 4667 aequatura
1023 4597 1049 4653 in
1078 4601 1167 4654 media
1185 4603 1265 4654 noete
1291 4600 1403 4656 millena

65 4674 200 4732 milliaria
211 4675 382 4747 trajicienda.
404 4683 434 4730 et
453 4675 481 4728 in
494 4690 548 4729 uuo
562 4678 687 4740 secundo,
709 4692 821 4747 quorum
845 4676 872 4730 in
885 4677 955 4732 hora
968 4686 1032 4732 sunt
1046 4678 1132 4742 3600.
1152 4695 1217 4750 pars
1233 4683 1289 4751 ¹01„
1304 4682 1350 4734 rel
1370 4684 1400 4753 ¹).

66 4754 129 4810 irre
148 4754 228 4811 nnius
247 4755 379 4812 milliaris.
419 4757 515 4826 Itaque
536 4764 620 4825 quota
640 4771 705 4826 pars
726 4763 769 4810 est
789 4756 860 4826 lapis
881 4759 915 4811 da
934 4772 1046 4826 corpore
1067 4758 1192 4825 Telluris,
1215 4765 1296 4815 tanta
1314 4760 1400 4831 parti·

65 4836 134 4890 sula
153 4837 188 4891 de
207 4836 281 4891 mille
300 4837 428 4908 passibus
449 4836 536 4890 deerit
555 4835 583 4890 in
603 4836 728 4908 qualibet
753 4836 943 4892 verberatione
964 4837 1057 4907 pulsus
1080 4836 1162 4910 (quas
1188 4841 1300 4895 metitur
1317 4856 1400 4897 unam

66 4908 217 4974 secundans
235 4910 388 4987 temporis).
410 4918 463 4986 quo
483 4915 569 4969 minus
590 4914 661 4985 lapis
674 4914 780 4972 recidet
798 4915 827 4973 in
846 4908 1166 4987 perpendiculum.¹uude
1185 4918 1239 4976 init
1257 4919 1401 4992 perpendi·
