3368 5534
284 301 349 370 708
823 301 935 354 nnuma
952 300 982 353 Τ.
1001 296 1094 352 mauu

283 514 389 582 Nobili
413 523 445 577 et
468 512 625 596 magnifico
654 515 720 576 viro
743 515 781 577 D.
806 514 845 576 D.
876 513 1009 576 Joanni
1041 510 1203 592 Georgio
1231 509 1420 573 Herwarto
1451 504 1492 568 ab
1513 503 1646 568 Heben-¹

284 607 379 687 burg,
408 603 596 667 Cancellario
620 605 789 680 Bavariae‚
821 603 1019 666 illustrissimi
1045 601 1196 664 Bavariae
1224 598 1377 681 Principis
1404 593 1582 659 consiliario
1611 604 1640 657 et

423 693 556 773 praesidi
580 692 716 766 Suebae,
739 693 869 756 Domino
894 702 925 754 et
946 692 1070 755 Fadtori
1092 710 1159 752 meo
1182 689 1339 770 plurimum
1363 685 1504 750 colendo.

375 835 410 899 Si
437 853 587 917 nunqnam
613 822 644 895 in
667 835 772 915 Magn.
803 844 874 899 tuae
905 834 1145 911 familiaritatem
1177 832 1300 894 inissem
1328 837 1493 911 receptus,
1522 834 1643 907 poterat

286 945 334 989 me
358 927 406 986 vel
430 926 497 987 sola
519 924 572 986 illa
595 931 649 985 tna
672 925 795 1004 egregia
824 926 852 986 in
876 924 981 987 literas
1004 924 1144 986 voluntas
1167 930 1200 983 et
1222 940 1307 983 arnor
1329 919 1491 981 doctorum
1513 916 1642 979 virorum

288 1015 403 1097 passim
436 1013 645 1075 increbescens
679 1013 809 1076 invitare
839 1015 878 1076 ad
911 1022 941 1076 te
970 1032 1025 1094 pro
1055 1013 1170 1074 viribus
1197 1009 1419 1091 percolendum
1468 1005 1554 1079 Quia
1575 1023 1644 1067 vero

287 1123 347 1166 non
363 1109 480 1164 tantum
496 1101 685 1163 creberrimis
702 1102 757 1163 abs
777 1110 807 1163 te
824 1103 921 1165 literis
936 1105 1000 1184 jam
1015 1121 1070 1184 per
1088 1120 1182 1163 annos
1201 1099 1317 1180 aliquot
1330 1117 1397 1161 snm
1415 1097 1644 1167 cohonestatus,

182 1268 187 1275 Ι
290 1192 460 1254 sedetiam
488 1210 521 1251 re
550 1191 617 1270 ipsa
647 1209 702 1251 nec
730 1211 787 1253 nno
816 1192 847 1254 in
879 1192 943 1254 loco
974 1201 1057 1254 tuam
1087 1191 1116 1254 in
1144 1209 1192 1250 me
1222 1185 1465 1251 benevolentiam
1489 1202 1561 1247 cum
1583 1201 1644 1245 rnen

290 1282 445 1344 commodo
469 1284 611 1359 expertus
635 1298 721 1340 sum:
746 1281 884 1358 equidem
903 1283 967 1361 jam
988 1281 1103 1361 pridem
1126 1277 1263 1341 decuisse
1287 1276 1430 1351 arbitror,
1455 1281 1492 1336 nt
1513 1273 1645 1353 gratita·

290 1370 389 1431 dinem
412 1388 508 1430 meam
532 1367 633 1447 aliquo
651 1387 772 1430 munere
793 1370 928 1433 literario
944 1371 1138 1440 declararem,
1162 1369 1187 1428 si
1210 1366 1284 1428 mihi
1298 1365 1415 1430 Urania
1439 1370 1494 1425 sat
1513 1362 1645 1444 propitia

280 1459 409 1520 luisset.
456 1456 532 1519 Cum
559 1455 653 1536 igitur
681 1476 776 1537 nuper
804 1459 832 1520 in
861 1459 918 1521 hoc
947 1459 1143 1541 qualicunque
1171 1455 1314 1535 opusculo
1341 1453 1520 1516 tabularum
1545 1452 1644 1514 Luna·

290 1548 365 1609 rium
389 1547 461 1607 mihi
484 1545 636 1608 videretur
663 1547 867 1622 successisse,
898 1556 987 1629 teque
1015 1549 1137 1626 insuper
1164 1565 1231 1608 cum
1253 1545 1413 1606 universae
1437 1539 1643 1604 utronomiac

291 1645 354 1699 tum
381 1634 570 1717 potissimum
599 1634 754 1696 doctrinae
783 1636 819 1697 de
848 1637 1010 1717 eclipsibus
1041 1635 1293 1698 studiosissimum
1325 1632 1456 1705 scirem:
1491 1650 1556 1693 non
1585 1638 1644 1693 erar

292 1725 365 1788 mihi
390 1716 547 1804 quisquam
572 1722 649 1785 alius
672 1723 850 1804 deligendus
873 1726 943 1789 huic
966 1724 1231 1806 occupatiunculae
1253 1731 1416 1804 patronus,
1441 1719 1537 1802 idque
1563 1728 1644 1782 tanto

290 1813 408 1893 magis,
442 1812 610 1893 quodcum
638 1813 711 1874 nibil
740 1814 788 1875 bio
812 1815 894 1877 alind
917 1834 1024 1895 agam,
1056 1834 1144 1894 qnam
1172 1821 1206 1875 nt
1234 1811 1341 1875 summi
1368 1809 1456 1873 illius
1479 1809 1644 1872 astremni

291 1901 478 1985 Tyobonis
505 1902 624 1963 Brahe
657 1901 773 1981 placita
802 1903 839 1964 de
863 1904 968 1966 Lunae
996 1904 1144 1976 motibus,
1177 1921 1253 1982 qnae
1281 1902 1312 1964 in
1339 1901 1644 1983 Progymnasmatun

293 1999 375 2053 tomo
400 2009 493 2072 nuper
516 1998 586 2052 sunt
607 1990 729 2068 publica
761 1992 856 2067 iacta,
889 1994 1093 2056 communiora
1120 2001 1151 2054 et
1181 1993 1220 2053 ad
1251 2010 1338 2053 usum
1370 1988 1645 2051 accommodatiora

294 2081 439 2142 reddam:
470 2079 521 2140 vix
544 2080 682 2160 cuiqnam
704 2080 736 2142 id
760 2081 876 2160 gratius
901 2083 1039 2147 accidere
1059 2082 1174 2163 possit,
1204 2099 1293 2162 quarn
1317 2078 1390 2153 tibi,
1414 2077 1468 2160 qui
1492 2086 1528 2139 et
1550 2077 1644 2141 vim

294 2169 429 2231 studiose
459 2168 579 2230 coluisti
610 2176 641 2230 et
669 2170 778 2232 mortni
810 2171 1000 2233 monimentis
1028 2170 1171 2233 litorariis
1198 2169 1330 2232 sollicite
1359 2168 1458 2229 laves.
1506 2164 1591 2239 Qn'm
1617 2174 1643 2230 et

294 2257 391 2339 ipsum
415 2256 528 2318 laboris
550 2257 639 2336 hujus
662 2258 832 2321 institutum
857 2268 888 2322 te
915 2261 1103 2341 potissimum
1128 2260 1260 2340 jndicem
1288 2267 1322 2320 et
1347 2255 1499 2320 arbitrum
1521 2275 1642 2338 poscpre

293 2347 431 2409 ridetur:
456 2347 536 2427 quod
558 2348 645 2427 quale
668 2347 710 2408 sit
732 2348 892 2429 diligenter
915 2350 1123 2429 explicandum
1146 2357 1203 2411 est.

381 2437 561 2515 Postquam,
586 2454 662 2515 qnae
686 2436 762 2511 dixi,
785 2438 1055 2529 Progymnasmata
1078 2438 1229 2520 Tycbonis
1252 2437 1336 2498 etin
1359 2435 1397 2498 iis
1421 2434 1565 2498 Tabulae
1587 2432 1642 2497 ba·

294 2543 383 2588 nares
405 2525 587 2605 prodierunt,
612 2526 732 2587 diversa
746 2527 803 2588 duo
819 2529 1097 2591 matbematicorum
1113 2527 1237 2608 judicia,
1262 2525 1378 2606 partius
1393 2523 1451 2585 abs
1470 2531 1515 2601 te,
1538 2524 1643 2607 partin

294 2615 333 2676 ab
356 2614 425 2675 aliis
449 2613 487 2674 ad
511 2633 558 2675 me
580 2614 750 2695 perscripta
771 2623 855 2688 sunt,
884 2617 952 2679 hino
981 2617 1084 2680 alteris
1117 2617 1290 2680 intricatam
1322 2622 1474 2695 captuque
1498 2612 1642 2677 meten

264 2719 271 2741 ⁸
294 2702 473 2786 hypothesin
499 2711 530 2765 et
554 2724 572 2764 a
595 2712 704 2766 natura
726 2704 856 2767 alienam
879 2707 1064 2780 notantibus,
1087 2706 1157 2769 inde
1180 2706 1249 2767 aliis
1272 2702 1485 2784 querentibus,
1502 2702 1642 2767 nondun

296 2793 464 2856 tabularum
479 2793 593 2854 muneri
613 2793 805 2857 satisfactum
823 2814 900 2871 esse,
927 2797 1044 2876 quando
1069 2796 1166 2858 altera
1186 2801 1406 2857 menstruarum
1430 2792 1643 2875 aequationu

296 2882 456 2945 etiamnum
483 2900 538 2962 per
563 2881 731 2944 doctrinam
758 2884 972 2965 triangulorum
1004 2885 1121 2966 prolixo
1149 2893 1182 2947 et
1210 2882 1345 2946 taedioso
1368 2880 1476 2944 labore
1499 2881 1643 2945 solvenda

296 2971 347 3032 sit.
393 2971 537 3050 Utrisque
564 2971 623 3031 hoc
649 2971 752 3033 labore
783 2975 938 3037 consulere
968 2995 1033 3037 sum
1063 2982 1198 3037 conatus.
1244 2971 1364 3035 Etenim
1387 2971 1413 3033 si
1442 2990 1525 3054 quos
1546 2982 1644 3035 moret

294 3060 344 3121 vel
367 3059 551 3121 circellomm
574 3059 734 3122 multitudo
758 3063 806 3123 vel
830 3064 925 3125 centri
948 3065 1029 3126 orbis
1052 3062 1082 3125 in
1106 3071 1240 3125 centrum
1259 3062 1372 3123 Terrae
1395 3061 1643 3125 semimenstraur

296 3148 450 3228 ingressus
473 3156 505 3208 et
527 3148 697 3210 discessus:
722 3148 783 3213 illis
803 3160 956 3214 ostensum
972 3161 1022 3214 est
1042 3154 1102 3226 hic,
1128 3150 1366 3233 Copemicanum
1384 3149 1471 3215 illurn
1494 3150 1642 3234 duplicem

297 3237 461 3317 epicyclnm
494 3236 524 3297 in
553 3238 757 3311 concentrico,
792 3258 879 3318 quem
906 3243 1009 3324 Tycho
1041 3250 1199 3324 tantopere
1230 3239 1401 3316 adamavit,
1436 3249 1473 3302 nt
1504 3261 1526 3303 a
1554 3241 1642 3305 tribus

296 3325 499 3404 superioribus
522 3333 687 3388 mutuatum
710 3328 803 3413 etiam
826 3330 855 3391 in
872 3331 987 3393 Lunam
1010 3331 1223 3405 introduceret,
1247 3329 1323 3391 nibil
1345 3348 1413 3391 esse
1439 3329 1539 3406 alind,
1563 3349 1642 3413 quun

296 3433 385 3476 unum
408 3413 624 3476 Ptolemaieum
648 3417 692 3488 (in
717 3417 813 3479 tribus
837 3420 1054 3500 superioribus)
1084 3421 1294 3492 eccentricnm,
1327 3418 1411 3498 cnjus
1440 3427 1549 3482 motua
1571 3420 1643 3484 eirca

227 3534 231 3544 ·
295 3510 438 3584 punctum
470 3502 590 3583 aliquod
623 3507 828 3586 aequatorium
860 3529 950 3591 snpra
982 3518 1116 3574 centrum
1149 3509 1229 3571 orbis
1261 3509 1413 3571 elevatum
1447 3508 1642 3573 circinante

296 3590 513 3671 aequabiliter:
541 3611 628 3672 quam
652 3595 898 3678 inaequalitatem
921 3607 1020 3662 motus
1042 3598 1215 3681 propediem
1239 3598 1267 3660 in
1287 3597 1348 3660 alio
1371 3615 1478 3679 opere,
1504 3598 1556 3662 cui
1580 3600 1642 3662 ius-

296 3680 438 3742 damenta
460 3681 489 3741 in
513 3700 578 3742 meo
602 3683 765 3748 Prodromo
789 3707 841 3750 sen
865 3689 1013 3770 Mysterio
1028 3687 1284 3768 Cosmographico
1303 3687 1376 3766 jeci,
1396 3686 1542 3769 physicis
1564 3688 1641 3769 pria-

294 3769 380 3850 cipiie
404 3771 719 3836 convenientissimam
743 3777 952 3839 demonstrabo
976 3788 1008 3838 et
1030 3776 1190 3857 Copemici
1214 3774 1435 3858 objectionibus
1457 3776 1490 3839 in
1516 3778 1641 3842 wudu

294 3858 492 3922 satisfaciam.
537 3860 672 3924 Eundem
696 3865 725 3925 in
748 3866 868 3928 modum
892 3867 939 3930 bic
967 3867 1209 3941 demonstratur,
1238 3865 1391 3928 circellum
1417 3864 1528 3940 illum,
1560 3884 1640 3949 qu

293 3949 397 4031 Tycbo
419 3967 473 4028 per
496 3957 630 4012 centrum
654 3953 764 4014 Terrae
788 3955 917 4018 transire
941 3956 1025 4028 facit,
1048 3956 1138 4036 plane
1161 3956 1328 4018 coincidere
1351 3970 1418 4017 cum
1433 3953 1639 4035 Copornicaas

295 4038 426 4100 secundo
450 4038 583 4118 epicyclo
606 4039 737 4114 Lunari;
767 4062 822 4105 nec
845 4045 902 4106 nisi
918 4047 1082 4125 positione
1105 4053 1137 4107 et
1159 4044 1292 4107 nonnihil
1316 4042 1489 4125 quantitate
1515 4046 1638 4117 diuma.

295 4127 405 4189 ellectu
428 4146 498 4188 vero
521 4139 621 4191 motus
645 4130 856 4212 aequipollere,
880 4137 966 4215 quale
992 4136 1061 4216 quid
1077 4135 1179 4217 Tycho
1202 4135 1267 4214 ipse
1291 4132 1318 4195 in
1343 4131 1552 4212 explicatione
1575 4153 1639 4200 saar

282 4215 499 4298 hypotheseos
521 4219 642 4281 monuit.
681 4220 787 4300 Itaque
812 4222 840 4283 in
862 4224 1031 4286 universum
1046 4225 1148 4286 Lunae
1173 4223 1299 4299 theoria,
1323 4222 1402 4304 quod
1425 4222 1638 4301 longitudinm

295 4305 414 4377 attinet,
437 4305 564 4367 totidem
587 4309 738 4370 constabit
761 4310 882 4373 orbibus
906 4321 937 4374 et
960 4315 1081 4388 centris,
1106 4321 1177 4393 quot
1200 4313 1278 4393 apud
1300 4311 1512 4376 Ptolemaeum
1536 4313 1639 4395 aliqua

295 4395 452 4457 extribus
476 4396 697 4476 superioribus:
731 4398 788 4461 nisi
812 4402 890 4481 qnod
916 4412 1075 4482 praeterea
1102 4401 1195 4464 etiam
1221 4401 1335 4465 medius
1359 4401 1466 4463 Lunae
1489 4403 1638 4466 motusic

296 4484 553 4565 conjunctionibus
576 4494 608 4547 et
631 4487 869 4568 oppositionibus
891 4510 1051 4572 parumper
1066 4491 1260 4565 acceleratur,
1285 4509 1373 4573 quarn
1388 4491 1494 4573 Tycho
1511 4492 1637 4555 Varia-

296 4571 432 4635 tionem
455 4574 550 4649 dixit3
574 4595 661 4656 quae,
684 4586 718 4638 ut
736 4598 754 4638 a
769 4583 1002 4663 cansaphysioa
1023 4580 1169 4662 prolecta,
1194 4581 1313 4644 circello
1336 4581 1484 4659 peculiari
1508 4582 1549 4643 ad
1572 4599 1636 4662 spe·

295 4662 476 4725 culationem
499 4682 556 4725 non
581 4664 712 4746 indiget,
742 4686 809 4728 cnm
831 4669 870 4730 ab
893 4670 1043 4750 ipsissimo
1066 4678 1219 4733 menstruo
1243 4669 1368 4733 circuitu
1395 4679 1552 4735 nascamr.
1596 4670 1636 4732 ue

296 4751 354 4813 hac
377 4761 495 4828 tamen,
529 4760 562 4815 ut
584 4754 662 4818 infra
684 4756 813 4833 dicetur,
846 4759 973 4820 nondum
996 4760 1116 4840 penitus
1139 4760 1241 4840 liquet
1288 4758 1551 4830 Quemadmodum
1573 4778 1635 4821 rem

295 4838 472 4922 hypothesis
495 4841 599 4904 Lunae
623 4845 784 4908 conformis
814 4856 863 4909 est
889 4848 1008 4910 reddita
1029 4848 1153 4913 usitatis
1175 4846 1369 4912 Ptolemaicis
1391 4850 1482 4913 trium
1504 4850 1634 4931 superio·
