3368 5534
165 307 230 380 278
648 309 689 365 na
707 311 814 366 nonum
833 309 925 366 sano
943 298 1031 367 mat·

167 493 263 556 simile
290 500 347 565 est,
370 489 514 570 majorem
532 489 622 552 etiam
646 491 774 553 habere:
799 492 857 553 hoc
879 499 936 568 est,
961 491 1043 555 Solis
1067 506 1182 574 qnoque
1211 491 1422 555 ecceutricitas
1448 509 1509 554 ven

166 592 281 644 tautum
297 579 421 642 dimidia
443 580 501 641 erit
523 580 598 659 ejus,
622 600 698 660 quae
722 589 911 661 computatur
934 600 972 642 ex
995 581 1171 662 aequatione
1194 582 1341 656 maxima;
1365 601 1420 644 seu
1438 582 1509 663 quoi

166 672 244 733 idem
268 679 329 744 est,
354 670 408 733 Sol
431 677 531 731 utetur
554 678 714 750 aequante,
747 670 833 750 cujus
856 671 1065 733 ecceutricitas
1089 679 1137 732 est
1160 671 1251 752 dupla
1273 672 1312 732 ad
1336 668 1509 734 ecceutrici·

166 769 261 823 tatem
287 757 457 821 ecceutrici.

254 852 375 923 Fateor,
399 846 687 927 argumentationem
709 846 787 908 hanc
810 847 847 908 de
870 848 966 910 forma
985 848 1172 910 Ptolemaiou
1184 857 1217 911 et
1231 847 1406 930 Tycbonica
1426 846 1509 930 paulu

166 937 391 1011 imbecilliorem
415 956 500 1009 esse,
531 937 628 1016 quoad
652 956 717 998 cum
740 936 913 999 auctoribus
942 946 1024 999 motu
1048 936 1130 1001 Solis
1160 938 1260 1001 medio
1282 938 1404 1001 utimur.
1450 936 1509 999 Fiet

167 1031 267 1111 itaque
291 1025 446 1100 illustrior,
470 1024 519 1086 ubi
538 1025 602 1104 jam
626 1024 793 1087 rationibus
817 1025 854 1086 iis
868 1035 1029 1106 permotus,
1053 1047 1128 1108 quas
1147 1046 1239 1108 snpra
1253 1047 1318 1109 cap.
1334 1027 1390 1088 Vl.
1410 1044 1509 1088 recen

165 1118 221 1196 sui,
246 1124 358 1180 motum
380 1116 521 1196 planetae
545 1114 583 1176 ad
607 1114 690 1176 Solis
714 1122 907 1195 apparentem
930 1123 1041 1178 motum
1065 1117 1244 1197 expendero.

694 1611 814 1712 Caput
839 1611 981 1686 XXVI.

166 1773 406 1837 Dernoaetratio
429 1791 470 1834 en
490 1771 605 1833 iisdem
627 1771 900 1846 obseruationibus,
924 1768 1098 1855 epieyclum
1112 1790 1134 1832 a
1148 1777 1262 1851 maneto
1281 1772 1441 1856 afficienda
1462 1791 1509 1834 eeu

167 1882 238 1937 ace,
261 1869 291 1924 et
313 1862 418 1923 orbem
440 1881 580 1923 annuum
604 1858 651 1941 (et
672 1863 720 1924 tic
742 1862 838 1922 etiam
859 1860 943 1923 mam
967 1861 1088 1923 Terrae
1109 1859 1197 1924 circa
1221 1857 1336 1935 Solem,
1360 1859 1409 1923 vel
1431 1858 1509 1923 Solu

164 1953 251 2016 eirca
281 1945 434 2030 Terram)
465 1970 487 2012 a
514 1957 617 2012 centro
648 1952 790 2032 emporio
820 1947 949 2013 Solaria
975 1949 1024 2012 vel
1055 1950 1176 2013 Terrae
1203 1969 1271 2012 eaeo
1301 1952 1509 2023 eccentrr'em,

165 2041 300 2104 dimidio
331 2038 443 2102 tabem
475 2041 559 2126 ejece,
590 2040 674 2120 qaod
705 2039 813 2122 ilbodo
844 2038 957 2100 Brabe
980 2057 1041 2122 per
1070 2040 1272 2122 monuimus
1302 2047 1406 2103 motae
1430 2036 1509 2102 Solii

774 2129 903 2191 invenit.

253 2271 439 2350 Repetemus
453 2275 553 2330 autem
568 2267 653 2350 ipsas
668 2269 896 2331 observationes
909 2269 1085 2349 diligenter:
1100 2269 1189 2331 Auno
1207 2265 1301 2333 1599.
1318 2269 1347 2330 (1.
1364 2265 1396 2331 4.
1411 2268 1509 2332 Martii

164 2361 195 2423 b.
220 2359 250 2422 ’1.
278 2358 329 2422 100
352 2359 491 2420 inventus
514 2366 563 2419 est
584 2357 721 2437 diligenti
737 2357 947 2420 observatione
972 2367 1004 2419 et
1026 2358 1142 2420 calculo
1165 2359 1195 2420 in
1218 2354 1357 2421 240220
1381 2354 1448 2422 5600
1471 2356 1509 2436 Y,

168 2469 234 2512 cum
258 2449 311 2510 lat.
336 2446 375 2511 0⁰
397 2444 429 2510 30
452 2443 518 2509 2000
540 2465 614 2507 mer.
647 2447 695 2508 Ea
716 2446 792 2510 hora
816 2446 925 2509 occidit
939 2444 978 2511 8⁰
1000 2445 1044 2522 Y.
1083 2449 1188 2530 Itaque
1212 2456 1237 2519 0·
1260 2446 1384 2509 humilis
1408 2450 1509 2511 admo-

165 2539 243 2600 dum.
282 2536 383 2608 Quare
406 2555 461 2618 per
475 2535 686 2597 refractionem
702 2535 916 2598 sublevabatur
939 2536 1208 2617 inconsequentia,
1232 2545 1265 2598 nt
1280 2546 1509 2600 consentaneum

165 2626 216 2703 sit,
240 2627 304 2689 sine
328 2624 506 2687 refractione
522 2623 726 2705 appariturum
749 2625 843 2687 fuisse
867 2625 897 2688 in
920 2621 981 2687 240
1004 2622 1058 2688 200
1081 2624 1125 2703 Y.
1165 2625 1336 2688 Parallaxis
1360 2646 1435 2689 vero
1451 2627 1509 2706 ejn

165 2715 283 2778 nonnisi
308 2715 416 2794 exigua
439 2733 507 2776 esse
530 2720 650 2793 potest,
683 2715 842 2795 praecipue
874 2714 904 2776 in
929 2716 1065 2793 longum:
1098 2734 1168 2777 nam
1190 2716 1276 2777 Mars
1307 2715 1376 2777 Soli
1400 2716 1509 2779 ricinus

168 2805 293 2887 ideoque
317 2825 336 2864 a
358 2805 470 2866 Terrae
493 2811 596 2865 centro
619 2803 795 2882 longissime
818 2804 954 2865 recessit.

252 2896 341 2956 Anno
368 2888 461 2955 1592.
487 2893 515 2953 d.
541 2888 592 2953 23.
617 2892 686 2954 Jan.
711 2893 740 2952 h.
766 2893 795 2954 7.
820 2890 874 2955 200
898 2912 935 2954 ex
965 2893 1052 2955 unius
1075 2892 1185 2955 saltem
1212 2892 1320 2955 stellae
1349 2892 1509 2956 remotione

164 2985 305 3046 aMarte
336 2982 400 3044 sine
433 2980 559 3043 alterius
592 2981 763 3043 testimonio
787 2989 923 3062 repertus
951 2988 999 3043 est
1026 2989 1051 3052 d
1079 2981 1108 3042 iu
1134 2978 1193 3043 110
1214 2978 1268 3044 320
1291 2978 1357 3045 4400
1382 2982 1428 3059 Y,
1453 2999 1509 3045 cun

163 3074 217 3135 lat.
242 3069 281 3135 0⁰
308 3071 336 3133 10
360 3069 426 3134 3600
449 3069 551 3132 merid.
599 3070 703 3149 ltaque
727 3088 780 3150 per
803 3070 968 3134 varietates
996 3069 1200 3132 horizontales
1223 3070 1297 3133 nihil
1321 3073 1509 3143 mutabimus.

163 3161 351 3243 suspicantes
375 3169 474 3222 tamen
498 3158 585 3220 unius
609 3159 657 3219 vel
680 3159 804 3221 alterius
828 3160 959 3240 scrupuli
983 3158 1232 3222 incertitudinem.

253 3252 342 3312 Anno
374 3246 468 3312 1593.
500 3249 527 3308 (1.
558 3246 587 3307 7.
616 3248 690 3309 Dec.
718 3247 748 3309 h.
779 3246 810 3310 8.
838 3247 870 3312 00
903 3249 1042 3311 inventus
1072 3257 1120 3310 est
1149 3256 1174 3318 d
1202 3249 1231 3310 iu
1266 3246 1304 3313 30
1327 3244 1360 3311 60
1389 3248 1456 3312 5000
1483 3245 1509 3325 Y

165 3341 229 3401 sine
260 3339 394 3421 periculo
425 3336 624 3398 variatiounm
652 3336 896 3410 horizontalium,
929 3357 995 3400 cum
1027 3336 1080 3397 lat.
1112 3338 1143 3400 70
1173 3332 1216 3400 900
1243 3356 1316 3399 mer.
1363 3338 1509 3402 Aseeosio

166 3437 249 3490 recta
271 3438 370 3489 tamen
386 3449 405 3486 a
420 3427 516 3488 tribus
545 3424 642 3486 stellis
667 3434 822 3488 exstructa
852 3426 1045 3509 discrepabat
1061 3422 1108 3488 4οε
1140 3434 1171 3487 et
1193 3435 1323 3488 sumtum
1352 3446 1409 3508 pro
1436 3446 1509 3498 verb,

165 3518 243 3598 quod
267 3517 324 3578 fuit
345 3516 476 3577 medium
500 3515 577 3575 iuter
600 3524 742 3576 extrema.

254 3610 343 3667 Anno
372 3602 464 3668 1595.
494 3605 522 3665 d.
552 3601 603 3664 25.
630 3602 698 3665 Oct.
722 3603 751 3664 h.
777 3601 808 3666 8.
836 3600 887 3664 10¹
910 3602 1071 3663 observata
1094 3612 1143 3665 est
1164 3605 1303 3683 planetae
1327 3605 1508 3668 distantias

167 3695 262 3756 tribus
286 3694 368 3767 fixis,
403 3705 433 3754 et
456 3693 585 3755 unanimi
609 3711 755 3755 consensu
784 3692 922 3755 inventus
946 3697 995 3753 est
1023 3691 1146 3772 planeta
1172 3693 1202 3755 in
1230 3689 1286 3758 190
1309 3690 1364 3758 390
1388 3692 1455 3758 2500
1477 3694 1507 3768 ὅ,

167 3803 232 3845 cum
257 3785 311 3844 lat.
336 3780 375 3845 0⁰
401 3781 449 3844 120
473 3779 537 3844 4100
561 3799 632 3842 mer.

255 3871 445 3934 Reducemos
477 3880 577 3932 antem
608 3870 668 3931 tria
702 3870 859 3952 sequentia
895 3877 1030 3949 tempora
1059 3868 1098 3930 ad
1127 3869 1263 3948 primum.
1323 3868 1427 3942 Quare
1457 3887 1506 3953 quo

168 3962 233 4024 loco
257 3960 415 4023 ecceutrici
447 3960 503 4022 suit
525 3961 609 4021 Mars
638 3979 717 4022 anuo
750 4005 757 4019 .
817 3955 958 4021 1590u.
996 3954 1026 4020 4.
1051 3958 1143 4020 Mart.
1173 3960 1202 4022 h.
1233 3957 1264 4022 7.
1291 3957 1343 4023 100

257 4405 359 4468 Motus
383 4403 474 4464 tridui
496 4412 528 4464 et
545 4401 599 4466 350
616 4403 702 4465 unius
725 4403 816 4464 horae
831 4423 908 4464 anno
930 4399 1022 4466 1592.
1040 4410 1089 4462 est
1102 4403 1181 4482 apud
1195 4403 1350 4483 Maginum
1365 4399 1405 4465 20
1417 4399 1450 4466 90
1463 4398 1509 4466 40.

168 4494 249 4574 Ergo
272 4495 356 4555 visus
380 4501 429 4555 est
444 4501 468 4561 ό
485 4493 523 4553 ad
547 4501 681 4554 nostrum
697 4501 814 4573 tempus
837 4493 866 4553 in
890 4488 928 4554 90
951 4488 1004 4554 230
1027 4487 1093 4553 4000
1116 4489 1161 4568 Y.
1199 4492 1289 4554 Anno
1307 4489 1401 4557 1593
1417 4503 1509 4557 motus

167 4585 196 4645 h.
225 4584 251 4645 1.
281 4581 336 4646 450
365 4600 402 4642 ex
433 4581 538 4643 diurno
568 4578 621 4644 330
652 4590 700 4641 est
726 4578 758 4642 20
786 4578 860 4643 2500.
908 4581 1012 4661 ltaque
1043 4579 1082 4640 ad
1114 4588 1249 4644 nostrum
1281 4589 1400 4664 tempus
1433 4585 1509 4647 loeus

168 4672 279 4735 Martis
311 4669 411 4752 prodit
439 4668 477 4734 30
506 4665 537 4731 40
561 4667 627 4733 2500
650 4668 694 4746 Y.
741 4669 793 4731 Sic
821 4688 898 4730 auno
931 4666 1025 4732 1595.
1056 4675 1154 4731 motus
1181 4669 1322 4735 horarum
1345 4669 1376 4735 2
1400 4669 1457 4736 250
1478 4688 1509 4735 α

170 4761 274 4824 diurno
298 4758 352 4822 220
380 4758 442 4912 133
465 4767 513 4820 est
535 4756 566 4820 20
593 4756 663 4822 1400.
710 4759 791 4838 Ergo
819 4758 859 4822 ad
887 4766 1022 4822 nostrum
1050 4765 1169 4840 tempus
1196 4760 1283 4824 locus
1303 4760 1417 4826 Martia
1443 4778 1509 4846 pro·

171 4848 217 4911 dit
242 4845 374 4914 190410
445 4848 464 4880 00
487 4848 525 4922 ὅ.
