3374 5528
687 286 749 367 ιω
767 286 871 356 owe
908 288 991 357 coo
1006 287 1037 345 n
1168 254 1177 275 ”
1480 286 1549 357 ιιι

185 467 330 544 stantiae,
354 466 506 549 longiores
529 477 617 532 erant
646 487 733 551 qnam
764 471 848 551 ipsae
882 469 1057 544 distantiae,
1082 474 1169 531 tanto
1193 469 1256 531 lere
1276 468 1342 548 jam
1373 468 1476 548 plures
1499 470 1548 532 di-

184 558 320 623 stantias
343 557 519 638 collegimus
543 577 632 640 qnam
656 568 738 622 ante.
772 561 853 625 Vide
877 568 977 622 antem
1001 565 1033 620 et
1047 558 1186 621 effectum
1200 552 1290 639 hujus
1306 557 1417 621 calculi
1431 558 1547 622 securi-
1644 606 1657 634 ,

184 648 268 712 tatis
284 668 386 711 causa
432 646 512 737 Nep

208 777 246 832 ed
265 775 433 831 anomaliam
481 774 607 846 proditur
627 791 707 830 coae-
750 775 783 830 In
801 774 907 830 vicaria
925 790 991 829 vero
1047 771 1215 828 Differentia

247 856 400 927 simplicem
551 861 640 927 quatu

226 948 353 1012 48038‘
375 947 434 1009 31”
503 946 627 1010 41031‘
667 945 708 1009 0“
776 947 901 1010 41017‘
943 949 983 1008 6“
1082 952 1129 1015 14‘
1152 960 1188 1031 q.

228 1031 277 1092 95.
307 1030 353 1091 13.
374 1030 413 1090 58
502 1028 550 1090 84.
578 1030 625 1089 45.
648 1029 687 1090 50
775 1028 824 1091 84.
855 1029 900 1090 37.
923 1030 960 1089 45
1276 1010 1553 1097 Ρθῦθΰθῑῡῦῑᾶίῧθω,

210 1109 277 1173 138.
305 1111 352 1172 45.
374 1107 412 1169 11
485 1107 550 1171 131.
599 1108 625 1170 1.
646 1108 685 1168 52
758 1109 823 1170 131.
873 1107 959 1170 7.13
1286 1082 1497 1199 temulenta·

171 1246 188 1287 ·'-
272 1237 413 1300 utricitas
436 1257 553 1301 mrsum
571 1237 656 1317 justo
679 1238 775 1301 minor
798 1238 941 1340 arguitur.
989 1239 1035 1301 De
1064 1248 1166 1304 cetero
1191 1262 1308 1304 errores
1332 1242 1422 1305 iidem
1445 1241 1494 1322 qui
1517 1240 1548 1303 in
1606 1238 1613 1253 '

193 1320 200 1335 ¹
270 1328 329 1392 'me
351 1326 556 1410 praecedenti.
610 1325 689 1389 Nam
720 1329 800 1408 quod
830 1329 917 1407 sigua
950 1344 1126 1395 excessuum
1163 1331 1258 1413 siguis
1283 1333 1453 1395 defectuum
1474 1349 1548 1412 per·

167 1480 191 1501 ..·.
230 1422 353 1492 tantm,
378 1416 412 1479 fit
434 1416 505 1498 quia
527 1415 576 1478 hic
600 1415 768 1480 differentia
790 1416 924 1481 ostendit
943 1437 1060 1481 errores
1083 1422 1251 1484 anomaliae
1266 1428 1462 1502 coaequatae,
1485 1419 1548 1482 illic

139 1510 150 1537 ·’
187 1506 359 1571 ΙιιιοιιιιΙίιι
382 1507 509 1569 mediae.
552 1506 654 1585 Atque
677 1506 726 1571 hic
749 1516 799 1568 est
821 1500 926 1571 modus
949 1507 1068 1570 tertius.

280 1594 555 1677 Propertionalium
586 1590 666 1669 AG,
691 1595 752 1673 AV,
776 1613 831 1675 pro
864 1594 927 1657 dist
914 1597 1020 1659 tentiis
1044 1597 1119 1675 AD,
1142 1598 1200 1662 AC
1235 1598 1465 1674 substitutione,
1497 1597 1547 1680 qui

190 1695 318 1767 quartus
343 1692 391 1748 est
414 1685 529 1759 rhodus,
556 1643 666 1746 facturi
687 1702 789 1746 snmus
811 1703 866 1764 pro
891 1685 1006 1748 duabus
1029 1695 1092 1749 tres
1109 1694 1220 1768 partes
1235 1689 1434 1768 aequationis.
1467 1685 1547 1750 Nam

188 1775 314 1857 planum
338 1771 424 1837 CAD
446 1773 570 1837 metitur
593 1773 805 1835 distantiarum
829 1771 895 1850 CA,
919 1774 979 1838 DA
1003 1795 1157 1840 summam.
1202 1778 1307 1861 Longe
1335 1772 1425 1858 igitur
1448 1777 1545 1839 minus

190 1873 242 1927 est
265 1883 356 1945 quam
380 1864 444 1940 FA,
471 1861 533 1925 GA
555 1862 699 1939 linearum
723 1881 847 1925 summa.
892 1864 939 1925 Ac
963 1866 1022 1927 etsi
1043 1866 1222 1931 medicinam
1241 1868 1400 1930 afferamus
1418 1864 1547 1933 simlem

190 1954 292 2029 illius,
325 1972 400 2034 quae
423 1952 520 2032 primo
543 1951 631 2015 modo
657 1952 714 2015 luit
736 1951 887 2015 adhibita:
923 1962 1023 2017 tamen
1047 1955 1227 2035 duplicaturi
1250 1976 1353 2018 snmus
1376 1953 1546 2030 errores.*)

192 2041 269 2106 Cum
304 2043 383 2105 euim
419 2043 505 2123 ipsae
540 2041 705 2104 distantiae
732 2042 856 2104 tolerari
879 2036 1048 2122 nequeam,
1082 2044 1120 2107 ob
1143 2046 1264 2108 nimiam
1287 2065 1373 2108 snam
1392 2040 1425 2107 Ιιι
1448 2043 1546 2107 medio

192 2132 421 2214 longitudinem,
446 2131 545 2193 minus
568 2140 656 2193 erunt
678 2131 853 2193 tolerabiles
869 2132 1118 2212 proportionales,
1143 2143 1249 2215 utpote
1265 2134 1427 2214 longiores.
1461 2130 1507 2196 Et
1520 2131 1547 2194 si

192 2221 269 2285 libet
300 2221 371 2284 illas
393 2221 520 2301 probare
545 2220 654 2283 effectu
673 2220 789 2295 calthi,
816 2220 960 2297 invenies,
985 2223 1158 2285 anomaliae·
1176 2223 1294 2287 mediae
1318 2216 1389 2291 531·
1401 2217 1457 2287 23‘
1478 2217 1547 2286 56“

191 2311 376 2393 respondere
405 2318 605 2390 coaequatam
635 2307 698 2374 46⁰
725 2290 774 2383 ii',
809 2329 884 2390 quae
916 2310 946 2370 in
971 2311 1084 2375 vicaria
1105 2310 1241 2393 proditur
1265 2321 1385 2377 tantum
1407 2305 1470 2375 45⁰
1491 2308 1547 2373 27‘
1623 2324 1627 2329 '

192 2400 324 2476 circiter,
350 2398 489 2462 different
490 2400 520 2460 ia
541 2395 611 2477 33‘,
634 2401 724 2481 plane
748 2398 888 2462 absurda.

1334 2520 1355 2553 1

163 2622 180 2659 ,
594 2576 724 2639 Modus
756 2575 906 2660 quintus
940 2585 976 2640 et
1007 2584 1146 2641 sextus.
1377 2512 1403 2573 ἃ

285 2700 363 2767 Cum
392 2701 484 2782 igitur
514 2670 642 2781 quatuor
670 2700 719 2762 his
750 2701 849 2764 modis
879 2700 954 2763 nihil
983 2703 1166 2776 effecissent,
1199 2708 1270 2763 tunc
1303 2720 1368 2764 cum
1399 2702 1549 2765 anomalia

193 2791 298 2858 media
319 2798 351 2854 et
382 2790 536 2853 distantiis
566 2789 612 2851 illi
641 2789 806 2869 assignatis
836 2791 1027 2870 (operatione
1058 2791 1178 2872 quinta)
1209 2790 1368 2853 transivi
1359 2810 1390 2853 ιιι
1413 2791 1549 2855 rotulam

193 2881 399 2967 hypotheseos
423 2880 552 2942 vicariae
575 2898 641 2960 cap.
665 2879 756 2954 XVI,
780 2888 812 2941 et
834 2880 1001 2942 anomaliae
1026 2899 1096 2942 vere
1120 2887 1315 2962 coaequatae
1360 2880 1549 2945 Βιιιιιιιιιι·

194 2974 322 3036 schema
335 2967 386 3034 99.
430 2969 513 3030 Tunc
536 2969 605 3049 quia
628 2968 792 3030 distantiae
811 2968 898 3032 All·
889 2990 921 3031 m
944 2970 1055 3050 gradm
1078 2970 1212 3051 integros
1237 2968 1406 3031 anomaliae
1427 2968 1548 3045 mellite

194 3063 263 3125 IBF
285 3059 335 3122 vel
358 3059 433 3120 IDH
456 3066 660 3138 competentes
691 3059 903 3138 competebant
934 3059 1025 3122 etiam
1050 3059 1079 3120 in
1103 3059 1214 3139 gradm
1238 3064 1270 3119 et
1296 3058 1453 3121 minutias
1466 3074 1548 3121 ¹-eoo

194 3150 305 3213 malias
344 3155 527 3228 coaequatae
553 3147 648 3220 ΙΑΗ,
680 3166 755 3227 quae
787 3149 816 3209 in
849 3147 953 3210 tabula
984 3149 1066 3211 dicta
1102 3148 1341 3228 respondebat
1330 3148 1392 3249 ‘ipsi
1429 3146 1547 3210 mediae

195 3236 366 3302 anomaliae
389 3237 480 3310 IDH;
510 3236 602 3316 igitur
625 3254 702 3298 nono
732 3236 837 3298 reduxi
864 3237 921 3299 has
940 3237 1116 3299 distantias
1140 3257 1159 3297 a
1182 3244 1328 3316 coaequat
1329 3236 1355 3298 is
1315 3236 1549 3300 tancmaliis
1594 3288 1597 3293 .

195 3326 392 3409 scrupulariis
415 3325 617 3407 hypotheseos
646 3325 777 3388 vicariae
801 3344 866 3406 cap.
890 3325 982 3398 XVI,
1005 3345 1112 3405 nempe
1135 3326 1173 3387 ab
1202 3326 1276 3405 ipsis
1299 3325 1377 3388 HAI
1399 3325 1547 3406 inaequa-

195 3418 276 3480 libus
295 3416 333 3478 ad
349 3423 533 3495 coaequatae
548 3414 624 3476 Har
645 3414 757 3493 gradus
780 3414 915 3494 singulos
939 3415 1105 3490 absolutos,
1128 3415 1185 3477 hoc
1202 3423 1250 3477 est
1263 3424 1368 3495 partes
1392 3414 1546 3495 aequales.

194 3505 323 3571 Decimo
346 3503 491 3566 iisdem
467 3523 510 3566 ιιι
524 3503 636 3566 constit
636 3504 696 3567 ntis
720 3503 874 3566 distantiis
897 3504 1030 3584 quaesivi
1053 3503 1361 3585 proportionales,nt
1381 3503 1412 3566 in
1425 3522 1546 3607 'opera-

197 3597 281 3659 tione
314 3594 445 3656 secunda
468 3600 500 3654 et
523 3600 620 3655 ιιιιι.
667 3592 832 3656 Undecimo
855 3600 885 3654 et
917 3590 1092 3661 duodecimo
1125 3592 1226 3654 addidi
1259 3590 1431 3671 singulas
1422 3612 1452 3655 m
1484 3591 1547 3655 suis

196 3684 348 3748 classibus
378 3682 492 3762 fuitque
522 3701 638 3743 summa
669 3683 880 3744 distantiarum
913 3678 1103 3754 35770014,
1134 3701 1250 3744 summa
1281 3681 1548 3761 proportionalium

197 3767 386 3838 35692018.
411 3769 487 3834 Cum
496 3789 574 3833 enim
580 3791 643 3850 Jam
654 3772 787 3834 brevmm
798 3770 1007 3833 distantiarum
1018 3772 1118 3850 plures
1128 3771 1190 3832 smt
1199 3789 1287 3851 qnam
1296 3771 1452 3849 longamm
1463 3769 1549 3852 (qma

196 3883 251 3945 per
265 3863 344 3924 hanc
358 3859 588 3923 translationem
611 3858 821 3922 distantiarum
844 3861 951 3939 longas
966 3879 1070 3922 omnes
1093 3879 1211 3922 sursum
1229 3859 1375 3921 traximus
1390 3867 1421 3921 et
1434 3877 1547 3939 paucas

199 3952 369 4026 effecimus,
393 3949 610 4012 constituentes
634 3969 721 4013 arcus
739 3948 786 4013 IG
808 3950 875 4011 viae
900 3949 996 4011 ovalis
1020 3969 1110 4030 supra
1134 3949 1213 4028 apud
1236 3948 1386 4028 aphelium
1409 3966 1545 4028 magnos,

200 4052 232 4104 et
254 4042 299 4104 sic
321 4039 488 4102 tribuentes
516 4038 644 4118 singulis
672 4039 814 4119 gradibus
842 4038 1010 4101 anomaliae
1033 4059 1091 4101 non
1114 4039 1197 4101 Fan
1220 4046 1255 4100 nt
1277 4037 1308 4099 in
1330 4038 1425 4118 primo
1448 4036 1548 4112 modo,
1598 4056 1604 4069 ·

200 4132 255 4194 sed
276 4128 375 4204 ΗΑΒ,
400 4129 456 4190 hoc
482 4136 531 4189 est
552 4148 622 4191 vere
650 4138 847 4208 coaequatae,
881 4128 1015 4209 singulas
1043 4106 1225 4278 distertii*
1215 4145 1378 4208 ,quorum
1400 4125 1548 4206 graduum

199 4220 231 4283 in
255 4217 404 4300 superiori
436 4216 620 4279 semicirculo
645 4238 702 4280 uon
727 4228 797 4281 sunt
818 4219 920 4300 plures
943 4237 1031 4299 quarn
1053 4237 1084 4279 m
1109 4218 1195 4283 interr
1215 4220 1280 4289 ιι)·
1311 4215 1381 4278 hinc
1403 4215 1480 4276 adeo
1496 4213 1546 4295 tit,

202 4316 235 4371 ιι
264 4328 326 4371 nou
357 4313 476 4369 tantum
499 4302 564 4370 360
596 4306 807 4370 distantiamm
839 4326 954 4370 summa
983 4306 1078 4369 minor
1108 4306 1218 4368 evadat
1248 4324 1337 4385 quam
1365 4298 1431 4367 300
1454 4301 1548 4365 semi-

201 4399 430 4471 diametrorum,
461 4395 630 4458 sedetiam
661 4397 925 4477 proportionalium
948 4414 1063 4459 summa
1090 4395 1186 4459 minor
1209 4394 1337 4471 evadat,
1368 4411 1458 4474 quam
1481 4396 1549 4455 erat

202 4506 319 4552 summa
340 4487 475 4568 ipsamm
497 4483 717 4551 distantiamm.

286 4690 373 4766 )1n
394 4700 492 4768 quarto
513 4698 614 4750 conatu
634 4694 657 4749 ri
678 4692 857 4750 eimedioina
876 4692 1029 4758 afferretur,
1050 4692 1129 4747 fieret
1142 4693 1300 4752 monstrum,
1322 4686 1394 4741 CBD
1408 4683 1548 4741 wamelis

206 4778 303 4834 tertia.
324 4776 438 4848 planum
458 4775 531 4832 OAD
552 4775 840 4835 mansuescendo.
881 4773 1152 4837 SummereroFA,
1175 4770 1226 4824 da
1246 4768 1381 4823 lineamn
1401 4765 1546 4823 wntartio·

206 4875 272 4927 mur,
293 4856 432 4915 manalis
450 4856 547 4928 prima
