3374 5528
435 301 467 352 de
486 300 674 355 Commentariis
692 304 723 354 de
740 312 809 355 mom
824 216 1026 413 ottik*
1365 297 1405 369 51

52 477 133 539 inter
163 476 329 556 sequentis
361 485 503 558 punctum
526 486 558 540 et
583 486 718 542 centrum
752 481 832 542 orbis
862 483 969 555 annui,
1001 483 1032 543 in
1064 480 1145 543 linea
1176 482 1246 543 alia.
1293 480 1410 543 Deinde

52 565 239 628 momeliam
262 569 505 631 commutationis
529 569 621 631 efficit
643 589 701 631 non
725 569 853 632 circulus
876 571 956 632 eirca
978 571 1147 651 putativum
1170 579 1304 632 centrum
1328 571 1408 632 orbis

55 655 179 734 magui,
211 655 266 717 sed
298 656 447 719 humilior.
494 658 573 719 Nam
605 657 637 719 id
667 666 801 720 centrum
833 660 991 740 aequantia
1021 660 1143 721 Teneai
1174 667 1318 738 punctum
1350 668 1408 733 est,

54 753 194 806 centrum
224 762 297 806 vero
320 744 385 808 Soli
411 746 616 849 propinquius
663 748 766 810 Tertio
790 749 827 810 de
851 748 1010 811 libratione
1036 749 1193 829 planorum
1216 758 1248 810 et
1272 747 1409 810 variabili

54 832 254 937 inclinatiopc
287 836 419 913 comperi
442 836 517 897 nihil
539 854 618 898 esse
665 837 714 899 lta
737 836 959 916 simplicissima
982 837 1155 899 araneosa
1177 836 1306 911 Martis,
1335 856 1409 899 con-

53 932 141 985 stans
173 921 262 991 unice
296 923 445 987 circulo'
437 945 466 986 rn
497 912 636 1027 peripdos'
668 926 814 1002 singulas.
861 927 990 988 Theoria
1021 924 1104 988 Solis
1134 926 1181 988 vel
1210 926 1360 987 Terrae
1352 925 1410 1006 rpsi

54 1012 146 1093 plane
170 1011 205 1073 iit
228 1010 346 1087 similis,
371 1021 493 1076 constat
525 1014 604 1076 enim
629 1015 751 1096 etipsa
774 1023 932 1097 aequante.
977 1016 1012 1077 In
1036 1024 1162 1095 utroque
1191 1015 1407 1077 demonstratio

54 1110 85 1162 et
107 1118 300 1163 numerorum
322 1104 490 1165 necessitas
513 1105 605 1181 cogit,
629 1115 663 1166 ut
685 1105 856 1166 dimidiatur
886 1105 1096 1167 eccentrioitas
1127 1104 1303 1183 composita,
1328 1103 1407 1184 quod

54 1180 249 1253 Ptolemaeus
274 1190 357 1259 fecit,
382 1192 441 1254 etsi
464 1192 531 1274 quis
553 1193 598 1255 ita
621 1195 774 1274 procedat,
799 1213 835 1255 ac
860 1195 887 1257 si
909 1195 1025 1255 incerta
1048 1200 1132 1255 esset
1153 1193 1307 1273 proportio
1331 1211 1405 1273 par-

55 1280 149 1354 tium;
174 1298 246 1341 nam
263 1280 397 1362 Tycbo
390 1301 420 1344 m
441 1282 541 1344 Marte
565 1283 652 1363 longe
676 1284 768 1345 aliam
791 1283 977 1345 circellorum
1000 1281 1222 1362 proportionem
1245 1288 1406 1345 statuerat

56 1371 138 1433 Haeo
169 1379 272 1432 autem
303 1369 470 1433 dimidiatio
501 1372 730 1452 aequationibus
762 1370 844 1434 Solis
868 1394 887 1434 a
911 1372 1050 1454 Tychone
1083 1371 1236 1450 usurpatis
1268 1371 1406 1450 nuspiam

56 1460 136 1522 ultra
158 1458 248 1521 unius
270 1459 403 1539 scrupuli
426 1460 624 1522 differentiam
647 1461 746 1535 infert,
771 1461 1047 1542 inaequationibus
1070 1479 1141 1521 vero
1164 1458 1301 1521 maximis
1325 1462 1406 1522 circa

57 1547 248 1629 aequinoctia
271 1549 361 1627 plane
384 1549 466 1611 nihil.
512 1550 563 1611 Ita
585 1559 687 1612 manet
710 1557 776 1614 tota
790 1550 952 1612 restitutio
969 1549 1051 1611 Solis
1070 1548 1249 1631 Tychouica,
1270 1555 1405 1611 tautum-

57 1638 143 1699 modo
173 1656 321 1700 aseensus
344 1645 376 1700 et
398 1639 561 1701 descensus
585 1638 666 1702 Solis
699 1640 886 1715 minuuntur,
921 1647 953 1700 et
976 1658 1028 1719 per
1051 1657 1238 1718 consequeus
1265 1637 1406 1700 diametri

59 1726 139 1789 Solis
172 1727 352 1806 apparentis
375 1736 407 1790 et
429 1727 551 1791 umbrae
584 1729 722 1791 diametri
754 1729 882 1790 variatio
905 1730 940 1790 dt
962 1729 1074 1802 minor,
1108 1726 1187 1807 quod
1213 1727 1244 1789 in
1278 1726 1404 1807 eclipses

59 1814 217 1889 redundat,
243 1815 361 1895 exiguo,
386 1824 422 1878 ut
443 1823 526 1896 puto,
551 1818 598 1879 vel
616 1817 725 1880 damno
748 1818 795 1878 vel
815 1820 907 1881 lucro.
944 1817 1001 1879 His
1024 1814 1223 1879 consideratis
1247 1815 1277 1879 io
1291 1815 1406 1877 duobus

59 1904 190 1984 planetis
214 1904 391 1983 supervenit
412 1906 579 1985 speculatio
603 1908 773 1987 invenitque
802 1926 923 1968 causam
952 1904 1110 1987 aequantia
1133 1923 1201 1966 esse
1225 1922 1306 1966 mere
1328 1904 1408 1985 phy-

59 1996 160 2065 sicam,
183 2002 345 2075 patentem
368 2002 468 2056 tamen
492 1996 725 2058 dimensionibus
749 1995 949 2075 geometricis.
986 1995 1066 2057 Nam
1089 2002 1124 2055 ut
1146 1993 1292 2056 distantia
1315 2013 1410 2072 quae-

61 2084 131 2144 libet
154 2084 197 2143 ad
229 2083 341 2155 aliam,
372 2083 417 2145 ita
434 2076 530 2146 'mora
560 2085 700 2165 planetae
724 2085 752 2146 in
784 2095 895 2164 puncto
927 2084 1006 2147 illius
1039 2083 1204 2149 distantiae
1228 2083 1268 2144 ad
1297 2101 1411 2145 moram

62 2172 162 2251 puncti
186 2172 316 2233 alterius
339 2172 512 2239 distantiae.

145 2257 284 2339 Cumque
307 2260 340 2325 in
362 2260 477 2324 duobus
508 2262 639 2342 planetis
663 2281 711 2322 res
734 2261 812 2325 ultro
837 2261 1126 2337 successerit,'sine
1150 2260 1213 2322 ulla
1236 2258 1341 2339 gratia
1363 2257 1411 2319 vel

61 2359 197 2429 respectu
230 2351 280 2421 (nt
309 2369 348 2411 ex
379 2351 443 2412 loro
473 2361 577 2430 petam
605 2350 746 2429 loquendi
777 2352 904 2424 forruas)
938 2369 975 2411 ex
1006 2350 1097 2411 meris
1135 2346 1408 2420 observationibus,

63 2438 263 2500 mediantibus
288 2439 611 2502 demonstrationibus:
631 2440 696 2517 jam
719 2459 771 2518 spe
795 2440 938 2501 devorari
960 2441 1101 2518 planetas
1125 2446 1243 2501 ceteros
1265 2443 1409 2501 venturos

62 2528 94 2587 ad
117 2526 243 2589 easdem
267 2527 370 2607 leges:
395 2528 491 2609 ipsum
515 2530 591 2590 adeo
613 2527 801 2591 Mercurium.
838 2530 917 2590 Nam
942 2529 1021 2608 quod
1039 2527 1191 2589 Venerem
1214 2525 1334 2599 attinet,
1360 2525 1410 2587 ille

63 2617 205 2688 arcellus,
232 2635 290 2695 quo
305 2625 439 2679 centrum
462 2619 623 2681 ecceutrici
636 2619 780 2694 variatur,
804 2618 1050 2681 manifestissime
1066 2617 1148 2681 cadit
1161 2636 1215 2696 per
1230 2614 1410 2695 positionem

63 2705 216 2786 sequeutia
240 2705 269 2766 in
290 2704 373 2768 Sole.
411 2706 491 2768 Nam
514 2717 546 2769 et
564 2708 709 2771 dimensio
734 2707 879 2787 congruit,
904 2707 974 2769 dum
993 2707 1185 2768 Ptolemaeus
1208 2705 1273 2783 ejus
1297 2703 1411 2765 circelli

64 2795 304 2857 semidiametron
328 2794 403 2857 lacit
426 2794 510 2861 208:
536 2804 569 2858 at
592 2795 673 2859 Solis
697 2797 952 2859 ecceutricitatem
976 2796 1055 2857 idem
1077 2795 1163 2874 ponit
1184 2790 1265 2866 416,
1290 2793 1435 2873 duplum⁴

63 2884 144 2946 illius.
194 2882 339 2947 Mercurii
360 2902 432 2947 vero
456 2887 538 2964 leges
567 2886 647 2947 illius
679 2886 791 2949 circem
819 2886 988 2948 contrariae
1020 2884 1217 2957 videbantur,
1248 2891 1410 2962 propterea

65 2974 128 3051 quia
151 2972 220 3051 ejus
244 2991 411 3053 apogaeum
434 2972 515 3036 Solis
539 2973 679 3054 perigaeo
703 2974 923 3054 appropinquat
944 2974 1056 3053 magis,
1081 2973 1210 3035 Veneris
1239 2990 1310 3034 vero
1334 2989 1411 3051 apo·

65 3079 169 3139 gaeum
194 3059 276 3123 Solis
301 3080 446 3142 apogaeo.
1145 3104 1150 3111 -

147 3148 214 3211 Sed
238 3158 273 3212 ut
293 3151 325 3213 hi
348 3151 506 3215 inferiores
529 3152 569 3213 ad
592 3170 726 3213 normam
749 3149 934 3229 superiorum
959 3151 1115 3230 quadrent,
1139 3170 1213 3231 opus
1237 3155 1285 3211 est
1307 3111 1409 3211 mota-

66 3238 141 3300 tione
163 3239 420 3315 nomenclaturae,
444 3260 511 3303 oum
535 3240 594 3318 ipsi
617 3241 732 3302 numeri
760 3249 792 3302 et
815 3241 911 3302 forma
941 3249 1073 3302 motuum
1104 3249 1245 3302 mutetur.
1289 3237 1410 3301 Etenim

63 3327 107 3406 qui
129 3326 290 3389 dicebatur
312 3329 392 3406 apud
407 3331 620 3391 Ptolemaeum
648 3330 884 3392 ecceutrious
915 3329 1080 3402 illorum,
1072 3348 1098 3392 rs
1123 3338 1171 3391 est
1194 3335 1226 3389 et
1249 3335 1353 3389 manet
1374 3333 1409 3389 ut

63 3416 86 3476 iu
109 3414 281 3496 Cepernico
304 3416 408 3479 orbis
431 3439 573 3481 annuns
597 3418 761 3480 communis
784 3418 935 3481 omuibus:
964 3418 1107 3498 quivero
1130 3417 1305 3480 Ptolemaeo
1329 3415 1405 3495 epi-

63 3506 212 3586 cyclus,
229 3505 296 3584 jam
320 3505 437 3570 dicetur
460 3507 702 3570 ecceutricus.
740 3508 822 3570 Nam
842 3527 874 3570 re
897 3526 971 3569 vera
987 3507 1032 3569 illi
1055 3508 1153 3582 orbes,
1178 3507 1227 3588 qui
1250 3506 1306 3567 hos
1330 3506 1406 3569 duos

61 3596 137 3657 circa
158 3593 265 3657 Solem
286 3595 409 3671 vehunt,
434 3616 472 3661 ex
494 3594 566 3659 Sole
590 3596 750 3658 ecceutrici
773 3605 845 3658 sunt
867 3604 899 3659 et
917 3616 1011 3658 causa
1033 3597 1137 3659 eadem
1159 3595 1285 3679 physica
1307 3594 1408 3675 parti·

64 3685 171 3764 ripaut,
196 3691 230 3746 nt
244 3693 356 3763 quanto
379 3687 476 3766 magis
499 3692 569 3748 sunt
591 3686 762 3760 ecceutrici,
786 3692 872 3747 tanto
893 3686 966 3748 liant
989 3687 1138 3749 tardiores
1156 3688 1188 3748 in
1207 3683 1326 3765 aphelio
1341 3702 1406 3746 sno.

64 3771 144 3844 Quae
168 3791 220 3835 res
243 3792 311 3837 cum
332 3775 363 3837 in
386 3777 505 3838 Venere
530 3775 638 3855 exigua
661 3774 711 3850 sit,
736 3793 842 3854 parum
864 3776 929 3856 ejus
952 3776 1202 3838 commutationes
1225 3773 1348 3846 turbat;
1379 3773 1410 3835 iu

63 3862 209 3925 lieronrio
233 3880 304 3924 vero
327 3862 403 3927 baec
426 3863 551 3947 epicycli
574 3883 627 3927 seo
649 3864 711 3944 jam
734 3865 892 3926 ecceutrici
913 3864 1061 3926 velocitas
1084 3874 1115 3926 et
1137 3864 1268 3927 tarditas
1292 3870 1408 3925 tautum

63 3959 171 4028 potest,
197 3959 232 4013 nt
256 3951 326 4015 dum
349 3954 485 4034 aequalis
508 3954 539 4015 in
562 3973 598 4016 eo
621 3962 721 4017 motus
744 3953 880 4034 ponitur,
912 3954 1061 4032 triangulo
1094 3973 1167 4017 suas
1196 3951 1320 4034 apsidas
1344 3950 1409 4013 dis-

63 4059 169 4119 ponere
203 4047 335 4121 putetur.
381 4043 466 4105 Haec
493 4043 624 4105 nondum
653 4042 753 4107 omnia
785 4042 1044 4106 observationibus
1077 4043 1207 4124 probata
1235 4049 1322 4114 sunt,
1356 4039 1410 4102 sed

63 4127 207 4211 exemplis
236 4147 359 4207 eorum,
391 4151 467 4212 quae
494 4133 559 4212 jam
591 4140 661 4196 sunt
693 4131 876 4207 constituta,
907 4150 978 4212 spes
1007 4132 1138 4212 optimae
1173 4131 1409 4213 quaerendorum

62 4227 272 4301 suggeruntur.
316 4216 387 4285 Jarn
409 4221 489 4283 euim
512 4223 568 4283 hoc
591 4220 621 4283 in
644 4229 767 4302 utroque
795 4222 895 4301 patuit
918 4241 956 4285 ex
979 4222 1250 4295 observationibus,
1279 4217 1409 4281 inclina-

64 4309 157 4371 tiones
188 4309 323 4371 retinere
356 4310 477 4373 easdem
508 4311 616 4372 iisdem
653 4310 812 4373 ecceutrici
847 4308 987 4393 (cpicyoli
1020 4312 1150 4393 antiqui)
1182 4310 1229 4372 sui
1260 4306 1406 4390 partibus,

62 4398 226 4479 ubicunque
247 4397 355 4461 ‘Terra
385 4400 437 4462 sit.
489 4399 634 4480 Adeoque
663 4400 727 4479 jam
759 4401 796 4462 de
826 4400 930 4463 fraeno
962 4409 995 4463 et
1024 4401 1162 4482 ephippio
1193 4400 1309 4480 cogite,
1340 4414 1408 4457 cum

61 4488 187 4551 nondum
210 4488 251 4550 de
275 4506 352 4571 equo
376 4489 433 4552 sim
454 4496 566 4551 certus.
612 4490 750 4551 Formam
774 4489 893 4570 iuquam
925 4490 1033 4553 calculi
1061 4492 1198 4553 meditor.
1244 4484 1407 4549 Anomab'a

61 4576 185 4658 simplici
210 4596 273 4639 non
296 4596 381 4658 egeo,
414 4595 481 4641 curu
503 4577 557 4640 illa
579 4577 652 4641 nihil
676 4578 796 4640 sitnisi
819 4588 955 4660 tempus:
987 4581 1113 4659 primum
1142 4596 1213 4656 ergo
1237 4595 1302 4637 curn
1327 4583 1404 4637 tem-

61 4685 123 4746 pere
145 4666 290 4749 proxime
313 4668 421 4732 minori
445 4687 533 4749 quarn
557 4676 605 4729 est
626 4668 812 4747 propositum
835 4688 873 4730 ex
896 4668 976 4731 senis
1000 4669 1110 4732 tabulis
1139 4685 1212 4727 sens
1239 4665 1307 4726 loca
1328 4683 1405 4744 apo-

61 4774 198 4837 gaeorum
222 4776 281 4821 sen
304 4757 492 4841 apheliorum
515 4765 721 4836 excerpentur.
766 4758 842 4820 Inde
865 4758 895 4821 in
919 4758 987 4820 aliis
1010 4757 1090 4820 senis
1113 4753 1224 4817 tabulis
1249 4754 1302 4826 (de
1319 4753 1407 4817 Luna

61 4849 129 4913 enim
150 4847 219 4913 alia
243 4866 296 4913 res
318 4852 384 4923 est)
407 4867 473 4913 cnm
501 4854 636 4927 tempore
657 4844 792 4927 proxime
819 4847 926 4911 minori
948 4865 1037 4926 quarn
1060 4852 1108 4907 est
1129 4861 1228 4905 meum
1257 4842 1408 4907 residuum

1152 4944 1195 5001 rs
