3368 5534
164 109 210 177 30
580 112 682 167 littam
699 113 802 180 Kepleri
819 115 971 183 alarumque
987 124 1090 171 mutuae

161 290 225 340 hodi
242 289 346 355 gehabt.
382 288 439 341 vnit
458 290 581 345 demnaeh
599 292 648 343 deu
667 292 747 342 Herm
765 293 835 344 lhme
859 294 968 344 selbateu
986 311 1018 346 au
1036 296 1181 348 verhollten
1197 297 1293 351 Buten
1311 298 1392 363 dabie
1408 301 1520 355 *ΜΗ

162 360 294 413 vernabat
310 360 402 417 habea,
420 361 478 412 dass
496 363 530 413 Er
546 362 613 414 dieas
631 362 722 414 Werkh
741 371 920 431 uuausqesetat
937 380 971 416 an
989 366 1057 432 'laga
1076 367 1166 419 Liecbt
1183 368 1287 439 bingen
1304 368 1385 425 veh

249 442 411 508 Keplerus
430 440 527 503 (meuse
538 430 601 509 hiat.
623 441 705 505 1003)
723 446 754 496 de
772 446 859 497 studiis
877 448 928 496 auis
945 445 1010 497 haee
1029 448 1103 499 refert
1115 449 1262 501 lierrrarto:
1283 441 1389 506 Causa
1403 443 1520 507 silentii

162 529 222 591 mei
254 527 375 589 luerunt
403 527 569 590 Tabulae
601 528 774 589 Lunares.
791 524 815 602 ¹)
871 528 952 591 Ante
985 523 1005 589 6
1035 530 1221 610 septimanas
1252 532 1292 593 ad
1322 531 1523 614 colophonem

162 619 234 681 illas
266 617 449 679 deduxerum
478 625 508 678 et
538 637 621 697 spem
658 635 869 697 conceperam,
908 617 1073 678 transmitti
1103 638 1194 700 posse
1227 621 1341 682 statim.
1395 623 1443 685 At
1475 642 1522 684 me

163 707 296 789 auspicio
329 705 440 768 erroris
464 706 500 767 de
524 725 601 768 novo
624 707 654 767 in
678 705 810 767 laborem
841 704 972 785 conjecit
999 714 1030 767 et
1061 708 1230 789 descriptor
1260 710 1385 785 deerat,
1419 711 1524 793 itaque

162 798 348 859 differendae
372 796 491 857 fuerunt
506 805 536 857 et
554 795 781 876 postponendae
801 795 975 856 domesticis
991 796 1131 876 negotiis.
1169 786 1320 860 Suaseras
1336 809 1369 861 tn
1389 799 1523 883 quidem,

164 895 197 949 nt
220 886 295 947 totis
318 884 432 946 viribus
455 884 484 946 in
509 885 658 946 theoriam
681 884 792 946 Martis
815 883 1025 957 incumberem,
1050 892 1082 946 at
1101 886 1166 966 jam
1189 896 1295 963 antea,
1319 888 1381 951 tuis
1407 888 1524 952 exhor·

163 975 332 1037 tationibns
355 981 494 1055 suscepto
519 973 660 1048 stimulo,
684 993 803 1035 manum
828 973 866 1035 in'
882 972 995 1036 tabulis
1018 974 1226 1051 admoveram,
1250 977 1432 1056 praesertim
1456 998 1525 1040 cum

164 1065 204 1126 ad
218 1062 386 1127 doctrinam
410 1063 565 1143 eclipsium
582 1065 682 1125 iacere
702 1063 863 1136 videretur,
888 1062 918 1122 in
933 1082 992 1142 qua
1014 1081 1128 1125 uersor.
1167 1067 1274 1147 ltaque
1294 1067 1394 1128 satius
1417 1067 1525 1148 putari

163 1162 198 1216 ut
219 1172 384 1235 pergerem,
410 1151 546 1233 quamvis
569 1160 691 1234 praeter
715 1152 885 1232 opinionem
907 1152 965 1213 hoc
981 1159 1098 1214 tantum
1114 1153 1186 1216 lecit
1210 1174 1377 1233 morarum3
1403 1175 1526 1239 semper

165 1242 245 1305 enim
268 1244 310 1317 fit,
333 1250 367 1305 ut
388 1241 509 1303 labores
533 1243 562 1303 in
585 1241 682 1322 primo
707 1241 790 1302 aditu
814 1249 1047 1302 contemnamus.

251 1329 305 1381 lara
324 1345 368 1394 per
385 1330 478 1394 aliqm
497 1344 575 1380 mnus
591 1332 619 1380 iu
644 1329 721 1380 literis
745 1328 778 1378 ad
793 1328 951 1387 Henartuur
975 1328 1040 1378 datis
1065 1330 1188 1394 Keplerus
1213 1329 1321 1382 Martem
1345 1332 1527 1396 praetermittit

162 1403 202 1454 vel
218 1403 291 1453 verbo
309 1409 406 1452 mtum
425 1401 494 1452 illurn
511 1403 601 1467 tangit
639 1406 712 1451 Auno
732 1397 800 1448 leot
818 1415 874 1450 reru
893 1416 952 1463 opus
970 1416 1042 1450 suurn
1060 1403 1130 1466 quasi
1148 1403 1257 1453 maxima
1275 1419 1305 1453 ex
1323 1410 1395 1467 parta
1419 1403 1521 1454 abab·

164 1482 218 1527 turn
235 1475 339 1524 umet
354 1473 499 1532 Herrrarto,
517 1487 630 1538 quaeque
648 1480 702 1522 tum
719 1471 818 1528 retulit,
837 1486 869 1521 sa
886 1471 1001 1536 leguntur
1019 1488 1075 1522 cnm
1093 1473 1216 1523 Hemrti
1233 1478 1393 1538 responsione
1412 1473 1471 1525 ve.
1490 1475 1523 1531 11.

164 1560 188 1611 p.
207 1542 241 1594 83
260 1559 280 1592 ι.
317 1543 416 1595 Deinde
435 1545 458 1594 d.
482 1540 521 1592 13.
540 1543 598 1594 Jau.
622 1541 703 1601 1000,
722 1544 862 1607 praemissis
885 1543 1079 1606 inquisitionibus
1097 1545 1284 1610 chronologicis,
1302 1546 1340 1596 his
1358 1546 1392 1596 ad
1411 1544 1524 1597 Martem

160 1625 240 1687 rsus:
270 1615 402 1679 Theoria
415 1614 527 1677 Martis
543 1623 703 1696 exspectat
717 1614 856 1695 aliquem,
873 1614 922 1695 qni
939 1626 1055 1677 sumtus
1076 1615 1104 1677 in
1125 1612 1199 1696 opus
1216 1618 1362 1680 conferat
1393 1617 1433 1681 D.
1450 1618 1525 1681 Pis-

162 1707 259 1770 torins
282 1705 312 1767 in
337 1725 420 1787 spem
443 1724 491 1767 me
515 1705 623 1779 erexit,
646 1712 818 1784 nuncupata
834 1702 960 1767 Caesari
977 1724 1092 1767 summa
1106 1702 1183 1781 800,
1206 1727 1265 1787 qua
1289 1726 1364 1787 opus
1383 1705 1525 1769 habeam

166 1795 252 1868 Quae
273 1814 343 1875 spes
367 1794 480 1856 utinam
504 1794 577 1856 mihi
600 1813 659 1855 non
673 1793 819 1854 damnosa
843 1792 879 1853 et'
892 1793 1037 1873 temporis
1049 1795 1170 1874 jactura
1188 1796 1249 1856 fiat.
1291 1794 1411 1868 Quodsi
1430 1795 1526 1858 etiam

163 1885 289 1968 pecunia
312 1884 342 1946 in
364 1891 484 1965 promtu
509 1883 559 1957 sit,
582 1883 665 1964 prius
688 1881 761 1944 mibi
781 1882 958 1962 Tengnaglii
976 1902 1141 1946 consensus
1157 1884 1215 1945 crit
1235 1883 1454 1965 impetrandas,
1480 1885 1527 1946 cui

164 1973 328 2037 obstrictus
345 1993 420 2035 snrn.
459 1972 785 2053 AdHipparcbnm
809 1971 901 2050 igitur
916 1991 1012 2033 meum
1030 1992 1096 2034 sum
1108 1974 1295 2053 propensior.
1335 1975 1370 2036 In
1389 1971 1526 2037 Saturno

164 2069 237 2147 puto
264 2062 330 2142 jam
361 2081 455 2143 prope
487 2071 640 2142 peractam
675 2080 745 2122 rem
791 2060 825 2122 In
859 2060 936 2123 Jove
968 2079 1062 2140 parva
1092 2062 1262 2124 difficultas.
1308 2061 1527 2143 EpicyclusQ

164 2151 251 2228 (mihi
276 2151 477 2223 eccentricus)
499 2150 686 2215 moderatam
711 2148 802 2211 habet
826 2150 1089 2211 eccentricitatem.
1138 2152 1172 2213 In
1203 2155 1224 2221 ξ
1258 2150 1372 2232 aliquid
1405 2158 1527 2215 tentare

163 2241 279 2321 cogito:
306 2258 341 2301 eo
366 2240 544 2301 succedente
564 2239 630 2318 jam
652 2237 854 2320 Ephemerida
878 2237 906 2299 in
932 2247 1104 2319 sequentem
1129 2259 1238 2302 annum
1261 2240 1361 2303 animo
1386 2239 1526 2322 concepi,

162 2328 229 2394 Deo
252 2329 334 2389 uires
357 2336 389 2391 et
412 2328 505 2389 otium
530 2327 686 2406 largiente.
733 2324 885 2388 Laboravi
909 2327 938 2388 in
961 2328 1098 2408 Hespero
1123 2328 1258 2390 nonnihil
1291 2348 1329 2391 ex
1359 2349 1419 2410 qno
1449 2329 1526 2391 redii

163 2424 191 2489 (a
208 2425 300 2490 sayna
320 2441 399 2491 eamn.
419 2425 510 2485 voti,
530 2441 554 2489 p.
575 2422 657 2488 tta),
690 2415 789 2476 sicet
820 2415 850 2476 in
873 2416 977 2491 Luna,
1010 2416 1059 2479 nbi
1091 2436 1187 2479 novas
1219 2417 1287 2480 cudi
1320 2417 1462 2493 tabulas,
1493 2426 1527 2480 ut

163 2508 250 2571 Luna
273 2507 384 2568 ceteris
407 2505 460 2568 fiat
484 2500 603 2567 similis.
650 2505 699 2566 Ex
722 2504 759 2565 iis
778 2503 842 2583 jam
872 2514 921 2565 est
948 2505 1029 2569 iacta
1051 2505 1230 2587 Ephemeris
1261 2525 1353 2588 opera
1381 2507 1524 2569 studiosi.

163 2594 286 2661 Saturni
310 2604 341 2656 et
355 2595 486 2657 Veneris
511 2593 632 2656 tabulas
655 2593 967 2672 prosthaphaereseon
992 2596 1073 2657 orbis
1097 2593 1187 2657 annui
1205 2595 1366 2676 generales
1382 2594 1525 2658 inchoari

163 2693 233 2749 aute
266 2684 448 2759 discessum,
481 2684 654 2763 intereaque
687 2682 756 2743 dum
789 2681 894 2743 absum
924 2703 978 2764 per
1010 2683 1177 2747 studiosum
1210 2703 1286 2764 pene
1316 2684 1442 2764 perfeci.
1490 2686 1524 2748 1n

163 2774 268 2839 Lunae
293 2774 423 2835 motibus
447 2772 486 2833 ad
509 2791 619 2833 causas
642 2771 785 2852 physicas
808 2771 974 2834 referendis
1004 2774 1129 2837 multum
1159 2773 1243 2834 sudo.
1290 2774 1414 2836 Etenim
1438 2775 1526 2837 Luna

165 2861 322 2927 dissimilis
345 2861 439 2925 Marti
463 2862 492 2922 in
518 2880 569 2934 eo,
602 2859 680 2941 quod
715 2861 790 2921 duas
813 2860 905 2923 habet
929 2863 1161 2943 inaequalitates
1185 2861 1299 2937 reales,
1323 2863 1410 2924 Mars
1435 2881 1525 2925 unam

165 2950 260 3015 solnm
283 2953 412 3025 realem,
445 2950 591 3032 reliquam
616 2950 745 3030 opticam
770 2967 808 3010 ex
832 2952 904 3012 orbe
928 2971 1036 3013 annuo.
1083 2951 1143 3013 Sed
1173 2958 1274 3013 tamen
1297 2960 1328 3013 et
1351 2950 1400 3012 hic
1426 2951 1524 3031 magis

164 3061 256 3122 nuper
280 3042 310 3103 in
334 3062 393 3103 una
416 3042 491 3102 hora
513 3035 638 3119 proieci,
663 3057 751 3119 qnam
766 3036 786 3099 5
801 3040 1052 3118 praecedentibus
1068 3040 1163 3101 annis.
1200 3040 1356 3120 Exspecto
1372 3049 1477 3103 nmen
1492 3050 1526 3103 nt

164 3129 384 3195 consentientia
407 3127 465 3191 sibi
488 3135 591 3191 mutuo
615 3126 846 3206 deprehendam.

251 3220 355 3282 Habes
379 3218 496 3280 abunde
521 3217 598 3277 satis
621 3217 789 3278 verborum.
836 3218 917 3279 Vale
941 3216 998 3278 Vir
1021 3217 1100 3279 Nob.
1124 3224 1155 3278 et
1177 3217 1281 3297 blugn.
1302 3236 1409 3298 meque
1434 3236 1523 3300 porro

163 3327 279 3393 qnoque
302 3309 369 3371 Tua
389 3305 602 3369 benevolentia
624 3304 834 3385 complectere.

252 3398 280 3448 lu
300 3398 458 3461 responsione
477 3392 513 3452 (d.
538 3389 578 3441 10.
598 3392 661 3457 Mal.
682 3390 763 3453 1000)
781 3393 968 3444 Hermastus
991 3394 1085 3458 gratias
1104 3407 1181 3458 agens
1199 3409 1242 3458 pro
1261 3393 1433 3458 disquisitione
1449 3386 1523 3445 'chre

88 3502 94 3511 .
165 3467 282 3536 nnbgica
300 3470 385 3519 addit:
406 3467 462 3516 Vua
480 3465 561 3515 Herm
573 3464 678 3514 Pistorio
694 3465 745 3515 hab
763 3465 803 3516 ich
816 3480 877 3531 geru
896 3480 1062 3519 reruommen.
1081 3464 1139 3513 dass
1157 3465 1201 3514 der
1212 3465 1276 3515 Herr
1288 3465 1421 3516 Theora'm
1435 3464 1524 3517 unes

166 3543 285 3612 gessrtisst
301 3540 353 3590 aad
370 3541 395 3588 iu
416 3536 501 3587 Druck
520 3536 600 3602 gehen
619 3535 687 3585 vird.
724 3535 825 3586 Durani
840 3544 934 3601 genart
953 3534 994 3585 ich
1012 3537 1057 3584 urit
1075 3536 1227 3601 l'erlauqen.

253 3619 412 3684 Kenterns
430 3619 466 3668 ric
485 3617 611 3681 amandu
628 3616 706 3677 (Nou.
723 3617 780 3666 Jun.
798 3613 898 3677 tuton:
923 3606 1147 3668 Commentaria
1164 3608 1200 3667 de
1216 3606 1407 3669 restitutione
1433 3609 1524 3671 tabu-

164 3706 262 3769 larum
284 3710 318 3764 et
337 3696 624 3778 investigationibus
647 3705 779 3760 motuum
796 3697 906 3759 illunis
926 3697 990 3776 jam
1007 3696 1187 3776 sesquianno
1207 3696 1287 3777 apud
1302 3715 1348 3756 me
1372 3696 1524 3760 desident

167 3790 263 3873 Coepi
286 3806 378 3871 agere
401 3806 468 3849 cnm
493 3785 637 3860 Caesare,
661 3787 731 3867 quia
751 3787 815 3867 jam
839 3806 897 3847 non
921 3794 968 3846 est
992 3785 1112 3846 occasio
1135 3785 1339 3846 faciendorum
1363 3796 1525 3861 sumtuum,

164 3892 199 3949 ut
221 3879 292 3943 mihi
316 3877 507 3961 permitteret
530 3875 658 3949 reniam,
683 3874 846 3957 quaerendi
870 3874 961 3936 aliurn
985 3874 1085 3955 operis
1108 3882 1282 3953 patronu1n3
1306 3892 1402 3955 neque
1423 3883 1524 3939 tamen

166 3970 240 4047 scio,
264 3970 303 4031 ad
326 3984 415 4049 quem
436 3964 627 4049 potissimum
651 3964 692 4026 sit
716 3964 853 4025 eundum.
901 3962 999 4036 Quam
1022 3963 1072 4024 diu
1087 3962 1160 4024 mihi
1177 3962 1316 4025 stimulus
1331 3982 1391 4023 non
1407 3966 1527 4029 accedit

164 4080 219 4147 per
240 4056 486 4141 publicationem,
510 4073 585 4134 opus
609 4054 706 4115 cauda
729 4052 854 4127 carebit,
878 4072 954 4133 quae
970 4063 1018 4113 est
1037 4053 1066 4113 in
1082 4051 1139 4111 liae
1154 4050 1266 4130 pecude
1283 4050 1523 4131 pinguissimum.

254 4145 361 4203 Deinde,
374 4143 454 4195 eidem
467 4141 629 4192 llsrvarto
648 4142 798 4205 respondens
811 4141 842 4190 de
857 4141 1088 4196 „meudonibw
1103 4139 1222 4188 Praetorii
1235 4141 1260 4189 iu
1274 4136 1398 4202 Tyehoais
1411 4140 1525 4194 Lunaria

165 4228 233 4293 (olda
251 4228 326 4279 mear
344 4226 416 4289 halus
435 4222 575 4285 numinis)
594 4224 663 4274 addis
682 4224 817 4288 Raptam:
836 4212 914 4292 quod
937 4213 1048 4274 attinet
1071 4219 1160 4271 notas
1183 4211 1221 4272 ad
1245 4210 1389 4285 Lunaria,
1414 4230 1526 4297 sequar

165 4310 323 4373 consilium
346 4309 389 4370 Μ.
414 4310 508 4379 Tuae,
531 4307 581 4369 ubi
605 4326 683 4367 annu
708 4301 844 4384 sequenti
869 4302 907 4362 nd
930 4300 1095 4383 Hipparchi
1120 4318 1220 4361 curam
1237 4301 1303 4362 Deo
1323 4300 1414 4362 dante
1438 4304 1524 4384 prius

165 4399 346 4472 transivere,
370 4396 396 4460 si
420 4398 510 4459 modo
533 4394 605 4457 mihi
629 4412 683 4474 per
707 4393 868 4453 editionem
884 4388 1173 4454 Commentariorum
1195 4389 1232 4449 de
1256 4388 1387 4450 motibus
1410 4392 1524 4454 Martis

165 4486 294 4553 licuerit
339 4488 419 4549 itam
452 4487 510 4550 etsi
539 4482 722 4563 Viigelinus·
740 4490 835 4541 artem
869 4479 1028 4559 intelligit,
1052 4477 1153 4538 neseio
1186 4488 1286 4539 tannen
1311 4497 1348 4537 an
1381 4499 1440 4541 non
1466 4481 1525 4544 iter

166 4574 239 4641 mihi
261 4574 456 4640 nihilominus
479 4572 712 4650 Heidelbergam
744 4569 785 4631 sit
808 4568 990 4641 iaciendum,
1023 4566 1101 4648 quod
1132 4567 1178 4628 vel
1202 4566 1405 4629 bibliothecae
1429 4589 1526 4633 causa

168 4665 248 4729 alias
270 4669 408 4728 lacerem.
