3374 5528
460 317 491 372 de
510 317 698 374 Οιιιιιιιιιιιιι
716 318 747 373 de
764 326 833 373 metu
850 321 937 381 ιιιιΙιιι
955 320 1053 374 uuus.
1357 312 1420 388 109

62 495 103 560 ed
126 496 240 561 lineam
263 515 302 561 ex
317 496 399 561 Sole.
442 497 530 571 Quod
547 508 647 564 autem
661 501 785 580 planeta
808 500 919 563 transit
941 501 979 562 de
1002 501 1098 581 gradu
1120 499 1272 564 virtutis
1263 521 1294 563 ru
1317 499 1419 577 alium,

63 587 93 650 id
117 587 154 651 fit
177 572 301 669 egregia
323 589 440 652 ratione
465 609 502 651 ex
520 590 586 670 jam
608 590 717 671 positis
739 589 905 671 principiis.
948 588 1028 660 Quid
1045 599 1077 653 tu
1098 592 1295 694 responderes
1315 590 1419 671 philo-

63 677 181 758 sopho,
213 677 264 761 qui
296 685 437 759 negaret,
471 687 502 740 te
526 692 685 743 exterum
715 688 824 743 natura
848 679 928 760 loqui
952 679 1119 743 dicentem:
1152 680 1181 741 in
1211 687 1276 741 toto
1305 679 1418 742 ambitu

61 766 208 847 planetae
231 763 305 830 nihil
329 786 397 830 esse
420 766 480 830 uisi
502 768 533 831 iu
557 789 614 831 uno
638 769 704 849 ejus
726 770 858 850 puncto?
894 768 1046 850 Numquid
1065 769 1157 845 dices,
1182 769 1238 831 hoc
1261 768 1303 831 nil
1327 769 1417 831 dero·

62 873 138 934 gare
159 854 339 935 perfectioni
362 857 503 919 coelestis
527 858 672 932 ambitus;
705 859 859 939 planetam
891 858 969 920 euim
997 877 1055 920 uon
1087 877 1177 939 posse
1205 877 1273 919 esse
1297 856 1326 919 in
1351 864 1416 919 toto

62 943 182 1008 ambitu
205 943 303 1019 simul,
327 945 380 1007 sed
404 946 471 1026 cogi
494 946 574 1008 intra
595 947 681 1009 unius
701 948 788 1029 quasi
805 947 909 1029 puncti
933 947 1100 1028 angustias,
1124 955 1156 1008 et
1173 954 1273 1010 tamen
1293 965 1419 1009 succes-

63 1034 132 1096 sive
156 1032 260 1096 venire
283 1034 313 1097 iu
337 1034 399 1097 alia
422 1035 519 1097 omnia
542 1036 673 1116 puncta?
715 1037 800 1100 Idem
824 1055 880 1116 ego
904 1035 987 1098 dieo:
1012 1036 1091 1099 siin
1115 1036 1252 1098 omnibus
1275 1034 1419 1116 gradibus

61 1122 189 1186 virtutis
212 1141 251 1184 ex
272 1121 345 1186 Sole
368 1123 572 1188 consisterent
594 1126 735 1206 planetae
758 1124 857 1207 ibique
879 1133 1036 1188 manerent
1058 1125 1182 1205 singuli,
1208 1124 1262 1188 Sol
1294 1123 1416 1205 experi-

63 1220 150 1274 retur
173 1213 279 1275 eodem
301 1218 406 1275 tenore
430 1233 533 1276 omues
557 1215 669 1295 gradus
691 1215 813 1277 vinctis
836 1233 909 1276 suae
932 1214 963 1277 iu
992 1215 1063 1278 illos
1085 1214 1174 1295 idque
1198 1214 1361 1288 invariate;
1385 1222 1420 1275 at

63 1300 135 1382 quia
156 1300 300 1381 planetae
323 1321 382 1364 nou
405 1312 533 1381 possunt
556 1324 623 1365 esse
647 1302 767 1366 simul
758 1324 788 1365 ιιι
808 1303 943 1366 omuibus
967 1303 1110 1382 gradibus
1134 1303 1254 1366 virtutis
1278 1323 1316 1365 ex
1334 1302 1416 1377 Sole,

64 1390 234 1453 succedunt
255 1396 402 1472 tempore
414 1411 452 1453 ex
474 1411 533 1454 uua
556 1393 584 1453 in
610 1392 710 1467 aliam,
735 1400 769 1454 ut
791 1410 895 1456 omues
918 1392 1072 1473 impleant.

153 1476 244 1551 Quod
257 1478 314 1555 aie,
339 1499 397 1542 uon
412 1481 542 1556 dubium,
567 1481 638 1564 quin
657 1500 759 1544 omnes
783 1490 882 1544 motus
905 1483 980 1543 fiant
1000 1501 1056 1563 per
1074 1481 1215 1544 circulum
1238 1480 1417 1560 perfectum,

63 1569 89 1632 si
120 1568 159 1631 de
187 1569 363 1649 compositis
388 1569 422 1644 (i.
447 1590 473 1631 e.
498 1571 644 1645 realibus)
669 1571 814 1652 loqueris,
845 1572 962 1633 falsum.
1011 1573 1103 1634 Fiunt
1131 1570 1208 1632 enim
1237 1568 1414 1650 Oopemico,

61 1665 97 1720 nt
118 1656 194 1732 dixi,
217 1676 273 1739 per
295 1659 422 1721 orbitam
446 1660 484 1723 ad
507 1662 606 1723 latera
629 1659 729 1722 circuli
754 1661 958 1736 excedentem,
983 1661 1157 1723 Ptolemaeo
1178 1669 1209 1723 et
1223 1659 1344 1721 Braheo
1367 1657 1416 1720 iu-

63 1764 154 1828 super
176 1739 233 1827 per'
255 1746 364 1826 spiras.
412 1747 467 1811 Sin
498 1759 599 1812 autem
624 1749 754 1853 loqueris
776 1745 824 1812 'de
847 1751 1108 1828 componentibus,
1143 1749 1180 1812 de
1212 1749 1290 1811 fictis
1324 1746 1416 1828 igitur

62 1836 90 1899 b
116 1855 143 1898 e
169 1836 207 1897 de
231 1837 321 1899 nullis
344 1837 501 1918 loqueris·
513 1839 597 1901 Nihil
620 1839 697 1901 euim
720 1838 751 1901 iu
773 1840 857 1901 coelo
881 1839 1018 1903 circumit
1040 1847 1161 1922 praeter
1183 1839 1282 1919 ipsum
1304 1854 1414 1918 corpus

62 1926 218 2028 planetae,
242 1926 341 1989 nullus
360 1927 453 2002 orbis,
470 1929 575 2017 nullus
590 1928 751 2010 epicyclus,
773 1930 851 2009 quod
864 1928 1044 1991 Brabeauae
1057 1928 1260 1992 astronomiae
1276 1926 1418 1989 initiatus

62 2015 203 2095 ignorare
227 2033 287 2077 uon
309 2023 407 2121 potes.
445 2018 511 2080 Hoc
526 2037 596 2098 ergo
615 2018 714 2097 posito
732 2018 934 2093 fundamento,
960 2018 1032 2080 nibil
1046 2017 1158 2080 moveri
1173 2026 1294 2098 praeter
1307 2016 1417 2095 plane·

62 2112 162 2167 tarum
187 2122 323 2185 corpora,
346 2107 372 2168 ei
391 2106 456 2186 jam
480 2116 650 2186 quaeratur,
675 2107 772 2187 qualis
794 2107 849 2168 liat
870 2106 951 2169 linea
965 2125 1088 2188 corpore
1103 2104 1324 2169 circumeunte?
1346 2123 1416 2166 res-

62 2193 182 2275 poudeo
206 2192 262 2256 tibi
286 2213 342 2274 ego
365 2214 423 2259 nou
439 2215 476 2257 ex
490 2195 652 2299 hypothesi
665 2203 817 2277 suscepta,
843 2197 896 2257 sed
911 2215 949 2257 ex
964 2195 1092 2259 scientia
1110 2191 1416 2257 demonstrationibus

62 2282 257 2373 geometricis
280 2283 468 2387 undiquaque
492 2285 706 2360 munitissima,
735 2286 794 2346 iter
816 2285 950 2365 corporis
974 2285 1037 2348 fieri
1061 2286 1161 2358 orale,
1194 2286 1256 2346 lere
1280 2291 1315 2345 ut
1338 2282 1418 2362 apud

63 2352 280 2452 Ceperuicum,
314 2373 362 2452 qui
391 2379 512 2454 praeter
539 2393 647 2454 corpus
674 2333 816 2453 planetae
844 2375 936 2435 etiam
966 2374 1115 2456 epicyclos
1139 2381 1171 2434 et
1193 2372 1282 2435 orbes
1308 2380 1418 2433 movet

63 2459 190 2532 Quodsi
204 2460 348 2523 darentur
372 2462 459 2524 orbes
483 2462 580 2538 solidi,
604 2482 726 2545 possem
750 2463 851 2545 utique
875 2471 906 2524 et
930 2464 994 2542 ipse
1020 2461 1159 2525 facillime
1175 2461 1293 2524 ovalein
1307 2460 1416 2523 lineam

62 2556 295 2630 repraesentare
327 2569 381 2630 per
408 2552 641 2614 concentricum·
660 2560 692 2614 ιι
722 2552 797 2614 duos
835 2552 1000 2635 epicyclos,
1039 2571 1161 2634 quorum
1199 2548 1416 2612 semidiametri

58 2638 185 2718 junctae
210 2648 341 2718 aequent
364 2641 620 2703 eceeutricitatem
643 2640 812 2717 eceeutrici‚
838 2641 936 2721 sitque
964 2641 1088 2704 minoris
1111 2640 1258 2702 diameter
1281 2638 1417 2719 aequalis

62 2726 217 2789 latitudini
240 2727 375 2802 lunulae,
409 2749 466 2809 qua
496 2730 596 2792 differt
625 2730 740 2811 ellipsis
764 2751 784 2791 a
806 2731 926 2792 circulo.
973 2731 1147 2793 Tribuerem
1180 2729 1257 2790 enirn
1281 2727 1416 2811 epicyclo

62 2823 175 2889 (nmen)
198 2823 312 2879 motum
335 2819 516 2881 contrarium
539 2819 632 2882 motui
655 2819 836 2882 concentrici
860 2827 893 2881 et
915 2821 1070 2902 aequalem
1085 2820 1113 2881 ei
1127 2819 1156 2879 iu
1175 2826 1308 2899 tempore
1324 2815 1416 2878 resti-

63 2905 186 2980 tutorio,
212 2905 346 2988 epicyclo
370 2912 481 2979 (amon)
505 2908 691 2971 celeritatem
715 2909 835 2989 duplam
858 2909 888 2971 iu
901 2919 1005 2990 partes
1021 2909 1144 2970 easdem
1165 2927 1231 2969 eum
1245 2904 1361 2986 majori,
1384 2912 1418 2967 et

62 3012 205 3074 ponerem
228 2995 383 3077 planetam
407 2995 495 3058 simul
517 2998 548 3058 iu
573 3016 708 3078 apogaeo
732 2998 887 3078 utriusque
918 2998 1058 3081 epicycli,
1091 2996 1177 3059 simul
1202 2996 1294 3058 etiam
1324 3003 1357 3056 et
1385 2993 1416 3056 in

62 3083 213 3165 perigaeo,
231 3093 263 3145 et
285 3083 315 3147 io
337 3093 448 3166 puncto
473 3090 596 3156 (umoris)
616 3087 757 3169 epieycli,
783 3088 861 3168 quod
886 3095 935 3149 est
957 3107 976 3148 a
999 3095 1102 3150 centro
1126 3081 1247 3167 majoris
1270 3084 1417 3147 remotis-

63 3173 186 3247 simum;
212 3173 251 3235 ad
273 3172 372 3235 latera
393 3192 465 3238 vero
489 3176 670 3238 concentrici
693 3182 777 3238 esset
797 3177 831 3238 iu·
851 3176 994 3258 perigaeo
1018 3179 1141 3248 (majam)
1169 3174 1306 3256 epicycli.

150 3278 234 3342 Ecce
258 3278 314 3341 tibi
338 3282 555 3361 supellectilem
571 3280 810 3363 Copemicauam
824 3282 980 3345 levissima
1000 3282 1166 3345 mutatione
1182 3280 1414 3363 transpositam

64 3368 169 3452 ecquid
192 3368 318 3449 placet?
362 3370 439 3432 Mihi
462 3371 593 3434 minime.
640 3371 770 3433 Primum
794 3372 871 3434 euim
896 3373 984 3434 orbes
1007 3372 1080 3433 nulli
1111 3378 1194 3444 sunt3
1226 3370 1296 3450 quid
1325 3368 1417 3450 igitur

60 3457 148 3538 juvat
172 3457 292 3521 mentiri
316 3478 424 3521 causas
447 3469 547 3522 motos
570 3460 711 3542 planetae
736 3460 853 3523 uvalis?
887 3461 1005 3523 Deinde
1022 3480 1125 3522 omnes
1143 3459 1173 3521 hi
1188 3469 1260 3533 tres,
1285 3477 1416 3521 concen-

64 3546 156 3609 tricue
181 3566 247 3609 cum
271 3547 387 3610 duobos
410 3549 567 3632 epicyclis,
599 3550 782 3630 tingerentur
815 3550 981 3632 aequaliter
1000 3550 1066 3631 jam
1096 3549 1175 3611 tardi
1194 3549 1260 3630 jam
1282 3547 1419 3624 veloces,¹

65 3646 206 3717 essetque
229 3655 369 3699 mensura
392 3657 540 3701 morarum
563 3639 593 3700 iu
617 3639 751 3719 quolibet
773 3632 844 3702 ario
863 3639 1010 3702 distantia
1025 3640 1166 3719 planetae
1182 3658 1201 3698 a
1215 3644 1317 3699 centro
1341 3656 1416 3699 con·

66 3724 201 3788 ceutrici.
239 3726 284 3788 At
307 3745 383 3808 quae
407 3748 498 3790 causa
523 3736 614 3803 esset,
640 3747 692 3790 cur
715 3728 920 3792 concentricus
940 3737 1054 3790 motum
1068 3726 1195 3790 haberet
1209 3725 1418 3809 inaequalem?

66 3833 116 3876 cur
145 3813 294 3897 epicycli?
326 3822 358 3876 et
390 3834 465 3894 quae
498 3817 643 3879 connexio
676 3816 764 3896 hujus
789 3837 946 3880 mensurae
975 3837 1040 3880 cum
1068 3815 1260 3879 mensurato?
1304 3814 1348 3876 Et
1370 3821 1417 3877 est

65 3912 167 3966 tamen
201 3902 276 3965 haec
309 3924 449 3968 mensura
482 3906 556 3967 adeo
590 3907 711 3988 propria
743 3907 831 3987 hujus
864 3906 1033 3981 tarditatis,
1071 3914 1104 3968 ut
1136 3906 1249 3967 nullum
1282 3912 1416 3967 centrum

66 3993 226 4074 aequantia
249 4013 287 4054 ue
310 3994 429 4075 quidem
452 3994 584 4059 libratile
608 3995 793 4058 circulariter
811 3997 903 4076 juxta
933 4017 965 4058 se
990 3996 1069 4059 ferat
1092 4003 1145 4057 aut
1166 4014 1220 4076 pro
1243 4014 1276 4055 ee
1301 3992 1416 4057 substi-

66 4091 147 4144 tuere
171 4081 281 4160 possit.
326 4082 409 4163 Ergo
433 4093 466 4146 ut
489 4104 582 4146 causa
603 4093 710 4165 pateat
742 4086 934 4148 connexionis
963 4086 1041 4149 inter
1072 4104 1248 4147 mensurans
1272 4091 1303 4145 et
1330 4101 1416 4145 meu-

67 4178 216 4245 euratum,
251 4181 371 4275 oportet
392 4173 513 4236 mittere
537 4174 623 4236 fictos
647 4174 773 4237 circulos
797 4183 829 4236 et
851 4175 934 4255 ipsas
958 4174 1099 4256 amplecti
1128 4172 1305 4247 distantius,
1339 4189 1415 4251 quo-

66 4260 214 4349 modoque
237 4279 275 4321 ex
297 4259 335 4323 iis
358 4262 494 4344 elliptica
516 4263 566 4324 via
588 4264 704 4325 ratione
728 4273 781 4326 nat
768 4265 857 4326 turali
881 4264 1037 4339 efficiatur,
1061 4263 1256 4344 perpendere.

151 4364 338 4416 Fabricius:
357 4366 415 4418 Nou
433 4369 525 4420 sufficit
542 4369 638 4419 salvare
657 4384 728 4434 posse
746 4377 835 4427 motus
855 4371 993 4422 sedetiam
1011 4370 1075 4420 tales
1092 4368 1240 4435 hypotheses
1259 4366 1415 4428 comtituere,

66 4450 126 4502 qne
143 4437 273 4502 puaelptu
290 4439 443 4490 naturalibus
461 4434 561 4490 minime
581 4441 735 4491 dissentiunt.

151 4508 356 4588 Keplerue.
387 4512 514 4574 Mirifice
537 4531 685 4574 consensu
708 4514 872 4595 amplector
895 4512 951 4576 hoc
974 4520 1057 4576 tuum
1081 4513 1206 4592 dogma3
1231 4518 1262 4570 et
1284 4529 1321 4571 ea
1344 4509 1417 4571 mihi

66 4616 155 4662 causa
182 4598 242 4661 luit
269 4599 354 4662 multi
385 4600 537 4665 laboris
530 4622 560 4662 ιιι
584 4600 815 4664 Commentariis
837 4603 959 4667 Martis.
1006 4605 1049 4665 Te
1080 4619 1151 4662 vero
1184 4600 1261 4681 quod
1294 4599 1414 4673 attinet,

67 4688 251 4752 admonitum
273 4689 357 4764 volo,
391 4696 428 4755 nt
452 4709 521 4755 cum
544 4690 696 4753 Osiandro
725 4691 893 4772 transigas;
927 4693 976 4774 qni
999 4689 1217 4772 praelationem
1240 4687 1363 4768 scripsit
1384 4688 1415 4750 iu

67 4795 138 4856 opus
156 4775 321 4858 Goperuici
338 4796 399 4843 unu
417 4781 556 4864 apposito
576 4780 692 4843 nomine
716 4786 814 4854 (comp.
836 4789 892 4840 v01.
912 4790 932 4841 t.
950 4806 975 4855 p.
994 4788 1046 4840 ιιι
1064 4793 1091 4839 ιι
1108 4787 1198 4839 tactam
1221 4797 1333 4838 umam
1350 4786 1416 4837 emt

66 4875 135 4943 ιιι-
155 4872 233 4945 utel),
257 4866 413 4951 trsmiqas
433 4868 528 4943 etiam
550 4888 617 4935 cum
632 4867 806 4935 Christiano
821 4870 958 4937 Severini
971 4866 1199 4946 (ιοιιοιιοιιιὶιο)
1223 4867 1274 4950 qui
1295 4872 1417 4949 putuit
