3368 5534
148 308 213 381 556
635 306 750 361 ealcum
767 305 901 374 Ecliprinm
919 302 1006 360 Lunae

39 560 41 567 J
148 511 255 549 versam
276 493 413 547 rationem
434 488 568 560 aequandi
589 494 706 559 tempus,
728 491 761 542 de
782 506 837 560 qua
856 489 909 542 hoc
929 489 1000 543 libro
1021 487 1253 558 pronunciandum
1267 485 1335 549 erit;
1356 480 1495 559 reliqnaii

148 583 213 629 sunt
232 573 298 628 mihi
319 590 378 626 cum
399 573 529 642 Tychone
551 569 712 623 communia.
997 624 1001 630 λ

228 653 324 708 Mirari
343 653 441 723 possis,
464 668 512 704 cur
532 650 597 703 mihi
617 650 724 703 duratio
746 649 862 713 brevior,
884 666 944 703 cum
964 655 1055 703 tamen
1076 647 1344 702 umbrae-transitus
1376 646 1414 701 sit
1432 647 1495 700 mihi

148 735 298 806 prolixior?
318 734 372 787 Est
391 732 477 803 igitur
498 732 678 792 causabam,
701 730 766 801 quia
786 730 850 783 mihi
870 729 987 784 vicissim
1008 734 1038 783 et
1060 719 1087 790 0
1116 727 1318 783 semidiameter
1338 728 1449 781 brevior
1468 734 1496 781 et

149 815 266 869 latitudo
288 813 391 882 major:
421 810 510 880 major
533 801 624 880 autem
647 811 714 872 ista,
736 817 849 880 propter
870 812 937 863 duas
969 826 1081 864 causas:
1112 810 1179 881 quia
1196 808 1263 863 mibi
1285 815 1315 861 et
1337 808 1495 880 elongatior

148 897 246 949 umbra
266 911 284 946 a
304 896 373 946 nodo
394 890 527 962 sequenti,
550 899 579 944 et
598 891 688 959 major
708 891 827 960 angulus
848 907 1013 944 excursuum
1033 890 1060 943 in
1082 889 1263 944 latitudinem.
1291 888 1347 943 Sed
1367 891 1401 942 de
1422 889 1494 942 bisce

149 992 246 1045 parum
265 974 352 1027 babet
372 974 443 1044 quod
464 978 583 1025 testetur
603 969 713 1040 eclipsis
728 970 791 1032 ista.
812 977 845 1024 ut
865 971 892 1023 in
913 986 968 1042 qua
988 970 1063 1024 solus
1077 970 1137 1025 linis
1152 972 1332 1025 observatus:
1354 969 1405 1023 nisi
1427 970 1495 1038 quod

151 1054 259 1109 duratio
280 1060 382 1125 quanto
404 1051 511 1105 auctior
532 1052 625 1113 lieret,
657 1056 736 1103 tanto
763 1050 850 1104 minus
872 1052 908 1104 ab
929 1052 1076 1105 observato
1096 1051 1150 1104 fine
1170 1050 1346 1105 distaremus.
1387 1051 1448 1103 Etsi
1469 1056 1496 1100 et

149 1135 230 1188 valde
252 1140 416 1188 contemtum
437 1139 481 1184 est
500 1131 643 1202 utriusque
664 1131 790 1184 dimidiae
811 1130 961 1185 durationis
982 1131 1158 1186 intervallum
1179 1125 1216 1194 5‘,
1239 1135 1270 1184 et
1290 1129 1374 1184 facile
1395 1130 1423 1182 in
1445 1130 1493 1181 alt.

151 1216 251 1269 stellae
278 1215 323 1266 vel
352 1213 475 1266 minimus
505 1212 629 1264 defectus
650 1217 757 1265 tantum
778 1210 862 1264 eilioit
882 1218 913 1264 et
931 1213 1047 1282 deniquo
1072 1212 1100 1266 in
1120 1213 1172 1266 llne
1193 1227 1268 1264 mero
1289 1210 1496 1265 internoscendo

151 1295 317 1348 diversorum
339 1293 478 1347 oculorum
499 1292 584 1345 multo
605 1291 693 1360 major
713 1298 757 1345 est
777 1291 955 1356 dissonantia,
976 1299 1008 1346 ut
1029 1282 1255 1364 insequentibus
1277 1291 1438 1360 apparebit.

229 1373 391 1428 Notabimus
412 1371 533 1437 interim,
560 1374 631 1443 quod
653 1379 782 1427 revocato
803 1373 873 1425 nodo
895 1378 1027 1443 sequente
1047 1372 1075 1426 in
1097 1371 1292 1428 antecedentia
1310 1370 1431 1425 latitudo
1452 1371 1496 1423 iat

151 1456 245 1520 minor,
267 1454 375 1507 duratio
395 1451 493 1521 major.

469 1567 514 1620 IV.
555 1566 673 1636 Eclipsis
694 1567 790 1621 Lunae
811 1584 883 1622 anno
907 1564 991 1624 1577.
1020 1563 1046 1624 2.
1067 1569 1180 1638 Aprilis.

232 1664 322 1735 Hujus
356 1663 465 1733 eclipsis
503 1664 708 1718 observationes
738 1665 893 1721 Severinius
921 1685 958 1721 ex
987 1666 1224 1720 observationibus
1254 1665 1394 1736 'l'ycbonis
1429 1665 1496 1718 anti·

153 1748 291 1820 quioribut
319 1745 402 1815 (quae
428 1750 460 1797 ut
480 1743 597 1796 rariores
628 1751 657 1798 et
677 1752 777 1816 quarta
796 1748 884 1800 forma
905 1753 1064 1817 compactae
1085 1763 1144 1800 oum
1165 1753 1318 1800 ceterarum
1340 1746 1496 1816 protocollir

107 1822 114 1838 ‘
153 1831 181 1882 in
207 1829 273 1882 lolio
294 1843 347 1879 non
365 1824 564 1895 jungebantur,
587 1841 673 1893 eoque
695 1825 721 1878 in
742 1843 829 1880 meam
850 1835 1018 1897 potestatem
1038 1844 1092 1880 non
1112 1822 1296 1893 devenerunt)
1317 1827 1359 1879 ric
1378 1827 1496 1894 exscrip-

153 1911 206 1973 sit,
234 1908 304 1979 quod
325 1904 485 1975 principium
505 1903 589 1957 suerit
609 1904 635 1957 in
658 1912 717 1959 ortu
740 1906 767 1960 h.
783 1907 810 1962 7.
825 1905 852 1970 0,
875 1926 927 1962 non
948 1914 1039 1961 tamen
1060 1907 1128 1960 satis
1149 1907 1263 1960 discerni
1278 1907 1412 1975 potnerit.
1434 1916 1496 1975 pute

154 1990 189 2043 ob
210 2002 327 2057 vapores
349 2003 371 2038 c.
392 1984 560 2037 horizontem
581 1985 752 2048 turbidiores‚
774 1994 849 2041 totus
869 2005 934 2041 vero
955 1988 1028 2042 orbis
1048 1988 1075 2040 in
1097 1987 1194 2040 umbra
1214 1987 1243 2040 lr.
1265 1987 1293 2040 ὅ.
1317 1984 1358 2048 7’,
1379 2002 1496 2040 emersos

154 2070 259 2123 initium
279 2066 306 2120 h.
323 2061 350 2119 9.
367 2058 424 2125 422
445 2064 506 2116 finis
527 2064 555 2117 h.
580 2061 625 2119 10.
648 2064 704 2119 111
745 2067 797 2120 Est
818 2068 903 2138 igitur
923 2069 1038 2122 medinm
1059 2067 1131 2121 inter
1151 2067 1256 2120 initium
1277 2073 1307 2121 et
1327 2067 1409 2120 linem
1430 2062 1495 2121 00

42 2203 45 2206 ⁴
154 2145 203 2206 52‘
225 2144 455 2201 incertiusculum.
484 2147 523 2196 At
543 2145 658 2201 medium
679 2146 751 2199 inter
771 2147 967 2203 immersionem
988 2150 1102 2202 totalem
1122 2155 1286 2201 etenrersus
1304 2147 1414 2200 initium
1429 2151 1496 2199 esset

154 2232 182 2285 h.
204 2225 231 2284 8.
254 2220 356 2289 5101,’,
384 2241 461 2277 nora
487 2223 514 2276 in
535 2225 656 2278 tenebris
678 2226 704 2279 h.
731 2223 755 2280 1.
779 2222 838 2281 35.
879 2229 918 2281 Ει
938 2229 1003 2297 quia
1024 2227 1138 2282 emersio
1163 2227 1273 2280 duravit
1293 2227 1329 2280 ab
1351 2228 1379 2284 b.
1402 2223 1431 2281 9.
1453 2222 1495 2279 tl‘

156 2312 183 2364 in
205 2309 233 2363 h.
259 2301 304 2361 10.
326 2304 375 2359 tl‘
397 2320 447 2373 per
471 2304 500 2357 h.
525 2297 549 2360 1.
572 2300 619 2368 2’,
649 2306 671 2358 si
702 2313 809 2359 tantum
838 2316 882 2361 est
908 2298 1078 2362 immersione
1109 2316 1294 2370 consumtum,
1326 2317 1495 2363 statuamus:

159 2389 266 2445 initium
286 2388 366 2441 cadet
386 2385 414 2438 h.
436 2382 463 2437 7.
486 2378 512 2436 5.
555 2384 669 2439 Ponitur
689 2395 781 2440 autem
802 2388 917 2441 medium
938 2389 965 2441 in
985 2390 1134 2460 Progymn.
1158 2389 1186 2442 b.
1208 2383 1235 2441 8.
1259 2383 1319 2442 50’.

237 2467 335 2522 Habeo
356 2465 439 2519 etiam
459 2465 677 2519 observationem
693 2467 790 2520 Barth.
807 2467 923 2522 Sculteti
938 2469 1129 2530 Goerlicensis‚
1151 2468 1195 2540 qui
1210 2479 1310 2538 postea
1330 2469 1495 2523 consulatum

159 2552 187 2605 in
209 2549 260 2603 illa
279 2547 348 2600 urbe
368 2544 464 2616 gessit,
487 2544 532 2614 qui
553 2544 657 2599 initium
679 2546 788 2614 eclipsis
810 2547 932 2618 signavit
952 2549 1096 2603 altitudine
1119 2539 1145 2608 J)
1173 2540 1206 2601 50
1224 2543 1282 2612 56⁴,
1304 2549 1495 2605 immersionem

163 2631 279 2685 totalem
300 2626 327 2680 in
348 2626 398 2679 alt.
419 2623 541 2693 ejusdem
564 2620 615 2680 13⁰
633 2621 669 2687 9¹,
691 2644 744 2697 quo
765 2630 859 2681 eodem
880 2638 1015 2683 momento
1035 2628 1144 2684 notarit
1164 2633 1194 2681 et
1213 2628 1322 2698 pulsum
1343 2631 1373 2683 in
1387 2629 1495 2684 urbeb

162 2707 188 2767 1.
209 2708 305 2771 noctis,
327 2705 433 2760 initium
453 2704 610 2760 emersionis
631 2723 691 2762 cum
712 2715 823 2760 sonaret
843 2707 977 2763 dimidiam
999 2709 1108 2763 tertiam
1129 2711 1223 2762 eodem
1244 2709 1271 2762 in
1292 2709 1452 2781 horologi03
1472 2718 1495 2761 et

159 2789 266 2846 dimidio
287 2788 439 2858 quadrante
460 2786 598 2854 posterius
619 2787 645 2842 h.
670 2782 712 2841 10.
735 2803 753 2840 a
773 2787 883 2841 meridie
905 2789 931 2842 in
952 2790 1008 2843 alio
1028 2789 1181 2861 horologio.
1222 2790 1267 2843 Ex
1287 2791 1342 2844 bac
1363 2805 1494 2844 mensura

160 2873 234 2926 tione
255 2884 346 2922 morae
367 2867 481 2935 primum
503 2866 569 2919 illud
591 2875 677 2937 patet,
690 2885 801 2921 -moram
817 2869 857 2920 illi
878 2869 964 2923 risam
986 2871 1013 2925 b.
1033 2864 1057 2924 1.
1075 2867 1121 2922 30‘
1143 2872 1262 2939 longam,
1285 2887 1358 2941 quae
1379 2867 1494 2940 Tychooi

159 2952 185 3007 h.
204 2950 226 3006 1.
244 2945 293 3002 35:
316 2963 386 3018 quae
400 2946 545 2999 diversitas
560 2955 625 3017 post
639 2966 742 3002 omnem
758 2949 909 3002 adhibitam
923 2949 1094 3022 diligentiam
1116 2950 1206 3003 caveri
1226 2964 1388 3006 tamennon
1404 2959 1496 3020 potest

240 3030 310 3082 Hinc
331 3027 514 3095 computanda
534 3035 598 3080 sunt
618 3036 743 3098 tempora
764 3029 878 3098 duplicis
901 3030 979 3083 initii.
1020 3030 1048 3085 si
1064 3031 1150 3100 igitur
1170 3022 1269 3092 alt.)
1300 3026 1402 3097 (centri
1423 3024 1496 3100 puto)

131 3149 137 3162 .
162 3111 239 3166 initio
262 3124 353 3162 morae
384 3106 436 3158 luit
458 3098 507 3156 130
526 3099 578 3169 9‘!
597 3109 752 3176 parallaxis
775 3102 800 3170 j)
829 3110 924 3163 addita
944 3126 1036 3163 veram
1057 3110 1173 3165 exhibet
1193 3112 1242 3166 alt.
1265 3112 1322 3164 veri
1345 3112 1398 3164 loci
1420 3111 1496 3162 centri

161 3185 187 3255 ))
220 3183 270 3244 110
292 3182 337 3242 12¹
358 3187 511 3253 (contemta
526 3186 585 3253 jam
607 3189 778 3252 refractione,
800 3197 831 3241 ut
852 3207 921 3260 quae
943 3195 1128 3245 tantummodo
1150 3188 1178 3246 9‘
1199 3207 1217 3244 a
1239 3192 1370 3261 Tycbone
1392 3190 1497 3244 exhibe

163 3269 228 3335 tur).
269 3270 340 3323 Erat
366 3281 431 3318 vero
461 3272 526 3318 tunc
556 3259 582 3328 J)
610 3266 657 3324 47‘
684 3276 749 3322 ante
770 3269 885 3322 modium
906 3271 1029 3341 eclipsis,
1056 3274 1126 3343 quod
1146 3272 1223 3325 illam
1243 3272 1387 3325 referebat
1406 3272 1433 3325 in
1455 3265 1498 3322 22·

164 3346 250 3410 45¹l,¹
272 3347 329 3402 Δ.
371 3346 436 3398 Cum
457 3344 543 3414 igitur
573 3349 608 3401 sit
639 3367 718 3402 verus
741 3339 766 3408 0
793 3351 917 3404 horarius
941 3348 987 3405 37‘
1010 3349 1076 3416 ³0“,
1107 3368 1192 3422 quare
1213 3351 1260 3405 t7‘
1292 3352 1442 3406 intervallo
1462 3367 1497 3403 re

162 3433 299 3502 spondent
319 3422 366 3481 29‘
388 3420 446 3479 22⁰
468 3427 500 3478 de
521 3445 586 3481 rero
607 3437 681 3483 motu
703 3422 744 3495 0,
766 3438 798 3484 ut
819 3421 844 3489 {l
873 3431 1003 3485 fueritin
1025 3426 1077 3487 22⁰
1099 3427 1143 3487 lt‘
1166 3430 1227 3496 ἑ,
1249 3449 1308 3486 cum
1330 3432 1396 3496 lat,
1417 3440 1449 3484 ut
1468 3445 1496 3481 er

161 3509 287 3583 sequenti
308 3506 414 3560 calculo
435 3510 589 3576 apparebit,
611 3508 638 3564 0.
655 3508 683 3564 6‘
704 3520 800 3575 auctr..
823 3520 854 3566 ut
874 3513 958 3566 fuerit
971 3512 1031 3581 ejus
1046 3513 1191 3567 declinatio
1206 3529 1273 3566 rera
1287 3509 1320 3567 8ο
1336 3508 1386 3566 18’
1408 3518 1497 3569 auctr..

163 3598 196 3648 A.
219 3593 252 3646 R.
274 3581 422 3642 200135ο
463 3589 588 3660 Altpoli
610 3591 792 3647 Goerlicensis
812 3593 1016 3662 comparatione
1037 3610 1096 3647 cum
1116 3593 1252 3664 Pragensi
1272 3610 1309 3645 ex
1331 3593 1392 3647 tab.
1414 3607 1497 3645 recen·

162 3670 273 3725 tissimis
294 3676 339 3721 est
359 3659 411 3720 510
430 3661 486 3733 20‘,
508 3671 561 3723 etsi
582 3679 677 3725 auctor
699 3672 756 3742 ipse
777 3689 848 3726 anno
872 3669 947 3727 1577
969 3673 996 3727 in
1009 3674 1190 3743 descriptione
1205 3679 1329 3727 cometae
1345 3669 1498 3725 assumserit

162 3769 224 3805 eam
245 3742 373 3808 50010,
395 3753 505 3802 secutus
527 3758 594 3819 puto
614 3753 693 3804 idem
714 3754 868 3806 tabularum
890 3753 964 3806 illius
985 3754 1122 3823 temporis.
1153 3756 1222 3808 Nam
1243 3770 1303 3807 cum
1323 3753 1435 3825 Pragae
1456 3751 1497 3801 alt

163 3830 218 3904 poli
242 3828 278 3882 sit
298 3818 351 3881 500
370 3821 398 3879 6‘
418 3836 447 3879 et
467 3830 600 3885 distantia
620 3833 761 3889 itineraria
782 3833 946 3888 Goerlicium
966 3851 1051 3905 usque
1072 3834 1202 3888 milliaria
1223 3835 1314 3888 Germ.
1337 3828 1389 3897 21,
1411 3845 1496 3901 perun

163 3910 304 3967 admodum
326 3923 345 3959 a
364 3905 439 3959 linea
460 3912 652 3979 septentrionis
674 3914 819 3966 dedectens
841 3913 867 3965 in
889 3922 989 3968 ortum:
1011 3915 1175 3984 computatis
1199 3910 1233 3968 15
1251 3914 1318 3967 mill.
1340 3913 1368 3966 in
1382 3912 1495 3984 gradun·

164 3991 273 4046 veniret
293 3987 342 4041 alt.
365 3986 421 4054 poli
443 3989 624 4044 Goerlicensis
648 3987 699 4045 51⁰
719 3990 779 4055 30‘;
802 4010 882 4064 quam
903 4002 1016 4065 propter
1037 3995 1221 4050 detectionem
1241 3995 1342 4048 dictam
1364 4002 1393 4045 et
1414 3993 1440 4045 in
1460 3990 1494 4043 a·

166 4089 257 4128 vorem
280 4067 435 4121 tabularum
456 4070 579 4149 relinquo
601 4073 672 4126 intra
693 4069 739 4126 51.
764 4067 810 4127 20.

248 4152 294 4205 Ex
314 4147 357 4201 his
378 4145 463 4216 igitur
483 4152 555 4204 datis
577 4162 702 4222 computo
723 4155 817 4206 horam
839 4162 871 4208 ut
891 4155 1025 4227 sequitur:

243 4228 288 4278 VP
325 4221 367 4273 ³8.
389 4223 423 4272 10
461 4264 642 4279 .....
681 4229 767 4281 17001
1026 4232 1066 4284 53.
1086 4233 1119 4282 17
1278 4230 1321 4281 20.
1342 4227 1408 4293 5301,

253 4293 769 4373 mmm„m..me
897 4299 1120 4368 mima

325 4366 421 4434 6οἾ
673 4374 770 4442 'teila
956 4375 1141 4458 &Eiz-

248 4454 424 4534 mAEAE
1010 4459 1375 4516 maumam

327 4557 366 4607 15.
387 4554 422 4605 10
440 4572 473 4580 -
510 4550 534 4598 7.
554 4549 588 4599 50
606 4575 641 4584 -
668 4549 768 4601 190295

312 4629 368 4683 105.
390 4625 422 4676 50
442 4642 475 4655 ··
494 4622 535 4672 07.
557 4621 590 4671 58
608 4647 642 4658 -·
701 4623 771 4701 7501
999 4628 1071 4677 Esset
1089 4626 1139 4676 diff.
1158 4626 1259 4676 morldd,
1268 4602 1403 4671 ''107‘

667 4711 770 4762 200871)

658 4784 773 4792 --ι--ο

669 4801 769 4852 150001

685 4871 769 4922 rotat
