3368 5534
549 331 754 390 eus-sensa
790 334 873 404 capa
889 334 932 391 ιιι.

632 570 753 670 Caput
776 569 846 646 XI.

373 727 430 793 De
448 726 677 811 paulumne
697 731 825 795 diurnis
846 725 955 792 stellae
977 727 1104 794 Martis.

146 865 276 933 Initium
299 869 369 932 novi
391 870 449 932 mei
472 871 585 934 laboris
610 879 642 934 et
664 871 863 935 restitutionis
888 878 1020 933 motuum
1041 871 1111 933 inde
1135 872 1183 934 ubi
1203 871 1268 953 jam
1283 873 1413 936 cessavi.

60 956 139 1018 Nam
168 976 209 1020 ex
241 967 333 1040 parte
362 959 459 1040 prima
480 968 585 1040 patet,
619 961 800 1023 assumenda
832 961 949 1042 quidem
973 960 1041 1022 loca
1064 969 1090 1031 d
1113 963 1167 1023 snb
1191 963 1412 1042 oppositionum

60 1063 125 1109 turn
161 1044 203 1124 Θ
236 1066 378 1123 verarum
400 1046 561 1124 articulos,
597 1051 650 1112 sed
677 1061 777 1112 tamen
802 1050 845 1112 sic
868 1068 925 1111 uon
949 1067 1054 1111 omnen
1078 1050 1145 1113 exui
1168 1051 1414 1131 inaequalitatem

60 1136 238 1214 secundam,
261 1136 317 1199 sed
332 1156 407 1219 opus
425 1157 493 1199 esse
507 1147 542 1200 ut
556 1157 642 1201 arcus
656 1139 686 1201 in
703 1140 841 1220 ecliptica
855 1147 1027 1201 numeratus
1048 1139 1207 1202 reducatur
1228 1140 1267 1201 ad
1285 1140 1413 1203 orbitam

59 1224 215 1305 planetae.
236 1226 306 1289 ‚As
320 1226 417 1301 orbita
438 1228 580 1309 planetae
603 1230 686 1308 prius
705 1237 753 1291 est
771 1228 981 1308 investiganda
994 1246 1048 1308 per
1065 1228 1290 1291 inclinationem
1304 1231 1413 1309 plano-

60 1333 120 1378 mnr
144 1322 180 1376 et
202 1333 262 1396 per
279 1316 421 1378 nodorum
440 1316 650 1396 coguitionem.
696 1317 826 1380 Rursum
849 1317 1003 1379 inclinatio
1027 1325 1059 1378 et
1081 1318 1151 1379 nodi
1174 1327 1325 1398 nequeunt
1347 1319 1412 1381 sine

59 1403 210 1484 parallaxi
234 1403 671 1488 diurnacognosci'siquidem
694 1407 768 1469 baec
792 1407 834 1468 sit
856 1406 1077 1486 grandiuscula.
1114 1406 1307 1486 Aparallaxi
1322 1406 1415 1487 igitur

60 1492 272 1574 acipiendum,
291 1493 378 1573 ,cujus
401 1494 594 1576 inquirendae
617 1496 721 1558 modos
745 1497 819 1559 duos
842 1514 961 1576 ponam.

143 1580 263 1666 Prior
288 1583 415 1645 modus
448 1585 593 1658 (usitatus
626 1592 658 1647 et
688 1585 813 1659 ceteris)
837 1583 1056 1647 examinabitur
1092 1584 1123 1645 in
1151 1584 1412 1648 observationibus

60 1670 241 1736 meeanis.
345 1686 351 1695 ·

143 1761 242 1825 Anno
268 1759 361 1841 igitur
394 1757 479 1826 1582
512 1781 578 1824 cum
602 1770 851 1842 &opponeretur
875 1760 914 1840 Θ
943 1762 972 1824 in
998 1775 1047 1836 eo,
1081 1760 1285 1824 incredibilem
1312 1763 1410 1826 inveni

58 1850 250 1933 diligentiam
268 1849 299 1911 in
318 1848 515 1926 observando,
542 1870 607 1913 cum
622 1851 711 1913 titulo
723 1851 872 1934 Tychonis
889 1851 1093 1930 manuscripto
1116 1868 1185 1930 pro
1208 1846 1421 1931 inquiren-⁵

59 1940 111 2003 dis
133 1939 416 2023 parallaxibus
438 1940 595 2015 Martis,
619 1941 673 2001 sed
696 1960 734 2002 ex
758 1957 816 2021 qua
836 1949 889 2003 aut
906 1941 996 2021 plane
1019 1941 1130 2001 nullam
1149 1948 1203 2001 aut
1219 1940 1411 2022 perexiguam

59 2028 198 2093 elicueris
222 2027 334 2091 Martis
348 2029 534 2109 'parallariu
573 2031 672 2091 Taceo
695 2030 772 2109 quod
787 2032 883 2103 (more
899 2029 1004 2103 solito)
1023 2029 1143 2089 stellam
1159 2036 1184 2098 d
1199 2041 1413 2109 compararunt

14 2154 17 2158 >
59 2119 94 2182 ad
115 2118 232 2181 stellas
255 2117 413 2198 eclipticae
437 2118 552 2179 vicinas
576 2129 607 2180 et
629 2119 801 2200 plerumque
824 2121 911 2199 longe
931 2118 1091 2179 distantes.
1131 2116 1206 2179 Cum
1223 2117 1314 2198 igitur
1329 2138 1411 2182 com-

58 2206 217 2289 paratione
230 2205 398 2283 matutinae
410 2213 441 2268 et
458 2208 646 2288 vespertinae
662 2208 882 2270 observationis
898 2208 997 2269 soleat
1010 2205 1117 2288 inquiri
1126 2207 1292 2286 parallaxis
1303 2209 1411 2271 stellae

58 2296 177 2363 nobilis
201 2296 245 2369 (6
261 2292 347 2377 'euim
367 2293 407 2373 Θ
427 2296 583 2377 oppositus
606 2296 718 2358 incedit
740 2303 823 2358 motu
837 2296 1038 2377 retrogrado),
1063 2295 1132 2358 binc
1157 2297 1278 2371 factum,
1298 2305 1332 2359 ut
1348 2299 1410 2361 fere

58 2386 93 2449 ab
124 2384 198 2449 aliis
227 2384 327 2447 stellis
350 2386 459 2455 mane,
482 2381 691 2467 aliis'vesperi
715 2393 740 2456 ο·
764 2386 855 2447 fuerit
877 2387 1065 2448 observatus.
1112 2382 1207 2464 Cujus
1231 2386 1311 2447 enim
1334 2386 1411 2448 fixae

59 2494 146 2538 mane
176 2473 267 2554 copia¹
294 2473 352 2541 luit
379 2474 510 2549 (altioris
543 2475 651 2557 quippe
681 2494 769 2555 quam
792 2484 841 2537 est
868 2479 909 2549 d)
933 2494 978 2549 ea,
1002 2473 1028 2535 si
1051 2473 1093 2535 sit
1115 2473 1273 2553 eclipticas
1297 2474 1406 2550 vicina,

59 2562 178 2646 vesperi
202 2564 245 2636 (d
263 2562 330 2643 jam
351 2562 383 2626 in
397 2564 488 2643 plaga
501 2564 685 2643 occidentali
705 2566 860 2637 versante)
885 2572 938 2626 aut
956 2563 1066 2625 occidit
1080 2571 1133 2624 aut
1146 2563 1184 2625 ob
1199 2564 1409 2627 refractionem

58 2655 162 2736 inepta
183 2659 235 2714 est
256 2651 288 2714 in
310 2653 368 2719 boc
391 2652 495 2715 subtili
517 2654 648 2733 negotio.
693 2653 767 2716 Alia
787 2653 880 2734 igitur
894 2652 1105 2716 substituenda
1125 2653 1191 2715 fuit
1230 2653 1315 2715 Atei
1331 2654 1408 2716 stel-
1445 2694 1449 2701 -

57 2746 101 2807 lae
124 2744 206 2806 lixae
231 2741 311 2803 aliae
334 2740 403 2804 aliis
424 2751 646 2822 permutentur,
679 2761 796 2823 semper
818 2743 914 2804 minor
937 2742 1011 2804 fides
1035 2749 1083 2802 est
1105 2741 1242 2821 negotio,
1273 2758 1360 2824 quam
1383 2743 1408 2804 si

57 2832 164 2896 eadem
185 2829 365 2893 retineatur.
1395 2864 1398 2868 ·

143 2919 225 2984 Gum
247 2919 543 2985 antemBraheus
570 2919 685 3000 passim
711 2918 785 2982 viris
816 2918 914 2981 doctis
939 2917 1144 2987 affirmaverit,
1169 2938 1206 2980 ex
1228 2918 1317 2998 hujus
1341 2919 1410 2981 anni

55 3009 226 3075 observatis
254 3008 413 3072 inventam·
431 3027 499 3070 esse
522 3009 692 3090 parallaxin
716 3009 941 3078 &notabiliter
970 3008 1113 3089 majorem
1136 3007 1253 3081 Solari,
1282 3025 1347 3086 ego
1377 3015 1411 3070 ut

55 3099 262 3183 operationem
291 3116 345 3160 sen
379 3098 524 3161 calculum
555 3098 633 3160 hunc
663 3097 794 3178 penitius
824 3098 973 3177 inspicere
1003 3116 1141 3177 possem,
1178 3105 1276 3159 totum
1303 3097 1414 3167 librum

55 3187 288 3272 diligentissime
310 3187 501 3268 perlustravi.
547 3186 590 3249 Et
612 3188 711 3249 inveni
726 3187 844 3267 quidem
855 3188 984 3261 titulum,
1005 3187 1053 3267 qui
1064 3186 1210 3249 rationem
1220 3184 1411 3265 profiteretur

55 3277 221 3361 inquirendi
244 3277 414 3356 parallaxin
437 3283 463 3346 ό
487 3296 525 3337 ex
547 3275 627 3339 illius
652 3277 721 3338 anni
745 3276 1017 3338 observationibus.
1074 3274 1137 3337 Sed
1165 3294 1201 3337 en
1225 3294 1288 3335 rem
1311 3273 1409 3357 inopi-

54 3377 165 3432 natam.
211 3366 326 3429 Imaum
349 3375 375 3436 ο·
397 3365 585 3428 observando
608 3367 765 3427 inventum
784 3366 1048 3426 accommodarunt
1066 3366 1105 3426 ad
1120 3365 1242 3426 schema
1257 3361 1406 3443 Goperni·

55 3477 170 3532 csnum,
195 3454 409 3536 operosissime
433 3462 465 3517 et
488 3455 717 3534 diligentissime
736 3454 926 3515 delineatum.
964 3455 999 3514 ln
1019 3473 1054 3515 eo
1076 3454 1229 3515 schemate
1249 3453 1407 3514 immanem

55 3554 229 3610 sumserunt
259 3545 413 3619 laborem,
441 3543 542 3606 omnia
563 3544 728 3623 triangula,
767 3562 842 3624 quae
866 3563 958 3605 causa
981 3543 1107 3623 duplicis
1131 3542 1257 3622 epicycli
1280 3541 1310 3603 in
1333 3560 1407 3604 con-

55 3635 187 3698 ceutrico
217 3634 435 3709 nascebantur,
467 3633 603 3695 solvendi
634 3634 764 3695 numeris
786 3631 1014 3713 prolatissimis,
1048 3633 1228 3711 tandemque
1259 3630 1308 3692 hic
1341 3639 1408 3691 erat

53 3726 117 3789 inis
141 3722 270 3799 calculi,
301 3731 337 3784 ut
357 3722 604 3802 pronunciarent,
627 3722 796 3802 parallaxin
819 3722 929 3783 Martis
953 3738 1022 3783 vere
1045 3720 1108 3782 fieri
1131 3719 1274 3799 majorem
1297 3717 1406 3782 Solari.

54 3814 144 3878 Aliud
183 3811 277 3892 igitur
308 3812 447 3874 Brahens
479 3821 696 3891 proposuerat,
734 3809 815 3873 aliud
852 3810 980 3873 ministri
1016 3809 1123 3872 calculi
1156 3816 1226 3870 sunt
1262 3807 1406 3871 exsecuti.

53 3904 104 3967 llle
132 3900 279 3977 volebat,
313 3909 348 3963 ut
379 3920 417 3963 ex
439 3900 594 3962 matutinis
624 3910 656 3961 et
679 3901 859 3980 vespertinis
882 3898 1140 3962 observationibus
1164 3898 1243 3971 inter
1266 3916 1299 3959 se
1322 3915 1406 3959 com·

52 3993 170 4074 paratis
214 3988 399 4070 inquirerent
434 3990 602 4070 parallaxin
638 3990 765 4052 Martis:
812 3988 842 4050 hi
879 4009 949 4052 vero
989 3987 1222 4069 inquisiverunt,
1264 3992 1404 4067 quantam

51 4078 229 4165 parallaxin
259 4080 384 4142 iaceret
414 4081 538 4143 schema
561 4077 809 4160 Copernicanum.
864 4079 915 4141 Au
946 4079 1037 4158 igitur
1059 4097 1098 4138 ex
1119 4077 1177 4138 hac
1200 4075 1265 4137 sola
1287 4091 1408 4135 suorum

51 4172 261 4292 ministremus
292 4168 351 4232 lide
382 4169 521 4231 Braheus
553 4169 590 4230 de
613 4169 818 4248 parallaxibus
841 4169 1098 4247 pronunciaverit,
1121 4165 1334 4246 incompertum
1357 4170 1408 4223 est

51 4260 135 4325 nihi
153 4254 200 4340 ⁸)

141 4349 211 4413 Nos
232 4346 302 4428 ipsa
323 4346 487 4409 observata
510 4347 668 4426 (quantum
682 4345 720 4407 ad
740 4345 892 4426 negotium
907 4352 1040 4407 nostrum
1056 4343 1180 4416 attinet)
1194 4338 1407 4404 consulamus:

51 4440 143 4504 Anno
178 4432 266 4509 1582
297 4442 386 4498 nocte
419 4435 498 4497 inter
525 4432 578 4498 23.
609 4444 640 4497 et
662 4429 715 4499 tt.
740 4435 820 4498 Nov.
849 4434 1013 4497 distantiae
1041 4431 1148 4495 afixis
1171 4426 1294 4489 eaedem
1316 4447 1409 4492 mau-
1469 4498 1472 4505 ,

51 4535 160 4593 serunt
201 4524 341 4599 diversis⁴
366 4525 459 4588 horis.
505 4524 564 4586 Hic
600 4523 692 4604 igitur
724 4523 864 4587 stationis
887 4523 1031 4587 terminus
1063 4521 1126 4583 fuit.
1174 4513 1337 4597 Sequentia
1357 4518 1410 4584 bi·

52 4618 102 4681 dui
129 4623 233 4682 motus
256 4613 316 4677 fuit
340 4610 393 4678 11‘
415 4622 448 4676 et
472 4611 535 4677 15‘.

140 4706 244 4771 Nocte
272 4701 333 4766 diei
361 4699 413 4768 26.
437 4703 513 4766 Dec.
544 4700 665 4765 transiit
691 4699 770 4764 inter
801 4702 962 4765 secundam
994 4704 1025 4759 et
1046 4690 1205 4770 septimam
1227 4692 1257 4754 11
1288 4694 1411 4767 distans

53 4786 276 4879 (petredium)
301 4811 321 4855 a
342 4793 442 4874 capite
456 4789 606 4855 inferioris
622 4787 816 4853 Geminorum
830 4810 883 4854 seu
902 4811 921 4852 a
937 4774 1123 4879 secundat}
1143 4775 1200 4841 25‘
1222 4783 1412 4870 ve12⁶26⁴‚

54 4885 109 4950 red
132 4906 153 4948 s
174 4880 311 4967 septima
335 4874 377 4945 l·—
392 4878 427 4945 o
450 4881 499 4944 vel
524 4877 560 4945 1⁰
584 4877 625 4955 7⁴,
649 4886 684 4942 ot
706 4878 834 4942 latitudo
844 4878 936 4943 tuerit
949 4869 988 4937 ⁴⁰
1005 4869 1036 4931 θ’
1049 4874 1180 4930 circutos.
1218 4870 1306 4941 liora
1320 4880 1414 4964 ῂίωι
