3374 5528
671 296 832 352 Introductis.
1365 297 1428 392 14⁸3

73 476 235 533 bascuutm
255 479 291 532 ob
310 477 492 533 fundamenta
520 478 696 534 scientiarum
723 495 857 533 concussa
876 485 951 534 motu
972 480 1103 543 Telluris,
1135 482 1279 554 detegam,
1309 483 1429 556 inquam,

75 558 197 613 fideliter
219 558 349 613 instituta
368 558 577 631 praecipuorum
599 559 732 630 capitum,
762 576 832 629 quae
854 562 888 613 ad
909 561 961 614 hoc
981 560 1123 631 negotium
1143 562 1261 628 iaciunt,
1283 571 1313 619 et
1333 566 1429 620 sistam

73 640 112 691 ob
133 639 228 693 ocules
248 639 340 694 omnia
360 639 620 694 demonstrationum
648 639 798 710 principia,
829 640 927 712 quibus
957 640 1145 696 conclusiones
1174 658 1252 698 meae
1281 651 1429 716 tantopere

71 718 143 789 ipsis
165 718 289 774 inimicae
310 720 471 776 innituntur.

156 800 217 854 Hoc
237 800 309 854 enim
330 801 378 855 ubi
397 798 516 855 viderint
534 799 653 853 fideliter
673 799 845 869 praestitum,
868 798 1006 870 optionem
1020 807 1121 872 postea
1137 802 1254 858 liberam
1274 805 1427 870 habebunt,

72 880 121 932 vel
143 880 304 952 perlegendi
326 887 356 935 et
376 880 544 952 percipiendi
565 880 811 934 demonstrationes
832 881 908 950 ipsas
930 881 1026 935 labore
1046 882 1178 948 maximo,
1208 885 1254 938 vel
1279 884 1344 939 mihi
1364 902 1428 956 pro·

73 960 196 1015 sessione
216 961 412 1017 mathematico
433 977 518 1031 super
538 959 665 1016 adhibita
684 960 792 1015 sincera
812 968 843 1014 et
861 961 1033 1032 geometrica
1052 963 1180 1016 methodo
1201 965 1344 1019 credendi:
1374 965 1429 1036 ipsi

72 1057 151 1103 vero,
174 1043 244 1112 quod
266 1057 377 1097 suarum
398 1041 453 1096 erit
474 1040 601 1111 partium,
633 1042 667 1094 ad
689 1040 759 1093 haec
779 1041 819 1094 εἰσ
838 1042 873 1094 ob
895 1042 988 1096 oculos
1009 1043 1147 1098 collecata
1167 1045 1429 1101 demonstrationum

72 1119 212 1190 principia
225 1122 359 1187 conversi,
380 1122 432 1177 illa
445 1121 597 1185 excutient,
619 1120 697 1185 certi,
718 1120 769 1174 nisi
785 1121 819 1174 iis
833 1121 936 1175 eversis
951 1139 1004 1176 non
1018 1122 1152 1178 ruituram
1169 1125 1428 1181 demonstrationem

73 1201 343 1270 superaedificatam.
379 1192 453 1258 Idern
474 1201 573 1255 faciam
593 1202 676 1256 etiam
697 1208 771 1266 tunc,
793 1201 840 1255 uhi
860 1218 935 1255 more
956 1202 1132 1274 physicorum
1146 1206 1307 1260 necessariis
1328 1206 1427 1261 admis-

72 1298 156 1334 cuero
178 1282 350 1352 probabilia,
381 1301 484 1354 exque,
497 1281 530 1334 iis
551 1283 590 1335 sic
611 1281 704 1335 mixtis
727 1281 898 1351 probabilem
918 1290 1085 1337 exstruxere
1106 1284 1317 1341 conclusionem.
1357 1287 1428 1342 Nam

72 1361 213 1431 quiahoc
232 1363 260 1417 in
280 1380 365 1433 opere
385 1363 530 1434 physicam
551 1362 698 1417 coelestem
720 1361 904 1416 astronomiae
925 1362 1083 1433 permiscui,
1113 1381 1192 1418 nemo
1220 1365 1314 1420 mirari
1334 1367 1426 1432 debet,

71 1440 249 1509 conjecturas
270 1444 355 1498 etiarn
375 1444 523 1498 nonnullas
545 1441 679 1496 adhiberi.
720 1442 799 1496 Haec
819 1443 890 1496 enirn
911 1443 1057 1514 physicae,
1079 1443 1150 1498 baec
1169 1445 1332 1512 medicinae,
1355 1447 1426 1501 haec

71 1522 190 1576 omnium
211 1523 387 1579 scientiarum
408 1531 510 1578 natura
530 1529 582 1588 est,
605 1539 676 1593 quae
697 1529 809 1593 praeter
830 1523 969 1576 oculorum
989 1524 1156 1580 certissimas
1170 1524 1352 1581 indicationes
1365 1526 1426 1582 alia

71 1600 156 1656 etiam
178 1604 312 1659 adhibent
332 1605 484 1659 axiomata.
807 1659 812 1667 ,
1038 1648 1042 1659 .

151 1681 197 1737 Sic
216 1683 304 1756 igitur
323 1684 431 1743 babeat
450 1686 551 1748 lector,
572 1685 640 1737 duas
661 1699 723 1737 esse
743 1689 959 1740 astronomorum
980 1692 1086 1740 sectas:
1117 1686 1235 1741 alteram
1265 1687 1424 1758 coryphaeo

69 1762 275 1818 Ptolemaeo
296 1771 327 1819 et
346 1765 544 1836 utplurimum
564 1763 736 1835 allegatione
758 1771 882 1819 veterum
901 1764 1050 1836 insignem
1080 1766 1198 1820 alteram
1225 1767 1424 1822 recentioribus

71 1842 215 1908 tributam,
235 1844 305 1899 licet
324 1845 362 1901 sit
381 1845 585 1916 antiquissima:
608 1861 722 1917 quarum
736 1844 787 1899 illa
804 1844 954 1899 errantium
975 1846 1119 1900 stellarum
1134 1845 1260 1920 singulas
1275 1847 1427 1918 separatim

70 1930 179 1977 tractat
199 1940 354 1997 causasque
375 1934 496 1991 motuum
517 1925 635 1998 singulis
656 1926 685 1979 in
705 1925 762 1979 suis
783 1926 903 1995 ipsarum
918 1925 1029 1981 orbibus
1047 1925 1182 1997 assignat,
1203 1927 1275 1981 haec
1294 1928 1426 1998 planetas
1525 1989 1527 1993 ,

68 2003 143 2057 inter
164 2021 195 2057 se
216 2013 368 2076 comparat,
390 2022 517 2079 quaeque
538 2006 566 2061 in
586 2023 681 2061 eontra
700 2005 818 2059 motibus
833 2006 1076 2075 deprehenduntur
1090 2007 1249 2072 communia,
1272 2022 1309 2062 ex
1329 2009 1426 2062 eadem

70 2084 207 2138 communi
228 2102 315 2141 causa
334 2087 451 2144 deducit.
486 2091 578 2158 Atque
592 2087 663 2141 haec
676 2092 756 2140 secta
768 2102 875 2140 rursum
889 2086 1078 2141 subdividitur.
1113 2087 1230 2142 Causam
1251 2088 1332 2152 eninr,
1353 2103 1426 2159 quae

69 2164 200 2232 planetas
221 2166 307 2227 eflicit
326 2167 414 2222 videri
433 2167 612 2224 stationarios
632 2168 879 2238 retrogradosque,
909 2166 1120 2236 Copernicns
1148 2185 1208 2222 cum
1235 2168 1424 2238 antiquissimo

70 2234 289 2300 Aristarcho
310 2247 471 2303 transcribit
489 2247 668 2303 translationi
689 2245 806 2301 Telluris
828 2245 957 2301 domicilii
976 2246 1076 2311 nostri,
1107 2247 1205 2318 quibus
1225 2255 1256 2303 et
1276 2265 1340 2321 ego
1361 2249 1425 2303 sub·

70 2323 179 2378 acribo:
202 2326 317 2396 Tyclso
338 2345 404 2382 vero
418 2329 583 2399 ¹Bruheus
604 2343 715 2382 causam
737 2326 813 2381 illam
834 2326 993 2381 transcribit
1013 2326 1088 2391 soli,
1117 2328 1146 2382 in
1166 2327 1244 2399 cnjus
1264 2328 1366 2384 ricinia
1385 2327 1428 2383 ait

69 2420 212 2459 connexos
233 2423 295 2460 esse
316 2426 367 2463 ceu
386 2410 457 2473 nodo
472 2410 589 2481 quodam
604 2403 671 2475 (non
686 2423 754 2461 sane
769 2424 909 2477 corporeo,
926 2408 973 2461 sed
988 2407 1173 2478 quantitative
1187 2403 1294 2477 tamen)
1308 2408 1426 2464 omnium

69 2484 191 2556 quinque
217 2486 393 2556 planetarum
414 2488 580 2545 eccentricos
601 2488 735 2552 circulos;
756 2493 840 2559 atque
861 2487 934 2542 hunc
953 2487 1040 2542 veluti
1060 2490 1159 2543 nodum
1179 2506 1236 2543 una
1255 2506 1315 2544 cum
1336 2487 1426 2545 Solari

70 2581 189 2635 corpore
209 2567 284 2622 eirca
304 2569 417 2625 Terram
437 2569 601 2625 immobilem
622 2569 769 2623 circumire.

151 2656 252 2711 Tribus
273 2656 348 2712 hisce
369 2658 542 2730 opinionibus
564 2659 597 2712 de
618 2660 717 2712 mundo
738 2656 855 2728 singulis
885 2657 993 2728 quidem
1022 2657 1177 2712 adhaerent
1205 2657 1264 2712 alia
1293 2660 1426 2714 nonnulla

70 2735 238 2808 singularia,
260 2737 358 2808 quibus
379 2748 409 2796 et
428 2740 495 2812 ipsis
509 2739 564 2793 hae
578 2746 673 2793 sectae
692 2738 913 2808 distinguuntur:
935 2741 983 2792 sed
1005 2737 1056 2792 illa
1069 2738 1231 2811 singulatim
1244 2738 1427 2808 particularia

69 2816 207 2871 facillima
226 2818 335 2872 ratione
356 2819 395 2874 sic
416 2819 555 2876 emendari
576 2826 606 2873 et
625 2818 726 2886 mutari
746 2824 871 2889 possunt,
895 2824 927 2872 ut
947 2819 1025 2889 ipsae
1047 2825 1104 2873 tres
1126 2818 1262 2890 capitales
1283 2820 1426 2890 opiniones

70 2893 177 2968 (quoad
198 2898 392 2955 asmoncmiam
414 2918 463 2955 seu
484 2901 619 2956 coelestes
641 2893 837 2970 apparentiae)
859 2898 886 2952 in
907 2901 1008 2953 effectu
1027 2901 1061 2955 ad
1081 2915 1201 2972 unguem
1221 2898 1430 2972 aequipolleant

69 2985 101 3031 et
121 2977 206 3049 paria
225 2977 339 3035 fatiant

151 3058 245 3113 Meum
261 3057 322 3128 jam
342 3059 500 3116 institutum
520 3061 547 3115 in
569 3061 621 3114 hoc
642 3075 725 3129 opere
746 3058 917 3128 potissimum
938 3059 1045 3131 quidem
1066 3067 1118 3124 est,
1141 3060 1353 3116 astronomicam
1368 3062 1431 3115 doo-

70 3137 176 3192 trinam
197 3133 361 3210 (praecipue
382 3142 415 3195 de
430 3142 554 3196 Martis
575 3135 665 3209 motu)
680 3141 708 3193 in
723 3138 846 3192 omnibus
861 3138 949 3193 tribus
964 3128 1057 3195 formis
1071 3142 1231 3203 emendam
1253 3140 1292 3195 sic
1311 3141 1429 3212 quidem,

71 3225 105 3272 ut
125 3234 199 3290 quae
220 3235 258 3275 ex
279 3221 383 3276 tabulis
404 3229 602 3293 computamus,
624 3236 660 3275 ea
680 3219 846 3274 coelestibus
868 3220 1042 3297 apparentis,
1059 3223 1255 3291 respondeant,
1273 3222 1347 3293 ,quod
1363 3221 1429 3275 hac·

71 3306 157 3353 tenus
177 3316 233 3353 non
252 3300 322 3357 satis
344 3308 420 3357 certo
440 3302 500 3364 deri
520 3302 620 3373 potuit.
656 3300 763 3371 Quippe
778 3301 863 3354 stella
883 3300 1004 3355 Martis
1025 3317 1096 3354 auno
1112 3301 1213 3355 Christi
1232 3301 1316 3356 1608.
1336 3318 1429 3356 mense

69 3382 203 3452 Auguste
224 3381 420 3451 pantominus
441 3376 475 3437 4⁰
500 3387 615 3452 superat
635 3381 712 3434 illum
733 3381 830 3444 locum,
852 3397 931 3451 quem
952 3381 1044 3452 prodit
1064 3382 1186 3435 calculus
1200 3382 1428 3439 Prutenicus.

69 3463 152 3513 Anne
171 3454 256 3516 159³.
270 3477 363 3516 mense
378 3466 507 3534 Augusto
529 3469 559 3517 et
572 3459 728 3532 Septembri
749 3466 814 3515 sunt
833 3461 937 3534 gratim
958 3461 1043 3531 paulo
1064 3461 1152 3516 minus
1166 3461 1184 3516 ὁ
1199 3461 1233 3515 in·
1247 3462 1300 3516 hoc
1321 3479 1427 3517 errore:

70 3538 118 3608 qui
134 3538 197 3611 jara
216 3539 246 3594 in
266 3558 336 3596 novo
356 3558 417 3597 meo
438 3544 546 3598 calculo
566 3543 678 3612 penitus
699 3549 743 3594 est
763 3542 900 3597 sublatus.

152 3629 266 3685 Interim
285 3646 352 3686 vero
373 3634 435 3687 dum
455 3633 509 3687 hoc
528 3639 640 3703 praesto
663 3638 693 3684 et
712 3630 831 3685 feliciter
851 3647 1011 3701 assequor‚·
1027 3647 1144 3685 excurro
1170 3630 1254 3685 etiam
1284 3630 1312 3684 in
1342 3637 1428 3686 meta·

69 3707 219 3779 physicam
231 3709 451 3778 Aristotelis,
473 3730 523 3767 seu
536 3711 629 3783 potius
643 3711 826 3782 physicam
847 3711 1038 3764 coelestem
1053 3716 1084 3764 et
1097 3726 1195 3767 causas
1209 3717 1330 3765 motuum
1345 3718 1427 3766 natu·

71 3789 147 3843 rales
163 3789 282 3861 inquiro:
300 3808 336 3847 ex
351 3808 407 3865 qna
420 3792 638 3848 consideratione
653 3792 762 3846 tandem
777 3809 830 3845 non
845 3793 963 3845 obscura
975 3796 1126 3845 nascuntur
1139 3798 1313 3864 argumenta,
1329 3792 1427 3862 quihus

69 3869 134 3923 sola
154 3869 299 3941 Cepernioi
318 3874 353 3928 de
372 3876 472 3929 mundo
493 3872 586 3945 opinio
607 3868 748 3943 (pauculis
768 3867 898 3941 mutatis)
919 3887 993 3937 vera,
1015 3871 1139 3942 reliquae
1160 3874 1231 3926 duae
1251 3872 1343 3926 falsae
1362 3888 1427 3926 cou-

68 3950 220 4005 vincuutur
239 3948 287 4007 lo.

153 4029 253 4086 Omnia
271 4048 339 4088 rere
359 4033 483 4089 omnibus
503 4034 545 4088 ita
565 4047 700 4097 connexa,
722 4030 846 4102 implexa
864 4038 894 4085 et
907 4031 1047 4102 permixta
1061 4038 1133 4096 sunt,
1155 4038 1186 4086 ut
1201 4031 1317 4086 tentatis
1331 4031 1424 4087 multis
1496 4050 1502 4067 ⁴

70 4108 123 4165 riis
143 4111 247 4181 partim
267 4129 287 4168 a
307 4113 445 4169 veteribus
467 4114 556 4178 tritis,
584 4112 685 4183 partim
707 4114 741 4166 ad
761 4127 855 4166 eorum
876 4112 1055 4166 imitationem
1076 4119 1106 4166 et
1125 4114 1282 4182 exemplum
1303 4112 1424 4176 structis,

69 4190 172 4261 quibes
193 4193 230 4246 ad
251 4195 425 4248 emendatam
439 4195 537 4251 calculi
552 4191 727 4248 ashonomioi
740 4191 874 4247 rationem
888 4193 1068 4263 pervenirem,
1089 4192 1168 4246 nulla
1181 4193 1240 4246 alia
1253 4191 1424 4256 successerit,

70 4287 155 4342 quam
176 4288 247 4344 quae
268 4272 411 4342 ipsissimis
432 4275 522 4330 causis
543 4280 664 4328 motuum
684 4272 814 4344 physicis,
837 4289 905 4343 quas
926 4275 979 4327 hoc
999 4290 1082 4343 opere
1103 4272 1224 4335 stabilio,
1244 4272 1355 4326 insistit.
1385 4330 1391 4341 ,

150 4361 203 4414 Ad
223 4361 395 4435 physicas
415 4381 481 4419 vero
503 4380 600 4418 causas
621 4369 741 4416 monium
762 4362 936 4435 indagandas
949 4363 1052 4433 primus
1067 4364 1171 4434 gradus
1185 4361 1246 4425 fuit,
1268 4366 1300 4414 ut
1314 4361 1424 4413 demon·

68 4446 198 4506 ewen,
221 4458 381 4498 scamnum
402 4443 480 4500 illum
500 4443 717 4499 eccentricorum
736 4460 790 4496 non
821 4442 876 4497 alio
904 4443 964 4497 loco
995 4437 1095 4512 (prope
1117 4437 1222 4510 Solem)
1253 4439 1423 4510 contingere,

69 4536 154 4591 qnam
173 4521 204 4576 in
223 4520 361 4593 ipsissimo
382 4530 477 4580 centro
498 4523 619 4596 corperis
634 4522 748 4588 Solaria,
769 4528 868 4577 contra
888 4537 969 4593 qnam
985 4523 1197 4592 Cepernieus
1218 4526 1248 4575 et
1267 4519 1422 4574 Braheus

149 4683 232 4739 Haeo
250 4699 316 4741 mea
335 4683 468 4741 correctio
489 4684 513 4740 si
526 4684 555 4739 in
568 4681 820 4738 Ptolemaicam
839 4681 993 4752 opinionem
1013 4680 1210 4745 introducatur,
1228 4678 1341 4749 jubebit
1354 4679 1421 4733 Pto·

68 4760 206 4821 lemn·
226 4763 399 4839 tornagus
418 4773 521 4822 motum
541 4783 596 4820 non
617 4762 704 4819 centri
726 4761 851 4834 epioyeli,
873 4763 947 4818 circa
962 4765 1033 4835 quod
1047 4762 1186 4835 epicyolus
1201 4760 1303 4815 incedit
1316 4774 1420 4831 aequa·

71 4841 143 4912 liter,
164 4844 215 4900 sed
234 4846 332 4917 puncti
353 4836 481 4920 alicujus,
503 4847 574 4918 quod
595 4844 622 4900 in
642 4841 820 4914 proportione
840 4841 968 4901 diametri
986 4848 1096 4900 tantum
1116 4843 1199 4898 abest
1212 4857 1232 4898 a
1244 4847 1339 4897 cenae
1359 4839 1418 4907 illc,

743 4930 744 4935 ’
1153 4931 1207 4988 10·
