3368 5534
583 330 615 385 ds
631 324 822 389 murnum
839 334 871 389 de
887 342 957 387 ιιιιιι
973 330 1175 399 nebu-Mutis.
1508 328 1551 397 57

197 516 282 571 estur
304 506 388 571 eninr
409 507 441 570 in
464 507 649 589 longitndine
672 513 803 576 eecentri
825 510 887 578 45⁰
909 521 942 575 et
963 509 1023 577 135
1031 507 1052 586 ⁰,
1075 511 1105 574 in
1129 509 1307 593 aequatione
1331 508 1462 572 eccentri
1486 509 1550 572 oir-

196 599 273 660 citer
295 594 330 660 8‘
353 597 444 669 ultro,
457 598 600 680 citroque.
645 600 733 665 Unde
754 601 951 683 intelligitur,
984 603 1153 666 naturalem
1183 598 1363 682 hypothesin
1386 617 1445 660 non
1469 617 1550 660 esse.

195 686 367 749 Elicinntur
389 693 492 749 autem
505 689 702 769 aequationes
724 692 854 757 eccentri
876 693 1008 754 veriores
1023 710 1077 771 per
1099 691 1188 759 aliam
1205 690 1335 770 aliquam
1358 687 1549 770 hypothesin,

196 776 282 855 cnjus
305 776 518 839 ecceuuicites
541 780 697 858 sequentis
724 777 840 861 18564,
865 780 1025 843 eceentrici
1050 776 1166 843 11332.
1213 776 1276 841 Sed
1299 797 1353 839 nec
1376 777 1452 838 haec
1475 795 1549 839 vera

198 874 256 937 est,
280 863 531 945 quiadistantiae
554 867 797 934 efficitvitiosas
834 870 927 932 Potes
942 877 1043 931 tamen
1059 889 1096 931 ex
1111 869 1169 930 hac
1187 864 1382 948 aequationes
1406 864 1550 940 ecoentri,

197 973 234 1015 ex
257 951 314 1016 illa
337 952 501 1017 distantias
523 965 706 1037 computare.
738 959 932 1040 Lougitudini
955 958 1103 1020 mediae
1095 978 1124 1020 ιιι
1148 956 1195 1018 his
1219 952 1345 1018 addol‘
1368 954 1435 1035 plus
1461 972 1551 1034 quam

197 1041 323 1124 Tysbn;
345 1041 466 1121 igitur
457 1064 489 1106 ιιι
513 1046 637 1110 meridie
660 1057 804 1129 sequente
832 1047 973 1167 completi
995 1048 1064 1109 anui
1092 1043 1196 1111 1592.
1211 1045 1323 1109 esti·-
1345 1038 1385 1108 5⁰
1406 1039 1460 1105 55¹
1489 1038 1550 1106 16¹¹

200 1153 219 1194 a
239 1148 316 1193 veru
340 1131 541 1234 aequinoctio.

285 1219 388 1282 Hoc
374 1238 441 1300 Jsm
463 1240 548 1302 opus,
572 1222 621 1285 bic
635 1222 720 1286 labor
743 1225 809 1302 fuit,
834 1225 975 1289 reducere
998 1226 1073 1287 duas
1088 1224 1183 1287 falsas
1206 1219 1424 1303 hypotheses
1415 1241 1446 1282 m
1462 1238 1552 1284 unam

198 1327 312 1384 veram,
338 1308 391 1371 nbi
412 1312 490 1373 verti
512 1331 565 1374 nse
582 1312 620 1373 in·
635 1312 866 1384 milleformes,
898 1324 1021 1394 quarum
1052 1313 1170 1395 aliquae
1193 1312 1271 1374 sorte
1294 1309 1324 1371 in
1347 1308 1551 1390 superioribus

199 1397 375 1480 perscripsi.
415 1399 482 1462 Nec
505 1401 594 1463 aliter
615 1401 680 1463 fieri
701 1404 811 1483 potuit,
829 1404 893 1465 nlsi
917 1403 1102 1467 naturallbus
1125 1401 1224 1465 causis
1248 1399 1449 1480 investigatis,
1474 1418 1551 1479 quse

199 1495 272 1551 sunt
292 1486 487 1567 hujusmodi:
514 1488 595 1552 Solis
619 1509 726 1571 corpus
750 1503 798 1555 est
823 1493 1008 1557 circulariter
1034 1491 1236 1572 magnetionm
1258 1495 1291 1550 et
1313 1487 1497 1549 eonvertitur
1520 1488 1550 1549 in

200 1596 253 1639 suo
277 1576 396 1656 spatio,
420 1579 606 1642 tramlerens
629 1581 732 1643 orbem
763 1582 883 1644 virtutis
906 1602 999 1656 suae,
1034 1600 1109 1663 qnae
1132 1599 1191 1643 non
1215 1585 1264 1641 eet
1295 1575 1476 1639 attractaria
1498 1575 1553 1637 sed

199 1664 397 1747 promotoria.
435 1668 778 1750 Planetarum'corpora
800 1679 906 1733 oontm
929 1671 1054 1754 seipsis
1077 1676 1151 1750 apta
1173 1676 1245 1731 sunt
1267 1666 1306 1728 ad
1329 1666 1551 1747 quiescendum,

201 1755 433 1836 inquoounque
456 1756 557 1820 mundi
579 1757 644 1819 loco
668 1760 862 1822 collocantur.
898 1762 1007 1842 Itaque
1031 1767 1065 1821 nt
1083 1759 1188 1822 aSole
1212 1764 1396 1830 moveantur,
1420 1762 1549 1816 conten-

199 1845 282 1906 tione
305 1862 385 1925 opus
407 1852 466 1922 est,
489 1845 558 1908 inde
581 1847 615 1908 tt
638 1855 672 1909 ut
694 1848 801 1910 remoti
825 1869 845 1910 a
859 1848 931 1912 Sole
954 1848 1064 1911 lentius
1087 1847 1258 1921 incitentur,
1282 1842 1439 1926 propinqui
1462 1844 1552 1905 velo-

200 1933 276 2005 cius,
299 1933 381 2013 quod
399 1942 457 2007 eet,
475 1936 673 1999 eccentrioum
691 1956 781 2018 super
794 1947 897 2001 centro
910 1937 1115 2020 aequalitatis
1139 1934 1251 2000 moveri
1274 1934 1449 2015 aequaliter.
1481 1931 1553 1994 Jam

201 2022 332 2104 quilibet
360 2023 468 2102 globus
496 2024 686 2105 planetarum
721 2046 838 2090 rursum
874 2029 1055 2091 statuendus
1088 2035 1137 2088 est
1166 2020 1352 2106 magneticus
1383 2022 1431 2084 vel
1465 2021 1552 2102 quasi
1649 2090 1653 2099 ,

202 2110 447 2187 (similitudinem
480 2113 558 2175 enirn
590 2115 677 2189 volo,
711 2135 769 2179 non
801 2118 997 2197 pertinaciter
1019 2134 1082 2178 rem
1109 2115 1220 2196 ipsam)
1253 2121 1285 2175 et
1318 2111 1437 2193 quidem
1468 2110 1552 2172 lines

201 2200 327 2263 virtutis
349 2209 399 2264 est
420 2209 525 2278 recta,
548 2203 623 2266 dnos
645 2203 760 2268 habens
784 2207 889 2286 polos,
922 2207 1050 2268 altemm
1078 2205 1241 2284 fugientem
1264 2222 1284 2264 a
1307 2199 1398 2276 Sole,
1422 2200 1552 2262 alterum

202 2298 390 2373 sequentem.
434 2291 494 2355 Hic
526 2293 592 2354 exis
623 2292 652 2354 vi
684 2295 807 2357 animali
839 2295 971 2357 tenditur
998 2295 1028 2356 in
1058 2304 1161 2374 partes
1193 2290 1294 2354 mnndi
1324 2290 1446 2353 eaedem
1476 2286 1551 2351 lere.

202 2378 324 2461 Raptus
340 2379 433 2459 igitur
450 2381 575 2460 planeta
592 2402 612 2443 a
629 2381 700 2444 Sole
717 2383 781 2463 jam
796 2385 929 2465 fugiente
947 2384 1016 2466 polo
1034 2383 1201 2445 obvertitur
1214 2381 1288 2456 Soli,
1308 2379 1374 2460 jam
1387 2385 1551 2460 sequente:
1584 2414 1590 2445 ·.

204 2466 249 2530 ita
270 2468 306 2530 ut
330 2487 472 2532 secessus
490 2479 529 2532 et
555 2490 692 2535 recessus
724 2472 775 2534 ille
809 2474 998 2547 libratorins3
1031 2492 1086 2535 nee
1116 2472 1207 2534 aliurn
1238 2469 1327 2549 hujus
1357 2468 1399 2531 rei
1433 2467 1553 2531 modum

205 2558 375 2638 confingere
398 2558 492 2639 potui.
538 2558 616 2622 Nam
640 2568 672 2622 et
693 2561 811 2642 fugiens
833 2572 864 2625 et
887 2562 1129 2643 appropinquans
1157 2559 1233 2624 tacit
1259 2560 1316 2621 hoc
1339 2557 1378 2620 sd
1401 2557 1552 2619 modulum

204 2646 325 2727 anguli,
356 2666 443 2727 quem
475 2648 555 2711 linea
581 2668 619 2710 ex
641 2648 713 2713 Sole
744 2669 798 2731 per
827 2660 962 2715 centrum
992 2651 1126 2731 eorporis
1157 2648 1251 2712 efficit
1277 2666 1344 2710 cum
1367 2665 1440 2723 axe,
1464 2645 1553 2726 idque

204 2736 317 2799 ceteris
345 2736 480 2816 paribus.
526 2740 627 2819 Atque
651 2740 706 2801 hoc
730 2749 793 2816 est,
818 2742 897 2822 quod
919 2741 1003 2823 prius
1026 2741 1055 2801 in
1086 2738 1268 2819 geometrica
1296 2735 1456 2819 hypothesi
1479 2734 1552 2810 dixi,

204 2824 317 2907 testari
336 2824 581 2902 observationes,¹
598 2828 751 2908 planetam
766 2830 878 2905 librari,
903 2831 958 2892 hoc
972 2839 1020 2892 est
1034 2829 1115 2892 circa
1133 2829 1255 2909 apsidas
1274 2826 1399 2908 epioynli
1424 2824 1551 2899 tardum,

204 2914 366 2977 inmediis
399 2915 474 2978 locis
507 2916 640 2979 velocem
662 2917 693 2979 in
716 2918 774 2980 hac
807 2939 861 2982 sna
891 2919 1049 2982 libratione
1079 2919 1160 2994 lieri3
1192 2935 1258 2979 curn
1287 2913 1441 2978 tamenin
1464 2921 1553 2994 raptu

202 3004 285 3067 circa
306 3002 411 3067 Solem
435 3005 529 3068 semel
551 3014 668 3068 tantum
692 3008 745 3069 liat
776 3008 965 3071 tardissimus
994 3009 1025 3070 in
1056 3008 1189 3089 aphelio,
1220 3006 1313 3068 semel
1344 3002 1553 3066 velocissimus

203 3095 232 3155 in
246 3093 407 3174 perihelio.
444 3094 568 3157 Interim
591 3113 662 3158 vcro
677 3097 845 3160 librationis
869 3097 1091 3160 semidiameter
1113 3096 1249 3178 superior
1272 3091 1398 3174 longiori
1417 3101 1551 3173 tempore

201 3182 368 3263 perficitur,
392 3202 482 3264 quarn
504 3185 639 3264 aequalis
663 3185 882 3250 semidiameter
901 3188 1040 3262 inferior;
1065 3187 1134 3268 quia
1147 3186 1243 3248 virtus
1266 3183 1436 3263 magnetica
1458 3181 1553 3262 ipsius

201 3272 297 3334 etiam
321 3272 465 3353 planetae
495 3274 648 3336 remissius
681 3275 762 3355 agit,
794 3295 860 3339 rum
882 3277 970 3355 longe
1001 3276 1098 3338 distat
1120 3296 1139 3337 a
1161 3275 1253 3349 Sole;
1284 3274 1374 3356 plane
1397 3280 1431 3334 ut
1453 3271 1554 3333 solent

202 3372 376 3442 magnetes.
422 3366 524 3442 Atque
553 3363 611 3425 hoc
633 3365 759 3440 estid,
793 3365 871 3446 quod
893 3366 975 3446 prius
1005 3367 1035 3427 iu
1069 3364 1252 3446 geometrica
1288 3361 1449 3445 hypothesi
1481 3358 1553 3431 dixi,

202 3450 375 3533 epicyolum
398 3451 444 3524 (in
467 3452 550 3531 cujus
583 3452 729 3517 diametro
757 3455 878 3536 lingitur
908 3455 971 3517 fieri
998 3455 1135 3529 libratio)
1168 3454 1280 3515 moveri
1310 3451 1391 3514 circa
1420 3456 1554 3512 centrum

202 3558 291 3602 sunm
314 3540 533 3620 inaequaliter,
549 3542 671 3609 ‚eadem
698 3543 816 3606 scilicet
843 3544 1075 3626 inaequalitate,
1110 3563 1168 3625 qua
1192 3543 1287 3624 ipsum
1317 3548 1450 3603 eentmm
1472 3540 1553 3601 circa

201 3627 320 3704 sotem,
344 3628 606 3693 observationibus
629 3631 659 3694 id
681 3633 875 3697 testantibus.

292 3720 343 3781 Ar
364 3737 425 3782 non
451 3727 519 3782 erat
551 3719 642 3796 satis,
675 3722 894 3827 imaginatione
912 3721 1095 3785 constituere
1117 3739 1219 3783 veram
1250 3716 1450 3802 hypothesin,
1483 3714 1552 3797 quin

202 3807 300 3870 etiam
324 3807 365 3869 sd
394 3808 529 3871 calculos
548 3810 650 3873 vocari
672 3812 785 3877 debuit.
832 3810 894 3875 Ο
885 3829 1044 3875 immanem
1068 3819 1099 3873 et
1120 3806 1381 3891 perplexissimum
1404 3805 1552 3868 laboremi

199 3897 273 3960 Vici
295 3905 403 3959 tamen
425 3916 478 3978 per
499 3899 558 3960 Dei
581 3900 725 3987 gratiam,
756 3910 788 3964 et
810 3911 900 3983 puto,
924 3911 955 3964 te
978 3900 1051 3963 mihi

198 4002 416 4049 mneessumm
447 3986 602 4063 sulficere,
634 4000 669 4053 ut
697 4011 734 4053 ex
765 3992 861 4054 tribus
892 3991 1049 4054 anomaliis

197 4074 825 4161 Dos,1)s1r‚usr3quecunque,modo
849 4075 1047 4164 aliquadata‘,
1148 4138 1152 4162 ,

197 4165 339 4246 reliquae
370 4164 546 4247 investigari
575 4170 702 4249 possint.
748 4172 828 4234 Nam
856 4171 950 4233 semel
973 4189 1047 4231 con·
1128 4203 1129 4206 κ

196 4260 322 4319 mota
357 4255 464 4316 tabula
503 4257 712 4338 aequationum
753 4260 902 4345 eccentri,
940 4266 1049 4338 postes
1184 4291 1186 4312 ι

196 4362 322 4406 rursum
352 4361 547 4427 prensumque
573 4355 622 4408 est
649 4349 742 4412 utilis
794 4334 857 4414 Sit
876 4367 946 4428 ergo
975 4348 1048 4409 data
1134 4337 1138 4366 ²

196 4432 285 4495 DBE
314 4433 468 4495 anomalia
482 4437 625 4498 ‚eccentri
648 4434 718 4503 90⁰
763 4439 805 4502 Et
832 4439 886 4500 liat
909 4447 942 4500 ut
964 4438 1047 4499 sinus

196 4532 285 4585 totus
308 4522 397 4585 ad
370 4542 471 4585 sunum
492 4525 593 4628 anguli
616 4528 660 4603 sio
686 4528 895 4592 eoeentricitas
917 4537 984 4590 tota
1006 4525 1046 4587 ad

197 4620 359 4718 quartum,
384 4612 435 4715 qpi
457 4613 546 4676 erit
537 4634 568 4675 m
590 4615 647 4679 hoo
669 4635 740 4682 casu
773 4618 907 4699 aequalis
938 4635 1046 4678 eccen-

147 4728 161 4753 ·
196 4702 330 4767 masau
353 4701 413 4764 toti
435 4721 479 4765 sc.
504 4699 609 4769 9300.-
645 4707 714 4788 Itaq
716 4728 752 4770 ue
780 4708 817 4770 de
851 4706 1046 4774 distantia&

196 4812 218 4855 s
240 4789 284 4871 Θ
309 4791 444 4855 maxima
477 4787 606 4857 109300
637 4725 739 4859 auieqro
771 4797 849 4860 hene
881 4795 1051 4878 portionem,

197 4881 356 4947 inventam
380 4876 480 4961 3300,
503 4890 602 4947 restet
625 4882 763 4952 100000
808 4885 868 4950 Ριο
887 4904 923 4949 eo
946 4883 1046 4966 igitur,

1239 3969 1293 4036 ng.
1315 3967 1356 4018 12.
