3368 5534
164 304 207 376 42
578 307 681 361 lituae
699 304 801 375 Ksplsri
818 307 970 376 aliorumque
987 314 1089 361 utare

162 488 239 551 baec
261 494 345 549 sunt:
368 488 465 569 primo
488 494 552 549 tres
575 485 752 549 latitudines
774 486 916 567 planetae
939 494 1079 548 accurate
1103 485 1300 561 observatae,
1414 495 1467 552 sat
1483 488 1515 552 in

163 595 236 639 vera
258 575 447 657 oppositione
470 594 538 638 curn
560 574 650 651 Sole;
679 595 747 639 cum
769 574 875 656 quibus
899 576 1091 638 innotescunt
1112 576 1203 638 etiam
1227 576 1295 639 loca
1316 577 1515 656 longitudinis

163 665 324 747 angelique
346 665 506 746 interjecti.
550 664 667 726 Deinde
697 684 772 745 opus
800 672 909 727 estut
936 663 1066 727 sciamus
1094 664 1162 726 loca
1187 664 1333 729 nodorum
1340 686 1350 743 3
1379 685 1417 728 ea
1445 684 1516 729 roro

163 753 294 836 simplici
317 753 529 816 observatione
558 761 734 834 patescunt:
765 773 835 816 nam
863 773 930 816 cum
958 754 1082 834 planeta
1109 762 1157 815 est
1184 754 1214 816 in
1242 755 1403 836 ecliptica,
1432 755 1516 818 nulla

162 843 329 925 parallaxis
357 843 432 918 (nisi
460 862 511 917 ea,
539 862 627 925 quam
654 843 747 905 habet
776 861 961 905 communem
991 862 1056 904 cum
1087 842 1297 918 luminaribus)
1326 844 1413 907 illum
1442 844 1515 906 alubi

73 962 76 969 ·
165 932 240 995 lacit
261 950 416 1013 apparere,
440 951 528 1014 quam
550 932 581 993 in
605 932 754 1013 ecliptica.
801 932 953 1004 Quorsum
982 950 1053 994 vero
1083 932 1175 993 cadat
1203 931 1284 994 linea
1305 951 1344 994 ex
1366 932 1441 996 Sole
1462 952 1516 1015 per

163 1023 317 1104 planetam
339 1014 448 1103 ejecta,
472 1040 509 1083 ex
522 1020 665 1083 mediocri
685 1031 717 1083 et
738 1021 921 1084 inartificiali
943 1020 1155 1102 aequationnm
1178 1028 1210 1082 et
1231 1021 1345 1102 aphelii
1366 1040 1516 1104 praecog-

163 1110 278 1173 nitione
301 1111 492 1173 mediocriter
513 1110 604 1173 ctiam
626 1111 775 1192 praesciri
797 1118 907 1191 potest.
954 1110 1057 1173 Tertio
1087 1129 1162 1191 opus
1191 1119 1240 1172 est
1268 1110 1357 1173 nobis
1387 1110 1517 1173 scientia

163 1200 367 1263 inclinationis
390 1200 537 1263 maximae
559 1200 727 1280 planorum,
751 1218 840 1281 quam
863 1198 907 1261 sic
930 1199 1163 1280 investigamus:
1194 1218 1261 1262 cum
1283 1200 1372 1262 abest
1394 1200 1517 1281 planeta

163 1288 331 1371 aequaliter
353 1310 372 1350 a
393 1291 489 1352 Terra
520 1296 552 1350 et
582 1309 602 1350 a
625 1289 713 1363 Sole,
742 1290 847 1350 eadem
875 1295 924 1349 est
950 1287 1105 1351 inclinatio
1134 1288 1199 1369 ejus
1222 1298 1254 1350 et
1276 1289 1408 1351 latitudo
1439 1289 1515 1352 vira

163 1379 208 1440 At
230 1377 311 1440 circa
332 1385 457 1442 exortus
479 1377 669 1458 vespertinos
692 1385 724 1439 et
738 1377 956 1451 occultationes
970 1378 1144 1451 matutinas,
1167 1377 1269 1458 potius
1285 1377 1366 1440 circa
1382 1378 1515 1460 quadra-

163 1474 258 1541 turas,
274 1487 339 1529 cnm
355 1468 482 1547 angulus
497 1486 588 1529 verae
604 1465 846 1529 commutationis
859 1466 1001 1546 planetae
1011 1475 1158 1548 aequatur
1166 1467 1277 1546 angulo
1285 1466 1336 1528 vel
1350 1467 1517 1529 dismtiae

165 1557 304 1618 circulari
319 1556 402 1620 Solis
425 1564 457 1618 et
478 1556 629 1637 planetae,
654 1563 725 1618 sunt
741 1555 833 1617 etiam
855 1555 997 1637 aequales
1019 1556 1194 1617 rectilineae
1215 1556 1381 1619 distantiae
1404 1557 1513 1618 dictae.

164 1647 247 1708 Tunc
270 1664 342 1727 ergo
364 1646 506 1727 planetae
529 1644 659 1708 latitudo
689 1646 865 1707 observetur
892 1653 924 1705 et
953 1645 1153 1725 constituatur
1184 1664 1222 1706 er
1250 1645 1395 1708 mediocri
1421 1662 1514 1728 prae·

169 1734 339 1815 cognitione
362 1733 515 1797 theoricae
537 1735 689 1816 planetae,
712 1754 769 1816 quo
793 1735 861 1796 loco
883 1733 1030 1815 impingat
1051 1734 1132 1797 linea
1154 1753 1192 1795 ex
1206 1734 1278 1797 Sole
1296 1752 1351 1816 per
1364 1735 1517 1815 planetam

166 1824 241 1898 iens,
265 1824 404 1906 factaque
428 1825 650 1906 comparatione
675 1824 757 1885 visae
782 1822 950 1885 latitudinis
974 1828 1064 1904 (quae
1088 1832 1136 1885 est
1151 1824 1243 1886 etiam
1258 1842 1331 1886 vera
1346 1824 1518 1895 inclinatio)

166 1914 205 1977 ad
228 1913 406 1976 distantiam
430 1935 449 1976 a
470 1914 567 1988 nodo,
597 1914 627 1974 in
657 1912 808 1993 triangulo
839 1912 994 1993 sphaerico
1018 1914 1185 1995 inquiratur
1208 1913 1364 1975 inclinatio
1386 1915 1517 1976 maxima

164 2002 300 2065 limitum.
347 2004 432 2066 Tunc
455 2021 527 2084 ergo
550 1996 675 2065 scibitur
698 2001 851 2065 inclinatio
874 2001 1015 2081 planetae
1031 2003 1070 2063 ad
1089 2021 1291 2084 quemcunque
1310 2002 1402 2064 situm
1424 2003 1517 2084 ἅιρο-

163 2114 272 2175 meos,
302 2093 424 2157 videtur
445 2111 516 2154 vero
540 2091 686 2166 latitudo;
717 2097 906 2171 comparetur
934 2109 1005 2171 ergo
1035 2092 1103 2153 visa
1125 2091 1253 2153 latitudo
1276 2108 1344 2153 cum
1366 2092 1518 2154 calculata

165 2181 360 2244 inclinatione
383 2189 415 2243 et
436 2183 566 2261 fingatur
588 2182 705 2242 interea
725 2182 850 2261 planeta
864 2181 1075 2261 aequalissimc
1094 2181 1174 2244 circa
1188 2179 1292 2243 Solem
1308 2181 1363 2256 ire,
1385 2181 1440 2243 liet
1460 2181 1518 2242 boc

163 2278 265 2353 pacto,
289 2280 323 2333 ut
343 2271 492 2353 prodeant
513 2278 577 2331 tres
608 2270 770 2332 distantiae
793 2271 905 2332 Terrae
929 2291 948 2331 a
971 2270 1053 2331 Sole.
1098 2270 1147 2331 Ex
1175 2269 1224 2331 bis
1251 2269 1349 2331 tribus
1378 2269 1519 2331 eliciatur

166 2360 320 2441 quantitas
343 2359 448 2433 orbis,¹
468 2359 620 2439 aphelium
650 2368 682 2420 et
703 2359 913 2420 eccentricitas
936 2358 1018 2433 viae,
1046 2367 1203 2439 utsupra.
1249 2358 1319 2421 Erit
1346 2359 1406 2420 boc
1426 2368 1517 2440 pacto

164 2448 374 2512 eccenuicitas
396 2448 536 2528 planetae
561 2467 626 2509 cum
645 2448 869 2510 eccentricitate
885 2449 997 2508 Terrae
1014 2449 1044 2509 in
1062 2465 1247 2510 communem
1261 2448 1517 2510 ecceutricitatem

165 2539 300 2612 confusa,
324 2544 356 2597 et
377 2536 531 2617 utriusque
556 2536 708 2617 aphelium
730 2537 760 2598 in
784 2537 863 2598 idem
886 2535 1036 2617 aphelium
1065 2555 1219 2598 commune
1247 2538 1315 2599 loco
1338 2537 1517 2599 intermedio

165 2627 329 2688 confusum.
375 2626 417 2687 Et
438 2625 577 2687 mirabile
595 2625 687 2698 dictu,
712 2626 741 2686 in
760 2626 818 2686 bac
833 2625 956 2705 majoris
971 2626 1074 2687 circuli
1093 2625 1328 2687 eccentricitatis
1346 2626 1377 2688 in
1392 2627 1517 2688 minoris

166 2715 422 2779 eccentricitatem
446 2714 609 2790 inlusione,
642 2715 721 2795 quod
752 2714 867 2794 prodit,
900 2715 1029 2776 circulus
1053 2722 1162 2775 manet.
1207 2715 1516 2787 Demonstrationem‚

166 2804 267 2867 nescio
282 2804 430 2884 quomodo
444 2804 507 2878 flat,
523 2811 558 2865 ut
572 2803 672 2866 animo
690 2804 818 2879 videam,
836 2803 936 2864 verbis
952 2803 1051 2885 eloqui
1066 2803 1196 2865 nondum
1211 2803 1370 2883 potuerim.
1405 2803 1518 2885 Cogita

164 2896 239 2976 ipse.
286 2892 463 2955 Machanice
482 2913 598 2974 quoquc
621 2903 735 2954 certam
758 2893 846 2955 fidem
869 2893 936 2954 feci.
982 2894 1031 2955 Er
1053 2892 1110 2954 bac
1133 2893 1318 2966 confusione,
1336 2893 1402 2973 jam
1418 2893 1517 2955 admi-

165 2982 317 3046 niculante
340 2981 509 3062 cognitione
533 2982 660 3062 apogaei
684 2982 782 3056 Solis,
815 2982 991 3043 extricanda
1022 2990 1070 3043 est
1098 2981 1252 3063 utriusque
1274 2982 1384 3044 sideris
1407 3001 1517 3044 eccen-

166 3072 283 3135 tricitas
310 3071 393 3146 vise,
426 3071 505 3152 quod
534 3079 630 3134 totum
659 3072 812 3151 negotium
841 3072 1038 3152 problematis
1061 3072 1176 3154 aliquot
1205 3071 1349 3153 explicui,
1379 3072 1434 3133 sed
1453 3072 1518 3152 jam

165 3161 280 3225 chartis
302 3160 379 3222 meis
401 3160 558 3223 destituor.
604 3161 811 3224 Pulcherrima
834 3170 882 3225 est
905 3162 1087 3242 speculatio:
1119 3161 1172 3223 sed
1203 3160 1394 3224 latitudinum
1415 3160 1518 3241 anguli

165 3251 266 3334 parvi,
303 3268 386 3312 error
418 3250 638 3314 observationis
676 3251 764 3312 valde
801 3250 971 3326 sensibilis,
1008 3252 1109 3332 itaque
1138 3250 1326 3331 probationis
1365 3251 1432 3313 loco
1458 3260 1518 3325 est,

166 3359 224 3403 uon
252 3339 463 3420 inquisitionis.

254 3430 340 3501 Quae
363 3438 463 3490 autam
485 3428 549 3491 dixi
572 3429 609 3489 de
631 3428 774 3491 mediocri
796 3428 1042 3509 praecognitione
1065 3428 1201 3490 theoriae
1223 3428 1375 3508 planctae,
1399 3429 1445 3490 sic
1466 3429 1517 3490 in·

165 3519 358 3599 redigantur,
386 3518 468 3599 quod
500 3519 578 3580 sicut
605 3518 634 3578 in
663 3518 781 3579 theoria
810 3519 893 3580 Solis
921 3518 984 3591 (vel
1013 3520 1140 3591 Terrae)
1168 3518 1212 3578 ita
1240 3518 1455 3599 propemodum
1486 3517 1517 3580 in

166 3607 303 3670 omnibns
324 3607 457 3687 planetis
479 3608 674 3690 aequationes
697 3607 827 3670 eccentri
851 3607 922 3669 sciri
943 3615 1072 3687 possunt
1094 3607 1193 3679 (solas
1216 3624 1342 3689 namque
1368 3607 1427 3669 bas
1444 3616 1517 3689 peto

166 3706 199 3759 ut
220 3700 540 3777 praecognoscuntur),
571 3696 630 3758 etsi
657 3696 816 3759 verissima
837 3696 992 3777 proportio
1015 3697 1147 3776 partium
1169 3696 1403 3760 eccentricitatia
1426 3697 1517 3776 igno-

165 3794 258 3848 retur.
305 3785 384 3846 Nam
407 3804 491 3846 error
513 3803 551 3846 ex
574 3786 684 3847 vitiosa
706 3787 900 3866 proportione
924 3786 981 3846 hac
1003 3786 1145 3866 prodiens
1169 3786 1198 3847 in
1218 3784 1290 3849 Sole
1313 3785 1433 3867 quidem
1456 3806 1517 3849 non

169 3883 218 3937 est
239 3874 335 3953 major
362 3874 389 3936 l‘
416 3871 477 3937 10”
500 3893 566 3936 cum
588 3882 637 3935 est
659 3875 807 3936 maximus
831 3875 861 3935 in
883 3893 981 3936 enom.
1010 3872 1098 3938 135⁰.
1144 3876 1186 3937 Et
1208 3875 1257 3936 bic
1288 3874 1408 3957 quidem
1433 3894 1518 3937 error

166 3972 270 4027 tantus
294 3971 351 4039 est,
376 3964 504 4044 quando,
527 3982 604 4045 quae
627 3983 664 4025 ex
683 3964 798 4025 duabus
817 3963 955 4044 partibus
969 3965 1145 4045 aequalibus
1161 3964 1328 4045 composita
1340 3972 1390 4026 est
1406 3982 1517 4026 eccen-

167 4054 303 4128 tricitas,
337 4071 403 4114 eam
433 4071 500 4114 cum
529 4053 680 4133 prioribus
709 4054 890 4114 astronomis
920 4062 955 4115 ut
977 4053 1142 4134 simplicem
1171 4054 1375 4133 imaginamur.
1422 4055 1468 4116 At
1490 4054 1517 4114 si

166 4144 363 4226 compositam
386 4150 418 4203 et
439 4160 494 4204 nos
517 4143 664 4204 iaciamus
687 4162 725 4204 ex
742 4142 879 4222 partibus
893 4143 1047 4221 genuinis,
1072 4143 1217 4206 iaciamus
1236 4142 1308 4204 item
1325 4142 1518 4223 expertibus

166 4254 225 4298 non
249 4231 401 4314 genuinis,
434 4232 629 4312 aequatioues
652 4233 790 4313 utrinqne
814 4239 985 4295 exstructae
1007 4235 1102 4296 multo
1125 4233 1222 4295 adbuc
1245 4233 1341 4295 minus
1363 4232 1517 4305 differunt,

167 4323 326 4386 dummodo
350 4339 465 4383 summa
482 4322 611 4401 partium
628 4323 733 4384 eadem
749 4322 886 4404 utrinque
901 4332 1039 4385 maneat:
1064 4322 1141 4386 adeo
1156 4323 1285 4404 quidem,
1308 4330 1343 4385 ut
1359 4322 1389 4385 iu
1403 4324 1516 4395 Marte,

167 4414 252 4493 cujus
276 4420 324 4473 est
346 4410 486 4492 aequatio
509 4412 650 4484 maxima,
674 4408 906 4493 stratusque
930 4413 958 4473 in
981 4411 1043 4476 ¹20
1059 4414 1192 4477 varietur
1214 4410 1424 4475 eccentricitas
1447 4412 1516 4473 viae

167 4503 213 4575 (in
237 4521 273 4564 es
296 4500 490 4574 dimensione,
514 4509 617 4562 otest
640 4501 742 4562 radius
768 4498 876 4575 1000),
901 4502 1095 4582 aequatioues
1121 4522 1179 4564 non
1201 4502 1358 4564 turbentur
1379 4502 1449 4583 plus
1472 4500 1514 4565 3‘.

168 4592 281 4653 Vemm
310 4600 344 4653 ut
373 4599 404 4651 et
434 4589 491 4651 boc
520 4590 644 4663 addam,
677 4589 760 4669 ipsas
791 4591 986 4671 aequationes
1013 4593 1141 4653 eccentri
1175 4593 1239 4654 sine
1267 4593 1515 4673 praecognitione

168 4679 363 4760 longitudinis
387 4679 504 4741 mediae
528 4679 557 4740 in
581 4679 657 4740 hunc
680 4680 800 4740 modum
824 4680 972 4759 investigo
987 4681 1182 4760 problemate,
1206 4682 1284 4762 quod
1300 4683 1515 4744 necessitatem

168 4768 259 4831 infert
287 4779 318 4831 et
346 4777 447 4831 umen
475 4785 571 4851 neqpe
601 4786 655 4848 per
683 4769 881 4848 geometricas
909 4770 1183 4832 demonstrationes
1212 4788 1308 4851 neque
1337 4789 1393 4851 per
1422 4771 1515 4833 latius

166 4864 321 4943 patentem
347 4876 468 4923 cossam
497 4857 643 4939 explicari
670 4877 690 4920 a
718 4876 767 4921 me
793 4857 939 4922 bartam
966 4858 1074 4941 potuit.
1120 4858 1273 4921 Laboravi
1295 4866 1437 4945 tanquam
1458 4878 1517 4945 per
