3368 5534
279 305 344 388 100
698 305 799 356 thsrae
816 301 918 369 Keplerl
940 299 1090 367 aliorumque
1107 302 1210 351 mutans

278 487 414 568 aequalis
438 492 538 547 motus
560 481 698 556 invicem,
722 481 769 563 qui
793 480 822 543 in
846 499 879 543 se
899 488 947 542 est
968 477 1145 559 inaequalis.
1181 478 1264 539 Tunc
1284 477 1393 558 juncta
1410 478 1446 551 F,
1466 475 1497 542 A
1520 475 1635 540 lineam

283 577 397 640 faciunt
420 583 482 637 tarn
507 574 638 652 longam,
662 591 750 651 quam
774 569 800 632 si
824 589 861 632 ex
884 567 910 633 O
934 569 1119 631 eccentricus
1146 568 1299 651 perlectus
1328 566 1517 630 describatur
1545 566 1634 630 radio

278 666 347 740 ΛΕ,
372 664 516 727 transibit
539 663 617 724 enlm
639 680 694 741 per
715 664 750 723 F.

367 755 468 833 Atque
491 753 566 813 haec
589 749 764 832 hypothesis
789 749 868 810 falsa
891 755 949 819 est,
972 745 1050 826 quod
1074 740 1269 808 ann01602.
1294 743 1412 807 rescivi.
1450 740 1506 808 Sin
1531 750 1635 804 autem

279 843 419 907 manente
436 839 581 920 Cpuncto
597 838 789 920 aequalitatis
804 837 896 917 ipsius
912 835 1029 897 Dlinea
1045 831 1132 896 ADO
1147 834 1231 896 lieret
1246 835 1326 896 linea
1340 834 1479 914 apsidum
1494 850 1637 894 verarum

280 931 406 1014 epicycli
430 938 462 991 et
484 928 511 991 0
535 947 607 990 vera
631 928 712 1008 apsis
736 926 875 1008 epicycli,
904 925 947 987 sic
977 932 1011 985 ut
1034 923 1090 1003 ipsi
1113 920 1198 985 DCE
1222 923 1391 986 anomaliae
1415 922 1535 986 mediae
1559 939 1636 982 con-

279 1021 456 1083 stitueretur
479 1018 613 1097 aequalis
637 1015 730 1090 ODF,
755 1024 786 1076 et
808 1015 863 1076 DF
886 1013 1078 1076 inclinaretur
1101 1012 1137 1072 ad
1162 1010 1234 1087 AC,
1264 1011 1342 1092 quod
1370 1023 1420 1075 est
1446 1009 1575 1094 perinde
1599 1029 1637 1070 ac

281 1110 306 1170 si
329 1108 437 1181 dicam,
462 1106 624 1189 epicyclum
640 1105 815 1186 aequalibus
831 1103 1015 1183 temporibus
1038 1102 1151 1163 moveri
1173 1101 1341 1181 aequaliter
1354 1102 1434 1164 circa
1447 1119 1535 1164 sunm
1560 1119 1637 1162 oen-

281 1204 376 1260 trum:
406 1206 476 1258 tuno
499 1195 573 1257 haec
598 1203 680 1257 esset
703 1214 789 1274 quam
813 1193 948 1273 proxime
971 1190 1156 1272 hypothesis,
1181 1210 1240 1271 qua
1263 1210 1328 1252 som
1351 1210 1422 1253 usus
1445 1209 1501 1271 per
1525 1207 1637 1251 aunum

286 1282 370 1350 1603
394 1286 422 1347 iu
440 1307 466 1348 a
486 1279 579 1359 1604,
605 1303 693 1364 quam
709 1293 740 1344 et
754 1292 786 1344 tu
801 1292 898 1344 tenes.
926 1280 967 1341 Et
982 1279 1300 1341 haberet-mediocrem
1315 1299 1437 1342 causam
1452 1278 1635 1342 naturalem.

282 1376 326 1440 At
349 1375 537 1456 deprehendo
561 1393 598 1434 ex
621 1373 735 1452 primae
759 1391 894 1443 excessu,
918 1370 1066 1431 secundae
1082 1368 1212 1442 delectu,
1228 1366 1285 1431 CA
1299 1363 1387 1432 9264
1405 1381 1480 1432 esse
1492 1367 1633 1430 median·

281 1464 350 1526 dam
373 1464 420 1525 vel
450 1462 640 1524 bisecandam
664 1461 694 1522 in
717 1462 753 1535 B,
778 1469 812 1521 ut
839 1460 930 1520 ducta
952 1457 1033 1520 BDS
1066 1457 1107 1520 sit
1138 1460 1220 1538 apsis
1248 1456 1374 1538 epicycli
1407 1478 1495 1529 svera,
1530 1456 1634 1537 itaque

282 1551 428 1616 Gadhnc
451 1560 585 1613 centrum
609 1550 803 1629 aequalitatis
826 1549 864 1610 D.
911 1547 971 1609 Sed
1000 1548 1065 1626 jam
1091 1545 1171 1608 SDF
1202 1553 1248 1608 est
1278 1547 1413 1627 aequalis
1437 1546 1522 1610 DCF
1556 1564 1634 1606 ano·

282 1642 391 1704 malias
414 1640 548 1702 mediae:
573 1647 605 1700 et
627 1639 682 1700 DF
704 1639 803 1701 miuus
827 1637 988 1699 inclinatur
1010 1637 1048 1697 ad
1063 1635 1120 1699 AC
1136 1655 1223 1715 quam
1247 1636 1339 1717 prius.
1387 1639 1490 1717 Atque
1514 1654 1554 1696 ex
1577 1634 1633 1696 hac

281 1729 438 1813 hypothesi
461 1730 521 1810 jam
546 1728 792 1807 quamproxime
816 1746 889 1788 sera
911 1726 1058 1787 distantia
1081 1725 1245 1787 exstruitur
1268 1726 1292 1786 F
1315 1724 1354 1786 ab
1371 1727 1409 1800 A,
1435 1725 1479 1788 sic
1503 1732 1536 1786 et
1550 1722 1634 1787 FAE

284 1839 372 1901 quam
401 1818 537 1898 proxime
565 1836 637 1879 sera
664 1825 840 1898 coaequata.
887 1815 962 1878 Dico
996 1835 1083 1896 quam
1115 1815 1264 1894 proxime,
1298 1834 1446 1897 nunquam
1479 1813 1559 1876 euim
1591 1813 1635 1873 ita

284 1928 370 1983 vere,
400 1916 433 1969 ut
464 1927 531 1969 cum
564 1927 599 1967 ea
623 1906 766 1989 physicae
791 1905 978 1986 aequationis
1002 1905 1185 1985 computatio
1209 1903 1393 1967 instituatur.
1440 1904 1536 1966 Porro
1560 1902 1634 1964 baec

284 1996 460 2080 hypothesis
484 1997 555 2058 milri
581 2000 629 2070 (ut
643 1997 672 2057 in
697 1996 897 2057 delineatione
912 2014 996 2057 meae
1021 1993 1260 2055 ratiocinationis
1283 2003 1316 2055 ut
1335 1993 1478 2056 constitui
1494 1994 1633 2072 pergam)

283 2107 342 2149 non
367 2085 528 2160 satisfecit,
553 2086 631 2166 quod
654 2094 797 2165 punctum
820 2087 846 2148 B
870 2104 962 2145 caiisa
992 2083 1120 2144 naturali
1149 2082 1285 2145 carebat.
1330 2084 1408 2146 liam
1439 2078 1632 2162 punctumC

281 2175 373 2238 babet
397 2195 519 2237 causam
543 2174 821 2256 naturalem,·qnod
845 2193 887 2234 sc.
904 2173 961 2236 Ac
984 2182 1016 2233 et
1030 2173 1085 2234 DF
1100 2180 1276 2251 aequantur,
1300 2180 1332 2232 et
1354 2172 1433 2253 quod
1455 2170 1633 2233 tantundem

282 2273 332 2327 est
354 2284 390 2326 ac
413 2263 440 2325 si
463 2264 575 2338 dicam,
610 2273 643 2325 ut
674 2264 837 2325 distantiae
861 2272 933 2324 sunt
956 2262 999 2323 sic
1028 2281 1094 2322 esse
1121 2280 1221 2323 moras
1252 2261 1482 2342 inaequalibus
1504 2259 1633 2323 arcubus

283 2353 424 2415 ecceutri.
471 2353 623 2414 Econtra
646 2370 716 2413 sero
740 2352 802 2413 alia
825 2371 873 2413 res
897 2372 943 2412 me
967 2352 1005 2412 ad
1030 2370 1150 2412 causam
1174 2351 1341 2412 naturalem
1364 2350 1531 2423 inuitabat,
1560 2349 1633 2411 baec

283 2461 399 2521 nempe,
424 2441 503 2520 quod
526 2441 588 2502 vidi
610 2450 831 2502 succurrentem
856 2448 1009 2501 secantem
1033 2439 1221 2520 aequatiouis
1240 2440 1364 2521 epicycli
1388 2439 1557 2512 maximae:
1579 2438 1634 2500 AF

284 2530 401 2592 scilicet
423 2529 474 2592 ille
498 2539 581 2590 esset
604 2530 658 2598 (ad
678 2530 818 2609 angulum
834 2526 874 2591 5·
890 2526 956 2600 l8‘)
983 2525 1120 2602 100429,
1144 2529 1245 2608 itaque
1259 2530 1285 2590 F
1286 2531 1313 2590 A
1334 2528 1450 2607 longior
1472 2538 1522 2589 est
1546 2545 1635 2608 quam

284 2619 344 2681 DA
367 2618 525 2698 particulis
547 2614 623 2680 429.
671 2619 712 2678 Ft
735 2618 805 2697 quia
826 2619 883 2679 Fa
906 2617 1053 2678 distantia
1076 2617 1208 2697 seqnitur
1232 2637 1269 2678 er
1293 2618 1486 2698 usurpatione
1507 2616 1634 2697 perfecti

285 2707 455 2781 eccentrici,
479 2717 512 2768 et
534 2704 599 2770 trs
623 2726 715 2786 supra
738 2707 861 2767 iuventa
884 2716 932 2767 est
955 2706 1083 2767 curtatio
1107 2708 1197 2786 justa
1222 2704 1390 2786 hujusmodi
1422 2706 1635 2768 distantiarum

284 2815 339 2876 pro
362 2796 522 2878 hypothesi
546 2815 635 2868 sera,
659 2815 730 2872 ergo
754 2797 780 2857 si
804 2815 858 2874 pro
882 2797 936 2856 ΡΑ
960 2815 1110 2856 sumamus
1134 2796 1203 2867 DA,
1227 2796 1369 2858 babemus
1388 2796 1492 2875 justas
1514 2795 1636 2857 distan-

286 2886 346 2946 tias
369 2884 398 2946 iu
424 2885 658 2965 longitudinibus
684 2885 800 2946 mediis.
839 2882 949 2946 Statim
973 2884 1082 2963 arripui
1108 2885 1184 2946 hanc
1208 2903 1262 2965 pro
1285 2885 1412 2947 naturali
1437 2883 1636 2967 hypothesin:

285 2974 441 3056 planetam
465 2993 523 3036 non
547 2974 663 3035 versari
687 2974 716 3034 in
741 2974 867 3055 epicycli
886 2973 1126 3036 circumferentia
1139 2974 1224 3046 Rlll,
1249 2975 1353 3036 sedin
1377 2974 1524 3036 diametro
1548 2970 1637 3036 KDO

288 3063 408 3136 librari3
427 3064 551 3144 jamque
575 3064 738 3124 distantias
762 3072 912 3124 ettotam
936 3063 1144 3143 aequationem
1168 3064 1301 3125 tabulam
1325 3064 1460 3126 exstruxi
1484 3062 1566 3124 inde.

375 3153 420 3215 At
442 3153 548 3219 miser:
572 3151 620 3214 bis
644 3152 717 3232 ipsis
739 3152 939 3214 Paschalibus
963 3152 1045 3213 seriis
1068 3152 1186 3214 demum
1213 3153 1351 3233 experior
1374 3171 1406 3214 re
1432 3153 1515 3231 ipsa,
1549 3151 1640 3234 quod,

287 3241 313 3303 si
337 3241 545 3302 consideratus
571 3241 703 3314 fuissem,
729 3242 900 3303 meminisse
927 3252 1078 3321 poteram,
1105 3242 1170 3318 jaur
1194 3251 1286 3303 antea
1309 3243 1547 3303 demonstratum
1571 3259 1639 3302 esse

287 3331 316 3392 in
341 3329 573 3393 Commentariis
597 3333 688 3403 meis,
719 3330 888 3410 hujusmodi
911 3331 969 3392 iter
991 3332 1131 3410 planetae
1155 3331 1351 3411 compositum
1375 3349 1433 3392 non
1457 3348 1525 3390 esse
1549 3330 1639 3410 ellip-

288 3420 394 3492 ticum,
420 3420 497 3499 quod
521 3421 656 3498 superior
680 3440 746 3481 mea
769 3421 990 3498 argumentatio
1013 3421 1121 3491 euicit,
1151 3421 1206 3482 sed
1229 3422 1266 3482 iu·
1283 3420 1454 3482 octantibus
1476 3420 1516 3481 ab
1539 3416 1640 3499 ellipsi

289 3527 396 3569 sersus
417 3509 520 3569 circuli
544 3510 758 3589 perlectionem
782 3511 864 3569 exire
898 3511 925 3569 in
949 3511 1069 3570 buccas.
1119 3510 1241 3571 Vitiosa
1272 3511 1363 3589 igitur
1391 3510 1448 3570 tuit
1475 3527 1641 3587 argumen-

291 3597 387 3657 tatio:
423 3597 544 3659 libratio
568 3599 596 3658 iu
620 3599 768 3660 diametro
791 3599 916 3678 epicycli
940 3609 1051 3677 aequat
1078 3598 1197 3677 ellipsin
1222 3600 1250 3660 in
1274 3598 1510 3675 longitudinibus
1532 3598 1642 3659 mediis

288 3698 320 3746 et
344 3686 373 3747 in
397 3687 562 3766 apsidibus,
587 3706 659 3765 ergo
682 3689 869 3767 undiquaque
885 3688 966 3748 illam
980 3701 1101 3767 aequat.
1131 3689 1270 3761 Falsum:
1294 3688 1467 3768 atqnehinc
1486 3687 1641 3767 estquod

290 3794 407 3837 rursum
432 3775 517 3838 utin
541 3777 665 3856 antiqua
689 3778 768 3839 falsa
797 3776 956 3857 hypothesi
986 3796 1040 3837 nec
1068 3777 1232 3838 distantiae
1262 3778 1391 3839 oiliciurn
1422 3779 1559 3838 iecerunt
1587 3794 1642 3837 uec

289 3866 486 3944 aequatioues
509 3868 649 3941 eccentri.
689 3867 716 3921 (l
742 3868 924 3926 lmctuosam
947 3867 1124 3926 societatem
1148 3867 1190 3928 rei
1210 3867 1375 3947 utriusque.
1398 3885 1475 3947 quae
1489 3884 1643 3948 nunquan

289 3974 348 4016 non
372 3973 419 4013 nie
444 3954 544 4031 dirigit
578 3955 607 4015 in
641 3968 687 4016 tot
719 3954 989 4034 perplexitatibus!
1034 3954 1105 4015 Jam
1138 3956 1228 4034 igitur
1260 3956 1316 4016 boc
1349 3954 1464 4029 liabeo,
1496 3954 1642 4019 Fabrici:

289 4045 369 4104 riam
392 4043 533 4122 planetae
557 4045 742 4106 i'erissimam
767 4064 835 4103 esse
858 4044 976 4123 ellipsin
1000 4051 1104 4122 (quam
1124 4044 1257 4106 Durertts
1281 4046 1383 4107 itidem
1406 4044 1524 4106 oralem
1548 4045 1642 4117 dixit)

289 4146 341 4192 aut
365 4146 447 4192 certe
471 4133 636 4195 insensibili
661 4134 761 4214 aliquo
785 4135 823 4193 ab
845 4134 944 4212 ellipsi
969 4133 1164 4195 differentem.
1212 4134 1393 4215 computari
1424 4134 1494 4195 inde
1525 4153 1637 4215 aequa·

291 4221 389 4281 nones
402 4221 534 4279 ecreutri
548 4222 577 4281 in
594 4223 702 4283 sitibus
725 4222 922 4301 acrooychiis.
946 4222 1073 4283 officium
1089 4224 1204 4286 iaciunt
1218 4225 1257 4286 ad
1272 4244 1409 4303 unguem,
1433 4224 1471 4284 de
1484 4222 1644 4285 distantiis

291 4309 446 4390 quominus
477 4308 554 4368 idem
582 4310 679 4370 dicam
713 4311 781 4369 fecit
812 4329 914 4371 eamm
945 4309 1187 4390 inquirendarum
1224 4314 1383 4374 methodus
1412 4312 1503 4391 paulo
1533 4312 1642 4383 laxior,

290 4418 367 4479 quae
391 4414 510 4477 semper
532 4417 578 4458 mc
602 4399 682 4459 circa
704 4396 766 4461 ¹00
784 4400 950 4477 particulas
974 4402 1003 4460 iu
1027 4402 1117 4464 dubio
1135 4403 1289 4482 relinquit,
1314 4403 1490 4463 etiamtum
1509 4402 1642 4481 operase

289 4502 357 4548 aunt
382 4488 629 4552 ‹steen-arianas:
653 4489 732 4548 nosti
756 4488 850 4559 enim,
881 4491 1012 4568 optimas
1042 4492 1270 4553 obseruationes
1292 4511 1350 4552 uno
1373 4491 1488 4552 minuto
1511 4510 1641 4571 peccare

290 4595 391 4653 plusne.
438 4579 482 4639 ,tr
504 4596 593 4638 unum
618 4578 760 4637 minutum
785 4580 883 4639 uariat
906 4579 1082 4641 distantiam
1111 4581 1299 4651 immaniter,
1331 4581 1358 4640 si
1390 4581 1517 4660 planeta
1548 4598 1642 4659 prope

293 4662 330 4739 ’ἓ
357 4680 408 4725 aut
440 4666 596 4744 oppositus
629 4664 667 4742 ξ·
703 4667 801 4726 tuerit.
849 4668 913 4729 llos
946 4682 1046 4730 umen
1075 4682 1189 4730 certum
1222 4670 1351 4730 habeas.
1383 4688 1473 4750 quam
1505 4669 1642 4748 proxime

292 4770 394 4814 serum
424 4754 537 4815 venire.
566 4787 604 4799 -
634 4755 740 4834 ltaque
765 4770 860 4818 tetam
884 4758 1063 4838 hypothesin
1088 4760 1143 4821 tibi
1166 4759 1335 4821 deliaeabo.
1381 4758 1467 4820 Data
1488 4757 1644 4820 anomalia

292 4843 390 4902 media
414 4860 481 4922 eyter
504 4860 606 4906 notum
633 4844 688 4905 tibi
711 4845 807 4906 locum
830 4847 959 4927 anhelii,
982 4848 1029 4909 cui
1052 4846 1085 4909 δ’
1107 4848 1223 4910 adimes
1241 4850 1322 4929 jan,
1346 4860 1378 4909 et
1401 4836 1506 4911 mt'an
1528 4858 1643 4911 mou·
