3368 5534
589 350 744 423 amere
764 349 888 422 caprea.
1354 348 1417 422 165

58 534 192 599 inclinas
210 541 239 587 et
255 534 409 600 oppositione
426 547 483 584 cum
501 531 566 586 solo
603 534 734 586 Accedunt
757 535 808 586 alia
826 535 859 584 ad
877 533 1068 599 explicationem
1087 536 1142 598 eius
1160 534 1290 600 peculiaris
1309 535 1417 592 virtutis.

60 619 111 672 qna
127 605 206 657 ιω
222 612 342 664 moretur,
359 605 516 670 mamertia

151 677 231 742 cap.
249 675 389 728 xxxvm
425 675 528 728 Praem
546 690 701 726 communem
718 691 749 728 er
761 675 818 727 Sole
836 677 885 727 rim
901 677 1037 737 matricem,
1058 677 1173 741 planetas
1191 677 1419 743 singulosaingnlia

61 749 119 800 aliis
138 748 225 801 nnsis
242 749 384 799 rectricibus
397 748 538 813 dispensare
561 755 642 797 motus
654 763 720 805 suos,
738 748 854 812 probatur
871 749 965 799 duobus
983 749 1150 815 argumentis:
1167 762 1217 799 uuo
1236 748 1310 800 ducto
1323 756 1420 799 amota

62 819 240 887 longitudinis,
257 820 337 870 altere
356 832 372 869 a
389 825 457 868 motu
474 819 620 870 latitudinis.

152 890 234 956 (lap.
253 889 364 943 xxm.
391 890 464 942 Initio
482 891 673 956 praemittuntur
691 891 817 941 exiemus
834 904 878 941 sex
894 888 1005 954 physica,
1024 892 1167 941 necessaria
1186 891 1219 940 ad
1236 890 1418 956 inquisitionem

61 963 169 1021 drtutia
188 977 258 1028 quae
275 962 381 1027 siugulis
398 961 505 1025 planetis
523 968 562 1012 est
579 962 698 1012 attributa
715 962 879 1026 peculiariter.
916 961 1036 1025 Regnant
1055 969 1139 1011 auum
1152 975 1203 1012 una
1215 968 1268 1011 teto
1279 963 1327 1012 hoc
1337 963 1420 1025 capite

61 1035 127 1086 duae
155 1033 207 1085 hae
232 1041 432 1098 praeconceptae
459 1035 598 1098 opiniones:
615 1033 702 1097 prima,
725 1034 842 1097 planetae
866 1034 984 1082 ambitum
1002 1032 1110 1083 ordinari
1134 1032 1159 1083 in
1182 1033 1292 1097 perfecto
1311 1033 1419 1091 circuio;

60 1104 191 1163 mmet,
210 1107 259 1156 iter
276 1104 325 1155 hcc
342 1107 396 1167 eiua
415 1104 553 1168 depensans
572 1118 588 1154 a
605 1111 697 1154 mente.
734 1103 880 1168 Disputatur
897 1105 980 1170 igitur,
999 1104 1119 1168 quomodo
1137 1119 1208 1155 meus
1226 1105 1276 1154 leta
1290 1118 1320 1154 ex
1331 1105 1420 1155 itinere

62 1177 184 1244 phustas
203 1175 322 1227 circulum
340 1177 417 1240 possit
434 1176 541 1226 efficere.
578 1174 611 1224 Et
628 1176 705 1239 prime
724 1176 905 1225 demonstratur
930 1175 955 1225 ld
973 1175 1026 1224 heri
1043 1188 1128 1239 posse,
1148 1177 1168 1225 si
1186 1176 1284 1240 propria
1302 1176 1419 1240 planetae

63 1251 139 1299 virtus
158 1248 271 1313 perfecto
290 1247 402 1312 epicyclo
420 1248 536 1297 molietur
553 1259 640 1310 cerpus
658 1261 728 1296 suum
746 1246 874 1306 invehere,
899 1247 1044 1311 interimque
1067 1247 1179 1309 rapiatur
1203 1261 1290 1311 corpus
1309 1249 1385 1298 etiam
1404 1260 1422 1298 a

63 1322 154 1371 mie
173 1318 262 1370 Soiarh
300 1317 367 1368 Huic
384 1318 457 1368 modo
475 1318 581 1383 quinque
606 1324 761 1381 opponuntur
778 1318 887 1368 absurda
904 1317 1014 1381 physica.
1051 1316 1166 1368 Secundo
1186 1317 1376 1376 demonstretur,
1394 1319 1420 1369 id

64 1390 116 1440 ieri
134 1404 222 1455 pesse,
241 1390 262 1438 si
281 1388 385 1452 planeta
417 1389 515 1439 benet
532 1394 626 1439 certum
645 1395 762 1452 punctum
781 1396 852 1439 extra
871 1388 962 1446 Solem,
981 1402 998 1437 a
1015 1403 1062 1453 quo
1082 1389 1220 1453 aequaliter
1231 1390 1307 1440 distet
1319 1390 1421 1440 inomni
1502 1435 1504 1438 Α

64 1477 107 1511 auo
127 1462 237 1511 drcuitu
255 1461 323 1510 eirca
341 1457 384 1509 Sol
399 1476 432 1509 m.
469 1461 562 1510 Verum
586 1466 613 1509 et
629 1458 693 1510 baec
712 1461 772 1509 certi
790 1462 875 1525 puncti
894 1461 1037 1524 incorporei·
1049 1458 1187 1510 observatio
1205 1461 1327 1513 remtncm
1344 1463 1439 1510 tribus·
1487 1490 1493 1496 -

68 1525 191 1583 absurdis.
229 1530 314 1581 Tertio
341 1530 532 1588 demonstratur,
549 1531 603 1580 fieri
626 1546 698 1594 posse
723 1531 859 1595 perlectum
880 1531 1011 1593 circulum,
1043 1532 1064 1580 si
1085 1533 1160 1581 virtus
1185 1531 1302 1595 planetae
1324 1533 1423 1596 propria

68 1604 172 1654 ihrarat
189 1601 319 1668 planetam
336 1602 363 1651 in
380 1601 499 1653 dianetro
517 1602 620 1668 epicyeii
637 1617 720 1653 sersus
739 1600 822 1652 Solem
840 1608 965 1666 porrecta,
984 1602 1040 1667 lege
1058 1616 1114 1652 rero
1132 1604 1285 1666 praecripta
1302 1609 1422 1668 tanquam

69 1673 322 1726 adrcumierentiae
340 1673 444 1738 apisycli
462 1674 575 1725 decursu
606 1676 641 1724 At
658 1674 729 1724 simui
747 1673 892 1731 ostenditur,
911 1689 961 1724 non
978 1687 1050 1737 possa
1069 1674 1171 1724 describi
1187 1673 1423 1736 justaslibrstiones
1511 1684 1513 1688 ’

71 1746 220 1811 apisneta,
239 1745 261 1794 si
278 1750 389 1796 vertetur
405 1745 427 1794 is
443 1747 470 1795 iu
490 1744 593 1810 epioycli
611 1745 740 1803 diametro,
759 1744 805 1795 sed
822 1759 868 1795 nec
886 1744 1032 1808 respondere
1050 1745 1104 1794 ilias
1122 1745 1227 1796 arcubus
1242 1747 1351 1795 eccentri
1363 1759 1421 1797 oon·

69 1817 141 1868 isatis
159 1831 209 1867 nac
227 1817 333 1881 tempori
351 1830 397 1867 nee
415 1817 555 1867 anomdlae
574 1824 742 1882 coaequatae:
769 1817 848 1881 posito
866 1816 964 1881 quidem
981 1816 1045 1882 qued
1063 1831 1093 1866 ex
1112 1817 1244 1880 composito
1262 1817 1351 1867 itinere
1368 1816 1421 1881 pla·

69 1896 144 1939 ustae
162 1887 219 1939 fieri
236 1887 329 1939 debeat
345 1887 469 1952 perlectus
487 1887 599 1938 circulus.
642 1887 738 1948 Quarto
764 1894 872 1953 negetur
897 1888 973 1938 etiam
999 1887 1060 1942 hoc,
1086 1887 1134 1935 rim
1160 1887 1279 1951 planetae
1300 1889 1422 1953 propriam

68 1964 153 2011 mente
172 1958 353 2024 quodammodo
373 1960 502 2024 concipere
520 1960 693 2025 imaginarium
712 1960 877 2011 eccentricum
899 1959 938 2008 rei
957 1959 1095 2023 epicyclum
1113 1973 1190 2024 exque
1205 1961 1258 2022 elus
1271 1960 1423 2023 praescripto

69 2030 206 2089 Midas
230 2030 263 2081 ad
280 2031 391 2097 perlecta
410 2031 554 2081 circularem
574 2031 693 2091 ambitum
717 2030 848 2096 requisitas
874 2030 996 2080 ordinare.
1033 2028 1184 2094 Quantisper
1207 2031 1283 2096 igitur
1305 2031 1424 2081 ambitum

68 2103 189 2168 planetu
206 2107 325 2167 putamus
344 2116 398 2152 esse
416 2102 525 2166 periente
543 2102 695 2163 circularem,
714 2107 801 2151 manet
818 2103 844 2150 in
863 2101 936 2151 dubio
955 2100 1080 2167 adquam
1096 2115 1208 2151 normam
1225 2116 1294 2151 mens
1306 2102 1424 2168 planetae
1476 2112 1484 2125 ·

68 2175 170 2238 propria
186 2172 333 2223 libratimes
350 2171 397 2224 has
414 2174 452 2224 sni
470 2174 576 2238 corporis
595 2173 726 2238 expendet
763 2171 805 2223 Sic
827 2172 947 2223 rentiata
964 2186 1051 2223 norma
1068 2172 1204 2222 librationis
1221 2173 1304 2236 hujus,
1323 2186 1422 2239 progre-

68 2245 120 2312 dier
139 2244 221 2296 etiarn
239 2242 273 2295 ad
289 2243 414 2303 maehum,
442 2259 490 2311 quo
514 2244 721 2309 comprehendere
742 2259 812 2295 mene
830 2244 947 2308 planetae
965 2243 1042 2308 possit
1058 2243 1123 2294 hanc
1141 2258 1253 2294 normam
1271 2251 1297 2296 et
1313 2245 1423 2295 libratio-

68 2330 127 2367 ιιι
145 2316 181 2366 ab
199 2315 245 2366 ilia
262 2314 428 2380 praefinitam.
464 2314 522 2366 Sive
546 2317 612 2368 euim
631 2316 755 2380 epicyclus
772 2331 815 2380 pro
834 2329 921 2365 norma
937 2316 971 2364 eit
987 2316 1038 2365 sire
1056 2316 1110 2378 eius
1128 2315 1249 2367 diameter
1265 2317 1316 2366 sire
1334 2330 1423 2369 eccen-

70 2388 126 2439 trlci
144 2392 276 2445 eeummr
302 2387 387 2437 omnin
408 2388 458 2437 ista
482 2393 511 2436 ut
528 2388 615 2454 inepta
633 2388 809 2452 comprehensu
833 2390 929 2450 relecta
946 2392 1004 2436 suut
1021 2387 1182 2452 indigeutque
1200 2388 1281 2437 medio
1300 2402 1423 2438 commen·

69 2466 154 2510 aurato
175 2457 210 2508 ad
228 2455 486 2522 comprehendendum
496 2465 563 2525 apto,
582 2474 627 2523 per
635 2459 700 2525 quod
708 2458 948 2523 comprehendantur
961 2472 978 2509 a
989 2465 1080 2508 mcum.
1111 2457 1159 2508 Ubi
1172 2461 1298 2520 estruicm,
1316 2465 1426 2511 mentem

72 2530 195 2595 pinetae
212 2530 336 2595 respicere
351 2529 384 2579 ad
401 2535 555 2581 crescentem
573 2539 600 2581 et
617 2532 802 2582 decrescentem
821 2528 885 2580 Solis
904 2529 1051 2579 diametrum
1069 2543 1148 2596 eaque
1166 2531 1203 2580 uti
1220 2544 1263 2594 pro
1280 2535 1425 2598 argumente

73 2600 212 2653 mdes
279 2601 387 2665 corporis
401 2614 419 2652 a
432 2600 489 2652 Sole
503 2601 577 2668 idque
586 2601 795 2653 verisimilitudine
808 2600 1096 2652 ductaalstitudinibus.
1121 2599 1296 2666 Respondemr
1306 2603 1382 2652 etiam
1392 2601 1425 2650 ad

71 2674 175 2737 obieeta
187 2669 291 2723 deficiis
307 2670 418 2722 exilitate
434 2678 460 2722 et
477 2672 507 2725 de
521 2688 638 2724 semmam
651 2673 907 2739 iupianetiadeiectu.
931 2670 1018 2738 Neque
1027 2679 1112 2722 tamen
1122 2662 1426 2724 omninodrmelsrsov

71 2758 127 2795 asae
143 2744 299 2795 mundam
318 2740 351 2794 de
368 2743 546 2809 gubernatione
564 2746 661 2806 menas,
680 2746 705 2795 in
724 2745 773 2794 iine
786 2752 903 2794 moretur.
931 2741 1044 2809 Denique
1057 2750 1083 2794 et
1095 2744 1227 2794 diiiicuitse
1240 2746 1347 2810 aperitur
1359 2746 1428 2795 circa

70 2816 180 2882 cupreis
204 2813 339 2879 pinetuii
362 2815 549 2867 locomcticneur
572 2831 588 2866 a
611 2817 636 2866 ri
659 2817 737 2867 insita
759 2816 869 2866 animali.
907 2814 941 2864 Et
958 2817 993 2865 sic
1011 2816 1095 2865 multis
1113 2817 1221 2881 audique
1240 2815 1426 2867 difficultatibus

71 2887 177 2950 objectis
194 2885 257 2936 iliud
272 2886 349 2936 unice
367 2888 458 2952 egitur,
477 2895 506 2939 ut
523 2889 619 2953 opinio,
637 2902 702 2953 quae
719 2887 842 2938 hactenus
860 2893 915 2937 erat
931 2894 1134 2952 praeconcepta,
1154 2888 1185 2937 de
1202 2889 1290 2938 itinere
1308 2888 1426 2953 planetae

68 2960 182 3023 uaeas
200 2957 315 3008 circulari
334 2952 435 3023 (partim
453 2960 529 3009 etiarn
548 2959 580 3009 de
597 2960 772 3025 gubernatrice
790 2959 927 3009 librationis
946 2959 1018 3022 huius
1030 2958 1125 3021 mente)
1142 2960 1168 3009 in
1182 2959 1283 3010 dubium
1296 2964 1426 3011 rotaretur

68 3030 207 3082 wne
224 3028 346 3094 physicis:
371 3029 445 3095 panio
468 3039 524 3095 post
543 3033 640 3095 penitus
658 3030 819 3081 convellenda
836 3031 992 3095 geometricis
1011 3043 1066 3095 cap.
1084 3030 1174 3081 XLIV.
1420 3054 1423 3059 ·

157 3098 239 3166 (lap.
258 3098 331 3151 XL„
352 3099 379 3160 i)
396 3100 528 3152 hiethodua
553 3101 673 3166 quomedo
698 3116 755 3166 pars
779 3102 934 3166 aequationis
960 3101 1076 3165 physica,
1104 3117 1149 3153 seu
1176 3115 1246 3152 mora
1263 3101 1380 3166 planetae
1397 3101 1424 3150 in

70 3173 152 3240 alique
172 3184 236 3223 neu
253 3172 387 3223 menelei
404 3173 544 3223 inveniatur
562 3188 592 3223 ex
610 3173 734 3223 Mutilo
753 3181 897 3237 punctorum
917 3174 970 3235 ejus
989 3187 1061 3223 arcus
1080 3188 1098 3224 e
1115 3172 1181 3223 Sole.
1213 3170 1241 3234 2)
1259 3172 1297 3222 Ibi
1315 3179 1423 3237 astgso·

69 3246 175 3297 nuit·
192 3242 387 3300 demonstratio,
414 3243 534 3309 quemodo
552 3244 702 3295 infinitorum
720 3259 792 3295 arcus
809 3252 956 3308 punctorum
974 3244 1108 3294 dimise
1127 3243 1210 3295 aSole
1228 3245 1424 3310 quamproxime
1526 3262 1529 3267 ·

69 3317 146 3366 indat
163 3316 193 3365 in
210 3327 282 3376 area,
308 3328 373 3379 quae
391 3321 430 3364 est
446 3317 512 3366 inter
529 3329 614 3367 arcum
632 3323 658 3367 et
675 3316 766 3376 lineas,
797 3330 861 3379 quae
880 3314 962 3365 Solem
988 3315 1021 3364 ad
1038 3317 1156 3366 terminos
1174 3330 1246 3367 arom
1265 3320 1424 3366 connectunt

70 3386 103 3437 Et
128 3386 256 3453 quomodo
280 3399 356 3436 unum
384 3387 533 3452 triangulum
558 3389 622 3438 inter
648 3386 741 3448 Solem,
776 3394 887 3437 centrum
911 3388 1043 3438 eccentrici
1061 3394 1087 3437 et
1104 3387 1180 3437 mern
1198 3401 1282 3445 meus,
1309 3387 1425 3437 exhibeat

68 3464 199 3524 utruque
215 3462 315 3522 partem
333 3459 503 3522 aequationie;
523 3459 615 3524 angulo
634 3458 668 3509 ad
685 3460 760 3508 linem
778 3472 850 3509 arcus
868 3459 992 3522 opticams
1013 3472 1075 3509 area
1092 3459 1228 3522 physicam.
1265 3456 1294 3520 3)
1313 3458 1423 3508 Demon-

68 3530 165 3587 mane.
184 3526 280 3580 indole
298 3524 417 3593 Quales
436 3544 491 3580 esse
510 3531 543 3580 ad
560 3545 660 3581 sensum
677 3537 761 3596 partes
780 3530 942 3593 aequatione,
962 3531 1069 3595 cpticam
1088 3539 1114 3580 et
1130 3528 1265 3594 physicam
1302 3528 1330 3592 l)
1348 3529 1424 3581 Prae·

68 3602 175 3651 nittiusr
193 3599 382 3655 demensmtio,
402 3601 529 3668 triangula
547 3603 690 3668 acquibasia
708 3616 764 3652 esse
782 3602 807 3650 in
825 3603 980 3666 proportione
999 3600 1156 3652 altitudinum
1183 3599 1211 3664 b)
1224 3602 1272 3652 Per
1288 3601 1336 3652 hoe
1353 3601 1424 3652 thec-

69 3685 135 3723 rna
152 3670 347 3729 ammam,
366 3684 451 3722 aream
468 3669 589 3738 trianguli
608 3673 745 3738 aequatorii
763 3686 876 3723 crescere
895 3688 952 3722 cum
969 3674 1025 3722 sinu
1048 3674 1188 3724 anomaliae
1209 3675 1331 3724 eccentri:
1359 3672 1426 3722 unda

70 3741 246 3809 seqandim
263 3742 349 3792 mstis
365 3744 524 3807 computandi
541 3743 609 3795 hanc
628 3758 723 3795 aream.
760 3743 839 3794 Simul
857 3743 994 3794 ostenddur
1012 3745 1178 3808 experimento
1193 3759 1356 3802 numerorum,
1375 3757 1425 3794 non

70 3812 169 3867 Une
186 3812 300 3866 sensibili
312 3813 394 3878 alique
407 3821 491 3878 partes
503 3817 671 3880 aequatiouis:
689 3815 717 3865 id
725 3816 803 3881 primo
815 3816 841 3864 in
855 3811 903 3864 90⁰
920 3816 1010 3866 deinde
1020 3818 1046 3866 ia
1058 3810 1115 3865 45⁰.
1144 3813 1173 3878 d)
1186 3817 1303 3881 Exceptio
1315 3817 1425 3881 sequitur

69 3884 195 3937 fluia
212 3884 396 3943 monens,
415 3899 499 3937 aream
508 3887 583 3952 paulo
601 3888 681 3936 minus
696 3887 797 3944 habere,
816 3901 890 3952 quarn
909 3889 1017 3938 omnium
1027 3886 1147 3954 graduum
1157 3888 1265 3938 eccentri
1275 3887 1425 3937 distantias:

70 3965 95 4009 a
107 3956 189 4023 poio
205 3956 263 4022 plus
280 3969 356 4022 quarn
374 3958 482 4008 omnium
500 3959 621 4025 gradtmm
648 3959 788 4010 anomaliae
818 3967 972 4024 coaequatae
990 3959 1131 4010 dumam.
1168 3957 1198 4021 7)
1216 3957 1424 4010 Geometricade-

69 4028 171 4081 hese
198 4026 363 4094 quadrilaterl
387 4029 543 4090 conchoidis,
567 4030 632 4096 quod
657 4032 831 4096 aequiparatur
855 4031 979 4080 distantiis
1005 4031 1113 4083 omnium
1137 4031 1259 4097 gradem
1284 4031 1428 4080 eccentria

70 4099 133 4153 sse.
172 4098 225 4151 ilbi
249 4103 414 4164 provocantur
439 4111 582 4166 geometrae
608 4101 641 4153 eri
669 4102 717 4153 hoc
744 4103 852 4167 spatium
876 4102 1055 4166 quadrantium.
1092 4099 1121 4162 8)
1142 4101 1255 4167 Spatium
1281 4102 1346 4150 iuter
1364 4100 1427 4149 duas

72 4169 426 4224 neom-demonstretur
442 4187 493 4223 nou
510 4186 565 4225 esse
584 4172 694 4238 eiusdem
711 4173 849 4224 latitudinis
867 4174 893 4222 in
911 4173 971 4223 locis
990 4171 1104 4224 emedio
1123 4173 1359 4240 aequediatsntibus.
1386 4169 1426 4220 De

70 4239 396 4312 erepturam-xiiii.

613 4384 789 4449 PARS
834 4386 892 4449 IV.

160 4491 240 4558 (lap.
258 4488 325 4542 m
353 4488 447 4550 Posito,
465 4492 514 4542 iter
530 4491 647 4556 planetae
665 4493 802 4557 perlectum
820 4507 874 4544 esse
893 4492 1020 4552 circulum,
1039 4498 1066 4544 et
1083 4494 1198 4544 mamae
1208 4493 1281 4544 triam
1296 4491 1427 4543 eccentrioi

78 4565 189 4618 bun
205 4563 337 4616 distantiis
353 4560 443 4614 natm
461 4577 478 4615 a
495 4577 595 4628 corpore
613 4563 679 4615 Solis
698 4565 833 4615 certissime
846 4565 1018 4615 demonstratis
1034 4569 1106 4629 parte
1115 4566 1199 4622 tertie,
1218 4565 1370 4630 geometrica
1381 4563 1425 4613 ds·

77 4636 257 4691 mm
276 4632 375 4687 eicitur
390 4633 459 4687 loces
477 4636 582 4700 apogaei
600 4635 692 4694 idrus,
711 4637 884 4699 eccentricitas
902 4636 966 4687 ielsa
984 4643 1011 4686 et
1026 4637 1150 4700 proportio
1167 4636 1240 4687 isira

160 4708 245 4775 cap.
262 4703 345 4759 aun.
381 4704 454 4757 liora
479 4706 576 4757 ratione
600 4707 754 4772 inquiruntur
779 4708 881 4758 duorum
899 4707 1031 4759 eccentrici
1049 4705 1157 4757 iocorum
1176 4707 1311 4758 decutiat
1331 4705 1428 4771 apbeiio

78 4780 171 4834 rho
188 4777 402 4833 abmatiombns
419 4779 538 4844 quicqum
567 4778 698 4842 perihelio,
717 4780 804 4829 tribus.
840 4778 938 4830 Deinde
956 4792 1000 4842 per
1017 4776 1211 4830 dimidiationem
1228 4779 1346 4844 periodici
1364 4785 1428 4829 tem·

80 4852 142 4914 psit
162 4859 192 4903 α
215 4850 318 4903 sechui
342 4848 426 4901 mna
448 4848 583 4900 certissime
601 4850 729 4916 inquiritur
746 4850 815 4901 loeus
833 4850 937 4914 aphelii.
961 4854 988 4898 et
1005 4847 1198 4912 deprehenditur
1215 4851 1281 4902 idem
1300 4853 1340 4916 qui
1357 4856 1428 4914 parte

82 4922 190 4975 mis
211 4928 241 4974 st
261 4920 354 4986 prena
390 4918 428 4971 lia
450 4934 480 4979 eo
498 4921 627 4988 corrigitur
643 4921 771 4988 longitudo
788 4921 872 4974 media
888 4920 985 4975 ilaris
1023 4918 1213 4988 (temperatione
1231 4937 1288 4978 raro
1305 4923 1429 4988 atrimae
