3368 5534
167 286 232 356 192
647 288 688 342 ne
710 289 818 342 uorsa
837 288 930 342 snum
947 289 1036 342 uma

164 471 267 535 thesin
289 489 360 533 uero
384 489 424 532 ec
447 493 477 544 a,
506 469 619 533 incidit
645 472 681 535 in
702 490 760 546 ra3
792 471 847 533 nbi
875 472 977 545 sides,
1001 470 1086 552 qnod
1106 477 1225 552 puncto
1246 495 1277 546 μ,
1301 495 1329 544 υ,
1359 473 1435 536 item
1457 495 1525 550 aa

159 580 280 645 parum
302 559 462 641 differant,
487 558 547 621 illa
569 580 610 623 ea
632 567 649 621 d
672 562 749 624 hoec
771 582 811 623 ea
833 584 853 621 a
876 563 1024 642 inspecta,
1049 562 1177 640 qnando
1197 557 1327 642 planeta
1349 564 1438 625 circa
1461 586 1522 646 ap-

163 650 255 713 sidas
276 658 430 712 uersatur.
478 650 522 711 At
544 670 652 714 uersus
674 651 889 732 loupitudines
910 650 1033 712 audias
1055 650 1133 712 liaeo
1152 658 1271 730 puncta
1300 658 1423 716 naam
1446 673 1468 714 a
1489 675 1525 715 se

164 740 296 803 inuicem
319 737 526 812 dissidebant,
551 748 702 822 quantum
724 742 760 803 in
777 741 886 821 priori
907 741 1062 802 schemate
1085 762 1103 799 υ
1125 747 1154 802 et
1170 740 1199 800 Φ
1213 739 1383 815 dissident,
1410 752 1523 805 mna

164 849 224 910 que
247 831 354 890 omnio
384 849 479 911 quarn
506 831 652 909 prasiane
682 829 832 911 aequalia
855 837 883 891 et
915 829 1197 891 demonstrationes
1226 830 1351 893 omnino
1383 832 1523 894 eaedem.

166 917 367 980 Continuatis
389 920 474 981 enirn
496 921 544 991 dr,
570 940 607 980 aa
630 918 675 980 ad
698 939 885 982 corvoursum
908 941 937 990 a,
962 926 990 980 et
1014 914 1060 990 ζλ,
1084 919 1126 993 βο
1154 919 1198 979 od
1226 938 1414 982 concursum
1437 923 1473 984 in
1494 946 1524 1000 ρ,

164 1016 257 1072 nunt
286 1011 371 1081 dne,
404 1003 483 1086 ζρβ,
517 1006 681 1091 trianpnlo
712 1007 863 1091 aequalia
901 1010 1016 1090 ubique
1053 1005 1214 1088 trionpalo
1245 1013 1319 1086 dyo,
1359 1016 1389 1071 et
1418 1009 1526 1076 latera

163 1094 318 1159 lateribus
338 1095 507 1176 parallela

252 1188 297 1247 At
330 1185 399 1265 quia
432 1185 703 1247 demonstrationes
735 1188 792 1247 hae
824 1205 878 1265 per
901 1205 933 1247 se
957 1184 1033 1245 satis
1053 1185 1315 1263 eruntperplexae
1332 1205 1428 1267 neque
1445 1207 1524 1250 con-

166 1275 294 1350 sultum,
333 1283 366 1336 ut
399 1274 627 1336 coacervatione
657 1275 856 1357 epicyclorum
881 1284 912 1336 et
935 1273 1144 1355 epiaycliorum
1168 1271 1444 1353 Capernicancrum
1468 1298 1525 1339 sen

165 1364 393 1429 Braheauorum
416 1365 514 1443 magis
538 1363 744 1439 involvantur,
776 1366 843 1426 ideo
874 1365 903 1425 in
928 1362 1123 1443 sequentibus
1147 1371 1179 1424 et
1202 1363 1278 1426 hanc
1304 1365 1430 1427 formam
1457 1365 1524 1429 Co-

163 1454 354 1534 pernicanam
384 1474 437 1516 sen
463 1453 667 1536 Tychonicarn
689 1446 802 1534 primae
826 1453 1036 1532 inaequalitati
1052 1451 1195 1513 tributam
1213 1454 1314 1516 valere
1324 1455 1523 1533 jubebimus:

164 1562 233 1604 nam
257 1544 326 1623 ipsa
349 1544 499 1605 secundae
525 1543 750 1623 inaequalitatis
774 1544 851 1606 ratio
875 1542 1084 1623 hypothesium
1109 1541 1270 1620 trigemina
1292 1544 1401 1626 ubique
1419 1545 1524 1608 future

165 1633 283 1693 abunde
307 1632 383 1694 satis
408 1634 494 1695 nobis
520 1632 673 1695 exhibebit
695 1634 892 1713 negotiorum.
939 1629 1089 1711 Quicquid
1109 1641 1210 1692 autern
1224 1651 1278 1711 per
1297 1633 1521 1697 Ptolemaiennr

166 1731 345 1802 aequantem
379 1742 444 1783 cum
473 1723 644 1783 eccentrico
675 1722 991 1795 demonstraverimus,
1022 1721 1085 1800 jam
1119 1719 1224 1782 statim
1257 1723 1377 1802 postulo
1407 1733 1442 1784 ut
1464 1743 1520 1804 pro

165 1811 381 1872 demonstratis
420 1812 448 1872 in
483 1813 538 1873 hoc
577 1830 692 1893 quoque
726 1811 933 1891 Copernicano
966 1830 1018 1872 seu
1050 1809 1209 1872 Braheano
1234 1812 1425 1874 concentrico
1450 1833 1517 1874 cum

165 1901 280 1961 duobus
325 1901 469 1981 epicyclis
508 1902 556 1962 vel
591 1903 846 1983 eccentrepicyclo
885 1900 1064 1979 accipiatur:
1099 1918 1166 1960 narn
1198 1900 1363 1982 perexigua
1395 1902 1522 1965 inventa

167 1997 215 2049 est
240 1990 409 2051 differentia
433 2009 526 2070 snpra
549 2010 617 2071 cap.
641 1992 698 2052 IV.

751 2222 936 2230 *ιιι-..-

737 2400 856 2499 Caput
883 2399 944 2473 VI.

167 2558 225 2623 De
248 2557 495 2644 aequipollentia
526 2562 741 2643 hypothesium
770 2559 956 2635 Ptoleruaei,
990 2558 1157 2642 Caperrtici
1186 2567 1215 2622 et
1238 2557 1379 2633 Bralrei,
1409 2564 1520 2644 quibus

168 2649 428 2733 inaequalitatem
447 2648 650 2732 plantatorum
672 2649 843 2712 secundam
875 2651 1142 2722 derisomtraruut,
1173 2650 1303 2731 etquid
1331 2651 1479 2733 sinqulac
1501 2674 1520 2712 a

169 2761 203 2803 so
233 2742 315 2822 ipsis
337 2741 500 2821 dirimant,
533 2741 659 2822 quando
684 2740 728 2800 ad
751 2747 955 2820 apparentem
978 2747 1007 2800 et
1036 2739 1162 2819 quando
1192 2738 1236 2800 ad
1267 2741 1405 2803 medium
1435 2741 1521 2805 Solis

628 2836 743 2890 motum
765 2831 1052 2892 aceorumodautur.

256 2971 377 3032 Dictum
403 2978 450 3030 est
474 2971 618 3031 haetenus
643 2971 679 3029 de
695 2969 913 3050 hypothesibus
936 2971 1049 3050 primae
1071 2969 1258 3048 planetarum
1280 2969 1519 3050 inaequalitatis,

170 3082 246 3143 quae
271 3059 448 3134 absolvitur,
475 3061 591 3139 quoties
615 3060 738 3138 planeta
758 3062 795 3121 ad
816 3062 895 3122 idem
914 3061 1030 3138 siguum
1049 3059 1165 3119 zodiaci
1184 3059 1271 3121 redit.
1302 3060 1389 3121 h'unc
1404 3064 1519 3123 transi·

172 3172 237 3212 rurus
262 3152 299 3210 ad
325 3151 451 3210 alteram
477 3150 737 3229 inaequalitatem,
763 3171 838 3231 quae
863 3169 919 3210 non
945 3150 973 3210 in
998 3148 1148 3210 constanti
1172 3148 1271 3227 aliquo
1297 3158 1328 3210 et
1351 3169 1409 3211 uno
1434 3152 1520 3231 signo

168 3241 295 3309 zodiaci,
321 3240 373 3298 sed
408 3239 436 3298 in
470 3240 677 3318 eovrjunctiaae
708 3240 755 3300 vel
785 3237 973 3319 oppositione
998 3237 1079 3299 Solis
1103 3257 1167 3298 curu
1191 3238 1316 3316 planeta
1338 3239 1518 3302 absolvitur.

167 3331 253 3392 llanc
280 3329 371 3408 igitur
395 3327 587 3393 veherneuter
611 3329 708 3389 mirati
734 3336 804 3390 sunt
827 3329 979 3389 homines:
1004 3346 1183 3406 causarisque
1203 3328 1281 3389 alius
1296 3329 1388 3389 aliam
1404 3331 1516 3401 attulit,

169 3439 227 3501 aqua
251 3422 344 3490 lieret,
371 3426 402 3476 ut
428 3418 552 3495 planeta
571 3421 691 3496 junctus
715 3418 779 3480 Soli
802 3419 976 3479 redderetur
999 3418 1096 3489 velox,
1122 3417 1262 3490 directus,
1288 3419 1368 3479 altus
1393 3429 1424 3480 et
1440 3440 1513 3499 par·

168 3529 233 3574 vus,
260 3520 291 3567 at
316 3526 331 3566 e
356 3506 477 3584 regione
502 3507 583 3568 Solis
608 3510 819 3586 retrogradus,
859 3507 977 3568 humilis
1002 3516 1031 3568 et
1056 3524 1195 3584 maguus,
1221 3506 1406 3569 intermediis
1432 3519 1512 3569 tern-

168 3597 290 3679 puribus
315 3596 511 3658 stationarius
537 3608 565 3658 et
590 3598 757 3660 irrediocrls.

257 3686 359 3765 Latini
393 3694 531 3748 auctores
564 3687 623 3747 vim
656 3688 754 3749 inesse
785 3705 925 3748 censuere
950 3684 1031 3749 Solis
1060 3683 1232 3764 aspectibus
1257 3692 1287 3746 et
1310 3685 1424 3759 radiis,
1460 3706 1519 3768 qua

166 3779 308 3857 planetae
343 3776 435 3835 ceteri
469 3776 497 3836 in
532 3777 574 3837 rei
607 3777 736 3838 veritate
769 3777 1008 3838 attraherentur:
1048 3793 1171 3856 quorum
1199 3775 1351 3835 sententia
1383 3777 1515 3836 numeris

167 3865 271 3946 nequit
296 3866 506 3933 demonstrari,
532 3886 622 3946 quare
648 3887 705 3927 uon
731 3875 777 3927 est
793 3864 1008 3927 astronomica:
1035 3866 1087 3925 sed
1104 3883 1158 3924 nec
1177 3864 1357 3937 verisimilis,
1383 3865 1515 3927 inventis

168 3956 246 4017 veris
273 3954 389 4015 causis:
415 3964 446 4015 et
469 3957 628 4016 manifeste
654 3957 742 4028 salsa,
767 3972 832 4016 cnm
856 3953 1004 4016 Saturnus
1028 3953 1154 4032 incipiat
1178 3953 1365 4016 retrocedere
1389 3955 1419 4016 in
1440 3975 1516 4035 qua·

172 4043 356 4106 tremsals
378 4043 424 4102 vel
445 4043 533 4116 ultra,
558 4043 676 4124 Jupiter
690 4047 718 4107 in
735 4046 823 4113 trino,
847 4046 931 4105 Mars
947 4043 974 4103 in
990 4043 1138 4124 biquiutili
1158 4044 1292 4105 velante
1305 4044 1514 4127 mandram,

170 4131 355 4196 inconstanti
380 4132 538 4194 intervallo
562 4154 673 4194 omnes.
1038 4168 1044 4181 ι

258 4222 451 4283 Ptolemaeus
475 4223 567 4298 dixit,
600 4224 665 4287 loco
690 4233 772 4286 certo
797 4222 899 4284 circuli
922 4220 1099 4303 planetarii,
1124 4220 1173 4301 qni
1195 4218 1308 4283 sufficit
1327 4216 1446 4303 prim
1466 4220 1516 4287 ln·

170 4311 359 4395 aequalitati,
384 4310 473 4372 sarum
498 4333 564 4373 esse
587 4330 648 4377 non
670 4316 824 4394 planetam
849 4313 957 4392 ipsum,
979 4310 1035 4375 nd
1056 4318 1194 4375 centrum
1215 4308 1343 4392 epicycli
1360 4308 1518 4391 planem

166 4405 195 4465 in
230 4422 285 4464 sua
322 4401 563 4465 circumferentia
593 4400 683 4467 hum
715 4402 868 4475 vehentis,
902 4400 951 4483 qni
980 4398 1114 4463 meusim
1140 4396 1267 4462 vehatur
1288 4418 1309 4461 a
1330 4396 1445 4463 cuculo
1465 4400 1516 4465 illa

167 4493 309 4572 planetae
334 4488 478 4569 capitali:
503 4492 629 4553 sormam
653 4504 751 4553 motus
775 4493 852 4553 hanc
875 4509 954 4561 esse,
976 4496 1011 4553 ut
1032 4489 1059 4550 si
1080 4499 1216 4551 centrum
1239 4486 1365 4573 epicycli
1384 4488 1429 4553 aie
1450 4508 1516 4553 eum

168 4582 250 4656 Sole,
286 4579 412 4660 planeta
441 4600 556 4661 quoque
585 4582 625 4641 sit
647 4582 678 4645 in
699 4582 824 4665 epicycli
849 4600 963 4641 summo
987 4589 1201 4659 moventurque
1226 4597 1290 4638 cum
1314 4574 1388 4639 Sole
1409 4588 1517 4661 aar*

170 4672 290 4752 plagam
314 4669 450 4745 eandem,
477 4668 548 4732 Sole
572 4691 591 4731 a
614 4674 718 4735 centra
741 4671 829 4750 hujus
853 4669 977 4750 epieycli
1001 4670 1160 4730 recedente
1193 4667 1338 4739 (velocior
1367 4666 1517 4735 cautu:

169 4761 252 4834 illo),
291 4758 444 4839 planetam
467 4759 555 4821 simul
585 4756 766 4849 descendere
791 4761 820 4821 in
844 4760 999 4839 epicyclo:
1032 4778 1097 4821 curn
1131 4766 1231 4819 autem
1264 4765 1363 4823 motus
1390 4738 1551 4845 epicych

167 4850 210 4912 sit
231 4846 363 4913 velocior
384 4848 467 4915 circe
489 4868 575 4913 enum
597 4834 733 4912 &aaa
757 4836 845 4936 quiin
868 4856 968 4911 motus
988 4849 1083 4913 centri
1102 4848 1184 4911 circa
1201 4846 1335 4921 Terram,
1359 4843 1514 4922 blandesi,

551 5030 605 5139 1.
