3374 5528
422 326 795 387 decommuribismotn
811 324 1014 385 effluam
1351 322 1393 398 32

38 503 184 568 indubio
206 525 319 588 ponere
341 509 513 585 voluissem,
537 511 621 592 potui
642 511 737 575 totius
758 511 849 593 hujus
871 511 941 575 anni
960 505 1237 574 tatemerem
1264 510 1394 575 maximo

38 594 251 676 supersedere.
295 600 402 680 Itaque
422 597 523 675 scias,
547 599 776 682 diligentissime
798 619 846 664 me
869 616 992 682 operam
1014 600 1104 674 dare,
1135 607 1170 662 ιι
1195 619 1262 663 cnm
1285 598 1394 662 obser·

39 683 217 748 vatiombns
240 693 319 749 stem
331 687 371 750 ad
386 707 524 770 unguem.
548 687 617 752 Nisi
631 690 689 752 hoo
702 709 833 772 agerem,
856 710 916 753 non
930 697 977 753 tot
986 690 1052 771 jam
1064 688 1170 752 modos
1184 688 1395 771 aequationum

40 773 175 837 eccentri
197 774 404 859 physicarum,
427 778 468 840 ad
490 775 534 842 20
556 780 635 855 lere,
663 787 872 844 attentassem.
919 780 965 842 Tu
992 778 1095 861 itaque
1124 776 1211 841 differ
1237 777 1394 859 iudicium,

40 862 138 925 donec
160 863 358 928 fundamenta
379 885 449 929 mea
469 886 571 930 coram
592 868 708 931 videas.

129 952 270 1034 Denique
302 956 368 1019 vale
400 963 433 1023 et
462 976 552 1041 quarn
582 957 709 1039 primum
740 956 891 1034 rescribe,
928 965 977 1033 ut,
1011 976 1069 1039 quo
1101 957 1200 1021 animo
1232 955 1277 1019 sis
1308 954 1397 1019 lectis

42 1041 138 1116 hisce,
165 1040 295 1106 videam.
411 1112 414 1117 ,

131 1127 206 1191 Quae
223 1132 332 1198 reliquae
348 1139 408 1185 eant
423 1133 512 1187 mmm
530 1132 592 1198 (nen
614 1135 737 1200 adsumpto
761 1142 885 1199 tempere,
912 1149 960 1200 quo
977 1134 1054 1186 datae
1078 1132 1148 1195 anat)
1171 1133 1310 1193 imarum,
1335 1145 1398 1199 qnae

42 1200 182 1266 mann·
199 1202 299 1255 exbibet
317 1203 376 1255 cod
389 1203 547 1265 Viennensis,
565 1207 682 1274 leguntur
698 1209 724 1257 in
741 1206 895 1272 praelatione
913 1206 947 1256 ad
966 1205 1094 1265 „Tabulae
1111 1203 1254 1256 Lunaree.“

131 1270 207 1334 Quae
224 1273 347 1340 Keplerue
364 1277 390 1326 in
408 1277 480 1328 modo
497 1279 637 1344 praemissis
655 1279 686 1329 de
703 1279 727 1327 ri
740 1275 803 1327 Solia
815 1277 930 1341 planetae
941 1278 1054 1343 capiente
1066 1274 1271 1342 lengomentane
1289 1275 1394 1341 eerlpalt.

43 1343 118 1408 pauit
133 1351 193 1408 poet
204 1343 285 1409 (linio
298 1341 390 1409 loos.)
402 1347 435 1400 ad
452 1349 501 1398 rim
513 1347 577 1400 Solle
591 1346 792 1416 ¹,reraguetieaml
806 1348 934 1407 cannen,
952 1344 1146 1416 llegnlentlo
1159 1347 1239 1413 Angla
1250 1344 1397 1410 (lleydono)

43 1424 72 1474 ⁴·
89 1438 168 1489 φῦ·
185 1438 231 1475 aue
247 1423 312 1478 haee
329 1427 407 1478 sm:
431 1419 656 1484 Commentaria
677 1420 788 1484 Martis
811 1419 861 1481 edi
884 1439 944 1482 non
966 1427 1103 1501 possunt,
1125 1419 1184 1481 nisi
1207 1437 1263 1498 ego
1286 1437 1396 1480 assen-

44 1523 125 1579 sum,
150 1503 269 1569 Caesar
292 1516 408 1570 sumtus
428 1509 632 1589 praebuerit..
658 1509 744 1583 Quae
770 1517 804 1571 ιι
836 1528 874 1570 ex
897 1507 936 1571 iis
967 1515 1142 1591 exspectas,
1175 1506 1398 1569 correctissima

45 1593 112 1654 loca
136 1594 248 1656 stellae
270 1596 397 1672 Martis,
429 1616 467 1660 ea
496 1616 603 1680 parum
634 1618 690 1680 ego
722 1616 793 1661 curo
815 1616 889 1677 prae
912 1598 998 1673 aliis,
1026 1615 1102 1679 quae
1124 1596 1174 1658 hic
1197 1594 1346 1657 attentavi
1368 1603 1401 1656 et

43 1680 151 1744 divina·
171 1683 273 1764 gratia
287 1693 444 1748 assecutus
461 1705 536 1750 sum.
573 1689 660 1752 Duae
682 1695 761 1764 sunt,
785 1695 819 1748 ιι
833 1687 923 1761 nosti,
946 1687 1135 1766 planetarum
1154 1684 1401 1767 inaequalitates,

44 1770 143 1833 altera
163 1788 206 1833 ex
229 1772 302 1836 Sole
325 1775 490 1839 communis
515 1777 667 1853 omnibus,
701 1778 799 1839 altera
829 1776 934 1857 cuique
966 1774 1097 1856 propria.
1133 1775 1233 1857 ,Illam
1265 1791 1322 1852 ego
1355 1773 1400 1834 sic

44 1860 239 1942 investigavi,
262 1871 297 1924 nt
319 1882 445 1944 sperem,
469 1865 605 1928 omnibus
629 1874 757 1949 quatuor
779 1864 908 1930 residuis
932 1863 1166 1927 satisfacturam.
1212 1864 1300 1926 Hane
1326 1880 1399 1943 per·

44 1947 244 2014 tinaciemmis
275 1951 428 2017 laboribus
459 1954 609 2035 tantisper
637 1955 783 2030 tractavi,
816 1961 850 2016 ut
880 1953 1007 2034 denique
1038 1970 1105 2015 sese
1133 1959 1259 2015 naturae
1281 1950 1400 2031 legibus

45 2040 267 2115 accommodet,
291 2040 409 2123 itaque,
442 2045 522 2125 qnod
544 2044 622 2107 banc
646 2044 771 2119 attinet,
804 2043 841 2104 do
875 2042 1062 2104 astronomia
1094 2039 1158 2102 sine
1180 2039 1400 2123 hypothesibus

46 2127 213 2191 constituta
234 2129 360 2210 gloriari
381 2133 506 2212 possim.
553 2132 621 2204 Quo
652 2134 770 2195 nomine
793 2132 931 2212 gratulor
952 2141 1074 2193 vestrae
1097 2129 1180 2209 genti
1207 2130 1245 2191 de
1274 2129 1400 2190 inventa

46 2234 96 2295 per
119 2216 318 2282 Gnilielmum
348 2218 469 2284 Gilbert
497 2220 692 2303 philosophia
721 2214 934 2301 magnetica.⁸)
979 2221 1058 2283 Nam
1082 2237 1120 2280 ea
1146 2218 1236 2300 plane
1266 2216 1340 2280 mihi
1368 2224 1402 2279 et

47 2304 347 2387 inplaneta'ldarte
369 2308 494 2372 inventa
515 2318 572 2372 ιιι
618 2312 698 2374 Nam
721 2310 877 2394 quidest,
909 2310 988 2391 qnod
1019 2309 1161 2391 planetas
1192 2307 1274 2373 cirea
1296 2306 1401 2369 Solem

48 2396 126 2475 rapit
148 2397 359 2470 (consentiunt
381 2397 461 2461 enim
475 2399 578 2481 Tycho
602 2408 633 2462 et
649 2399 834 2481 Copemicus
848 2399 879 2462 in
898 2402 960 2474 eo),
983 2397 1055 2480 quid
1070 2398 1150 2459 enim
1168 2395 1228 2461 nisi
1251 2394 1401 2458 silluvium

49 2483 128 2546 Solis
150 2485 377 2565 magneticum?
422 2487 504 2560 Quid
527 2508 598 2551 vero
621 2497 678 2565 est,
703 2489 782 2572 quod
804 2488 944 2568 planetas
968 2487 1042 2550 lacit
1064 2507 1083 2548 a
1107 2486 1179 2550 Sole
1202 2485 1399 2558 eccentricos,
1464 2563 1471 2571 1

49 2572 123 2652 quod
147 2581 240 2653 cogat
259 2573 345 2656 ipsos
369 2576 408 2638 ad
427 2576 532 2641 Solem
554 2579 707 2654 accedere,
731 2577 769 2640 ab
793 2595 828 2639 eo
851 2576 1012 2639 recedere?
1051 2577 1167 2657 Nempe
1191 2575 1339 2639 effluvium
1362 2591 1401 2634 ex

51 2661 119 2740 ipsis
142 2662 336 2743 planetarum
358 2667 533 2748 corporibus
556 2667 755 2748 magneticum
778 2674 810 2728 et
832 2666 958 2747 directiq
982 2664 1059 2728 axis.

131 2754 239 2834 Atque
262 2754 338 2817 haee
360 2755 460 2817 omnia
482 2756 642 2819 ratiocinia
663 2757 694 2820 in
707 2756 872 2820 Martesic
891 2763 962 2818 sunt
984 2761 1166 2836 comparata,
1191 2759 1225 2814 nt
1246 2758 1299 2813 aut
1321 2750 1401 2812 salsa

52 2858 114 2902 ease
138 2859 267 2904 maesse
291 2845 348 2920 sit,
381 2853 434 2907 aut
466 2846 603 2909 omnibns
631 2846 761 2927 planetis
785 2845 884 2927 quoad
906 2845 1083 2926 qualit-atem
1106 2841 1283 2904 communia
1331 2838 1400 2912 Quo

51 2930 166 2993 nomine
179 2931 328 2996 clavem
342 2935 603 2998 astronomiae
616 2935 830 3017 penitioris
845 2935 876 2997 in
885 2934 1004 3016 Opticis
1016 2934 1084 3014 jure
1093 2930 1271 3014 promisisse
1286 2928 1398 2991 videor.

137 3159 216 3229 ⁰92¹
244 3162 373 3232 Marini
402 3167 536 3233 inscripto:
574 3165 844 3234 supplementum
873 3162 1122 3230 Ephsmeridum
1152 3172 1188 3213 ae
1218 3156 1402 3210 tabulatum

51 3232 266 3287 secandorum
289 3237 461 3292 mobilium.
498 3238 614 3290 Frankol.
641 3253 666 3289 a
684 3237 719 3289 it
741 3234 819 3293 11111,
845 3236 945 3288 additae
968 3243 1028 3286 aunt
1047 3234 1136 3284 literae
1160 3229 1283 3298 quaedam
1300 3228 1402 3294 Keplerl

52 3303 81 3353 ed
97 3303 242 3371 legiam.
270 3322 373 3374 quarum
399 3312 545 3375 peruriorea
571 3311 597 3361 in
625 3316 708 3360 ιιιοι
737 3307 771 3360 N.
790 3305 826 3357 80
849 3314 967 3373 aequente
994 3305 1154 3358 exhibuimus
1195 3302 1292 3353 Priores
1319 3309 1404 3351 antem

52 3388 134 3427 esau
161 3374 205 3429 hta
230 3380 379 3431 neruda
404 3380 479 3438 aunt.
507 3396 564 3432 cnm
589 3383 698 3448 proxime
723 3381 866 3445 pertineant
893 3379 925 3431 ad
953 3392 1000 3445 ιι,
1027 3391 1091 3443 quae
1109 3375 1233 3440 Ksplerue
1258 3373 1290 3424 de
1316 3370 1404 3423 dedens

52 3447 100 3512 etit
125 3447 203 3499 eahae
230 3465 288 3503 ιιιιι
311 3450 480 3505 florento
507 3460 534 3505 et
560 3453 718 3504 l'abrlelo.
755 3450 872 3517 ldaginua
896 3452 923 3500 in
950 3448 1055 3515 epistola
1076 3447 1231 3499 dedicatoria
1256 3442 1290 3495 ad
1314 3442 1403 3510 Agesi-

54 3517 117 3569 lm
135 3516 457 3583 Nareaeottumlraee
472 3525 627 3591 praemittit:
655 3524 685 3575 ln
703 3523 741 3574 hia
759 3522 846 3573 Martia
871 3521 961 3573 tabulis
979 3535 1010 3572 ao
1029 3518 1124 3571 calculo
1146 3522 1263 3585 ιιιιιιιι
1280 3529 1336 3566 mm
1353 3520 1403 3564 ter·

54 3590 131 3640 the·
149 3588 327 3658 hyesdem
344 3593 454 3660 Kepleri.
491 3592 634 3653 Ριιιιιιιι.
653 3602 682 3646 ιι
699 3594 754 3645 'libi
772 3594 798 3645 in
814 3593 862 3644 hoc
880 3588 975 3659 quoque
997 3593 1157 3657 obsequerer.
1182 3587 1304 3654 publicavi
1322 3584 1404 3636 erudi·

57 3661 177 3713 &hu
193 3662 299 3729 Kepleri
318 3666 447 3731 epistolam
464 3666 549 3725 iilam,
576 3680 650 3733 quam
669 3666 701 3718 ad
718 3681 759 3718 une
777 3679 843 3716 anno
864 3662 940 3715 root.
960 3663 1118 3728 consempsit,
1145 3674 1202 3712 enm
1218 3657 1304 3722 ‘lyeho
1322 3657 1405 3709 ιιιιι

56 3733 163 3794 'imo
191 3736 315 3802 *inlidat
331 3736 377 3788 iila
395 3739 451 3803 lpaa
469 3740 502 3790 ad
520 3739 711 3807 intelligentiam
737 3737 840 3804 insignia
864 3737 928 3787 illiue
954 3737 1034 3801 operia
1056 3735 1088 3786 de
1109 3739 1178 3783 motu
1194 3730 1284 3783 uuus
1302 3728 1407 3780 ιιιιιιιι

56 3801 114 3856 heta
131 3804 249 3859 ahoe
284 3807 376 3860 raon
393 3817 477 3861 autem
495 3813 617 3877 ingenue,
634 3825 675 3862 ιιι
693 3809 726 3860 ad
743 3808 812 3860 illam
830 3815 889 3859 tune
906 3814 936 3859 ut
952 3821 998 3872 par
1015 3812 1070 3859 erat
1087 3820 1136 3856 ιιι
1159 3801 1329 3869 reapondisse,
1349 3812 1406 3852 ιιιι

56 3877 201 3942 W
221 3890 278 3931 m
296 3879 373 3931 luteae
385 3881 508 3945 l'vchenia
526 3881 627 3933 hortatu
645 3882 678 3932 ad
693 3894 734 3931 me
752 3881 924 3945 conscriptam,
943 3885 972 3928 ut
990 3891 1022 3929 aa
1039 3891 1107 3929 anre
1124 3875 1166 3927 ilie
1184 3875 1294 3925 obtinere
1312 3876 1406 3938 posset.

58 3960 117 4010 t¹¹⁰
134 3949 217 4015 pule
237 3956 296 4002 ante
313 3951 362 4016 ipsi
378 3951 489 4017 hebeni
509 3953 657 4014 obtuleram,
675 3953 724 4003 hac
741 3952 894 4017 potissimum
912 3949 1065 4006 conditione,
1084 3953 1113 3999 nt
1129 3945 1189 3997 mibi
1206 3959 1263 3996 rere
1282 3956 1406 3995 commen·
1444 3994 1448 4001 ,

59 4021 197 4072 tatiane·
216 4021 312 4073 atim
330 4026 512 4076 communitam
523 4024 615 4083 ιιΙΙιις
634 4023 737 4075 sthene
754 4037 836 4074 meam
855 4022 1019 4088 suspicionem
1037 4021 1114 4078 auxit
1133 4017 1197 4084 qaod
1208 4017 1302 4070 nulium
1318 4021 1407 4080 poetae

57 4090 192 4158 m
212 4093 317 4158 1δίμο
333 4093 450 4159 Tyebone
469 4112 611 4161 responsum
630 4094 676 4148 do.

134 4171 213 4225 liaeo
231 4173 308 4240 igitur
325 4174 394 4227 dedit
410 4175 535 4243 Kepierm
552 4176 666 4244 Magire:
703 4167 738 4231 Si
759 4174 864 4229 mutua
892 4163 1043 4228 bominum
1074 4159 1185 4224 notitia
1214 4160 1359 4241 penderet
1387 4179 1408 4223 a

58 4253 114 4316 eolo
138 4271 311 4335 congressu
333 4264 366 4320 et
387 4258 497 4322 intuitu
520 4257 641 4333 vultus,
672 4256 802 4336 longiori
831 4256 935 4317 forsan
968 4251 1092 4315 exordio
1123 4249 1197 4312 mihi
1227 4268 1302 4329 opus
1326 4256 1409 4310 esset

56 4341 247 4426 pluribusque
271 4345 459 4429 ambagibus,
485 4346 599 4430 quibus·
614 4347 645 4408 in
667 4352 751 4408 tuam
773 4344 868 4425 ignoti
890 4340 1128 4406 familiaritatem
1146 4357 1214 4418 ego,
1238 4337 1408 4402 Germanus

57 4430 150 4509 bno,
167 4433 221 4516 qui
237 4452 391 4518 nunquam
405 4437 526 4500 Italiam
539 4434 611 4510 vidi,
628 4434 784 4515 pervenire
800 4432 1022 4496 contenderem
1052 4430 1095 4492 Te
1111 4427 1184 4490 mihi
1202 4425 1319 4498 literae,
1336 4444 1407 4488 coe-

60 4517 146 4586 lestes
171 4530 274 4600 artes,
299 4526 439 4610 famaque
463 4525 591 4589 celebris
615 4524 659 4586 ita
681 4530 786 4586 netum
808 4521 1018 4594 reddiderunt,
1045 4526 1080 4581 ut
1102 4512 1409 4609 summapraeditum

60 4607 240 4677 humanitate
264 4633 340 4695 erga
361 4605 483 4679 ex'tsros
506 4613 614 4678 mento
637 4613 773 4689 credam3
797 4631 891 4694 eaque
907 4611 1003 4672 hctus
1016 4607 1126 4670 fiducia
1139 4613 1207 4669 tuas
1224 4603 1326 4676 aedes,
1349 4622 1409 4666 nou

63 4710 122 4764 este
143 4702 379 4768 denuntiatione
402 4706 500 4782 lacta,
532 4704 572 4767 da
594 4703 730 4779 veniam,
762 4709 846 4765 recta
871 4700 1005 4781 injussus
1028 4695 1197 4778 ingredior,
1225 4710 1279 4773 per
1302 4691 1409 4755 literas

63 4795 161 4870 ίκιιι,
181 4794 453 4876 praestantissime
468 4794 602 4876 Magine,
626 4793 663 4855 de
687 4790 891 4855 communibus
910 4787 1019 4852 studiis
1035 4785 1246 4849 collocutums.
1283 4781 1409 4844 Mathe-

65 4880 178 4947 mrim
201 4882 385 4969 disciplinas
407 4880 565 4970 procerum
577 4881 700 4969 styriae
722 4879 882 4964 stipendiis
897 4877 1018 4962 adjutus
1040 4874 1109 4939 inde
1125 4866 1408 4941 attemperies
