3368 5534
175 294 218 367 62
591 303 691 356 literae
710 304 811 370 Kepieri
830 304 979 372 aliorumque
996 310 1097 357 mamae

173 480 276 543 primum
295 480 384 543 incipio
403 495 503 531 manum
523 482 652 532 admerere
672 490 768 536 aratro.
792 489 877 548 utpote
895 485 935 547 qui
953 484 1074 533 hactenus
1096 483 1153 532 solis
1171 483 1382 532 observationibus
1400 490 1427 533 et
1444 483 1521 533 labri-

170 550 257 601 eaudis
270 550 385 602 Uranicis
403 554 571 608 instrumentis
589 569 688 617 operam
701 554 816 605 dederim.
843 554 920 618 Cupio
938 570 1004 605 nnnc
1022 556 1066 604 abs
1079 562 1113 611 te,
1132 555 1165 602 mi
1183 553 1387 604 excelientissime
1400 555 1521 619 Keplere.

170 622 197 670 ιι
215 621 359 685 quibusdam
379 623 469 674 doceri.
496 623 534 674 Tu
551 624 609 674 mibi
628 624 660 673 Ι).
675 625 799 688 Tychenis
817 626 871 675 lece
890 628 914 676 in
933 633 1055 690 postorum
1074 640 1165 689 quaese
1178 626 1219 681 sis.
1239 631 1265 675 et
1278 625 1423 689 Cynosurae
1440 627 1522 676 instar

168 692 227 742 uribi
244 694 270 741 in
283 700 353 742 reste
370 694 417 744 hoc
431 698 648 755 asuonomicerum
667 698 837 746 exercitiorum
848 699 909 747 mari
929 698 1061 755 constitute
1080 703 1106 746 et
1118 696 1244 746 dubiorum
1262 697 1375 760 procellis
1393 698 1521 748 interdurn

169 765 270 829 egregie
288 772 376 815 rorate
394 773 421 815 et
438 781 455 817 a
471 769 522 817 reri
539 769 633 817 itineris
652 771 750 818 tramite
770 769 874 830 dejecto,
894 768 1046 832 praelucens.
1071 767 1185 828 Quantus
1204 783 1292 831 nempe
1310 770 1353 828 sis,
1373 784 1424 818 nen
1442 769 1521 817 ιιιιιιι

168 834 315 885 Prodromus
333 843 390 885 tuns
408 839 530 895 ostendit,
549 839 593 888 sed
612 841 686 888 etiam
706 839 738 888 D.
758 839 791 889 D.
811 840 956 889 Franciscus
975 847 1001 889 et
1018 839 1144 889 iohannes
1167 840 1226 888 milri
1252 841 1336 889 crebro
1360 848 1520 904 aperuerunt

258 905 312 966 Quo
331 910 452 972 usquein
471 916 580 959 metrum
598 912 747 960 comestione
771 926 912 975 progressus
931 912 963 960 sis
982 917 1008 960 et
1026 925 1099 974 quam
1117 910 1235 969 ieiiciter.
1254 912 1317 960 scire
1335 913 1416 974 cupio.
1455 912 1521 961 Vide

168 983 253 1027 tamen
271 992 303 1026 ue
315 977 384 1027 liars
402 980 445 1028 tibi
464 982 497 1029 sit
509 980 592 1039 liora3
611 983 684 1030 nirnie
699 983 764 1031 euim
782 982 861 1030 studio
879 997 956 1045 saepe
973 982 1095 1031 nobismet
1105 983 1164 1044 ipris
1176 989 1280 1031 mortem
1298 983 1471 1032 conciliamus.
1487 1006 1521 1016 ·-

168 1050 216 1097 Ars
229 1072 261 1082 -
275 1047 344 1098 biars
357 1077 389 1087 —
402 1049 477 1100 Mers.
493 1077 524 1086 -
538 1053 585 1100 Ars
602 1055 757 1116 persequitur
768 1053 884 1112 Martem,
898 1053 966 1103 Mars
978 1067 1034 1101 rere
1047 1051 1153 1102 Mortem
1166 1066 1270 1103 causare
1288 1053 1352 1102 celet
1370 1068 1476 1103 rursum.
1488 1079 1521 1089 -

170 1118 262 1170 Ultimo
281 1133 387 1183 quaere,
405 1135 440 1171 an
459 1122 627 1186 deprehendas
646 1123 734 1174 Martis
759 1131 853 1173 metum
878 1127 957 1189 magis
977 1123 1073 1187 apheiio
1091 1138 1165 1187 quam
1184 1137 1296 1188 apogaeo
1314 1126 1465 1188 respondere
1484 1123 1521 1173 rel

171 1188 231 1241 cuit
270 1191 490 1255 Extemporaeenm
509 1195 590 1244 stilum
614 1211 717 1260 eumque
742 1197 858 1246 naucum
877 1203 903 1246 et
925 1195 1060 1258 impolitum
1082 1196 1139 1245 beni
1163 1195 1271 1245 consule.
1309 1195 1348 1245 De
1374 1197 1455 1245 rerbis
1475 1211 1522 1261 ego

172 1260 291 1312 sellicitus
309 1278 443 1327 nunquam,
461 1279 517 1314 amo
535 1281 582 1316 res.
604 1296 636 1305 -
1234 1288 1238 1299 ·
1303 1288 1307 1297 ·

257 1341 349 1392 Eodem
369 1358 416 1408 que
433 1345 496 1395 haec
514 1348 612 1409 erripuit
625 1348 750 1396 Fabricius
769 1347 809 1396 die
822 1346 884 1396 alias
903 1345 998 1395 eddidit
1014 1346 1107 1401 literas.
1126 1345 1174 1395 bac
1186 1348 1323 1409 praemissa
1340 1348 1519 1397 excusatione:

169 1411 249 1472 Quid,
266 1427 372 1477 quaese,
401 1414 431 1464 de
450 1423 523 1466 tanta
545 1418 669 1468 literarum
688 1419 751 1467 mele
770 1419 848 1482 deque
866 1424 903 1466 tet
920 1417 1103 1481 quaestionibus
1127 1425 1153 1466 et
1174 1419 1304 1480 prepositis
1331 1418 1412 1467 dubiis
1431 1417 1520 1468 dices?

169 1482 242 1532 Certe
261 1485 282 1532 si
301 1485 332 1533 de
351 1493 395 1535 tua
412 1487 568 1538 humanitate
587 1489 737 1546 dubitarem,
761 1497 786 1539 te
805 1490 834 1537 iis
852 1488 971 1537 edentum
989 1490 1018 1538 iri
1037 1489 1208 1539 existimarem.
1247 1488 1355 1550 Tantum
1373 1503 1431 1538 rere
1451 1505 1519 1539 nunc

169 1554 250 1610 abest,
268 1562 297 1604 ut
313 1555 379 1606 hanc
402 1573 484 1608 meam
508 1560 654 1610 familiarem
672 1561 883 1624 compellationem
902 1566 927 1609 te
945 1561 1010 1610 male
1032 1559 1171 1609 habitururn
1196 1567 1294 1623 putem.
1322 1566 1351 1607 ut
1369 1559 1457 1608 leonori
1477 1570 1520 1610 tuo

172 1638 299 1675 cessurum
317 1634 343 1675 et
360 1631 466 1679 menime
485 1631 592 1688 credam.
612 1639 640 1681 ut
651 1634 691 1695 qui
709 1632 859 1696 singularem
878 1631 908 1680 de
919 1632 1021 1680 'summa
1037 1631 1131 1694 ingenii
1143 1633 1178 1679 tui
1192 1630 1292 1681 Uraoici
1310 1627 1362 1689 (cui
1375 1630 1438 1680 nibil
1456 1646 1519 1681 saue

171 1693 254 1757 deest)
274 1695 392 1749 felicitate
411 1708 437 1750 et
454 1701 556 1751 solertia
574 1704 711 1767 opinionem
730 1703 821 1752 dudum
839 1703 985 1765 acceperim.
1023 1703 1115 1765 Accipe
1133 1703 1207 1766 igitur
1224 1716 1311 1750 sereno
1330 1703 1432 1759 anime,
1452 1717 1518 1767 quae

167 1781 233 1817 nunc
252 1771 325 1817 tertie
344 1771 369 1818 in
388 1778 495 1821 mentem
513 1775 593 1823 subito
613 1781 740 1824 renerent

258 1847 392 1912 Postquain
410 1851 550 1915 perplexum
569 1861 595 1903 et
612 1854 759 1904 laboriosum
780 1854 838 1904 iliud
856 1853 1055 1917 inquirendarum
1074 1853 1286 1921 eccentricitutum
1304 1867 1365 1915 epus
1384 1867 1521 1918 aggressus

171 1933 233 1973 sum.
253 1929 366 1982 expertus
384 1937 518 1979 sum.,rem
536 1925 612 1975 multe
631 1926 702 1975 aliter
720 1926 855 1975 rehabere
874 1938 947 1988 quam
965 1924 1087 1974 hactenus
1105 1924 1257 1974 crediderim.
1284 1923 1337 1988 ago
1356 1939 1386 1972 er
1408 1927 1522 1975 omnibus

167 1990 324 2052 acrenychiis
342 2007 418 2042 unam
437 2002 462 2044 ct
480 1996 584 2045 eandem
612 1999 822 2047 eccentn'citatem
848 1997 998 2059 prodituram
1021 1996 1080 2044 mibi
1107 2009 1284 2057 persuaseram.
1321 1993 1372 2044 Sed
1392 1993 1436 2044 Dii
1455 1997 1522 2049 beni.

168 2075 233 2126 quae
251 2063 373 2120 varietas,
403 2080 467 2130 quae
494 2068 673 2132 inaequalitas!
705 2068 741 2118 Er
760 2068 912 2130 aerenycbiis
940 2081 1014 2130 prope
1042 2080 1179 2130 apogaeum
1206 2067 1317 2128 utrinque
1345 2065 1421 2130 lenge
1440 2070 1522 2130 major

169 2135 342 2183 eoeentricitas
361 2135 435 2185 datur
452 2152 525 2201 quam
543 2141 568 2187 in
587 2141 702 2203 oppositis
720 2139 798 2196 locis;
816 2139 873 2189 inde
893 2144 1005 2194 constat,
1025 2137 1098 2187 aliam
1117 2137 1241 2201 quandam
1259 2136 1469 2199 inaequalitatem
1489 2139 1521 2189 ab

170 2205 358 2255 eccentncitate
377 2205 456 2256 Soiari
474 2224 528 2258 sese
546 2211 672 2259 insinuare
694 2209 950 2274 prostbaphaeresibes
972 2206 1133 2271 acronyohiis.
1171 2206 1254 2267 Quare
1273 2222 1339 2256 nune
1356 2207 1404 2256 bas
1423 2223 1521 2274 queque

168 2276 336 2339 iwffiwffl·
355 2291 419 2340 quae
437 2281 590 2340 postmodum
609 2282 756 2338 inciderunt,
775 2282 818 2329 tibi
837 2280 1004 2330 discutiendas
1022 2293 1137 2342 propono.

261 2342 287 2406 ι)
307 2345 367 2396 Cum
381 2363 410 2396 er
423 2350 526 2414 singuiis
539 2352 692 2415 acronychiis
704 2353 834 2416 singularis
846 2351 968 2416 quaedam
983 2351 1154 2401 eccentricitas
1166 2348 1276 2411 prodeat,
1297 2349 1365 2398 circa
1377 2363 1521 2416 apogaeum

165 2418 257 2478 maior,
277 2418 344 2466 circa
360 2420 503 2483 perigaeum
521 2422 609 2472 Martis
627 2426 720 2485 minor,
743 2425 868 2488 quaeritur
885 2437 962 2479 nune,
983 2435 1047 2485 quae
1065 2421 1161 2469 illarum
1181 2421 1288 2469 emnium
1306 2420 1339 2468 rit
1358 2420 1477 2485 eligenda
1496 2432 1522 2472 et

167 2488 240 2549 iuxta
257 2500 331 2550 quam
349 2492 472 2552 proportio
491 2493 642 2543 circeiIerum
655 2493 688 2544 sit
700 2487 895 2544 constituendui
914 2493 980 2542 Saue
999 2506 1045 2542 nec
1062 2492 1164 2540 minima
1180 2505 1227 2540 nec
1239 2492 1349 2540 masima
1367 2506 1415 2542 nec
1435 2493 1521 2543 media

170 2559 344 2608 eccentricitas
362 2562 473 2610 omnibus
493 2565 647 2627 acrenychiis
665 2566 809 2615 satisfacere
827 2571 916 2628 petest

258 2626 287 2688 2)
306 2627 457 2688 Quaeritur.
485 2649 540 2684 cum
559 2634 643 2698 Tyche
671 2638 883 2686 eccentricitatem
902 2631 989 2683 totto
1008 2635 1032 2682 in
1050 2632 1133 2683 Marte
1161 2633 1302 2695 acceperit.
1330 2647 1378 2696 que
1401 2637 1458 2696 jure
1478 2644 1523 2687 ant

167 2699 254 2764 quibua
271 2701 407 2751 rationibus
425 2703 450 2752 id
469 2704 561 2755 iaourm
580 2709 620 2764 rit,
640 2722 694 2756 cum
712 2722 759 2757 nec
777 2720 874 2756 summa
891 2721 937 2756 nee
956 2705 1054 2761 infima,
1073 2704 1118 2753 sed
1135 2703 1218 2753 modia
1236 2705 1409 2753 ecceutrioitas
1429 2713 1456 2755 et
1474 2722 1522 2757 nee

171 2770 207 2821 sic
226 2768 267 2832 (ut
284 2771 382 2837 reliquis
400 2773 518 2839 quinque)
544 2779 697 2841 acrenyclriis
722 2777 981 2841 prestbaphaeresibus
1006 2776 1117 2825 omnibus
1136 2790 1166 2824 ex
1184 2782 1235 2823 tete
1260 2774 1417 2837 respondeat
1455 2777 1522 2827 Pieri

170 2843 245 2925 igitur
263 2858 312 2892 non
330 2859 401 2907 posse
419 2854 495 2909 puto,
521 2856 549 2897 nt
565 2852 686 2913 proportio
712 2849 863 2899 circelierum
885 2851 957 2911 juxta
974 2847 1040 2896 hone
1063 2846 1274 2896 eceentrieitatem
1294 2853 1432 2896 usumtam
1451 2849 1522 2898 iacta

171 2914 291 2977 ιικριβωι
315 2915 573 2981 prestbapbaereribns
600 2921 710 2970 omuibus
737 2920 891 2983 acreuychiis
909 2919 1057 2982 respondeat
1073 2918 1111 2967 rel
1124 2916 1271 2980 respendere
1289 2918 1374 2978 possis.
1394 2933 1443 2971 nec
1462 2934 1523 2971 ren

170 2998 268 3050 quoque
287 2986 406 3037 distantia
424 2989 512 3038 Martie
531 3005 548 3041 a
566 2990 622 3041 Sole
641 2993 731 3056 poterit
749 2991 809 3041 dari.
836 2991 929 3040 Eadem
947 3004 1042 3054 quoque
1061 2991 1123 3038 ratio
1140 2987 1208 3037 haud
1227 2987 1299 3036 dubio
1319 2989 1366 3037 erit
1383 2990 1409 3037 in
1430 3004 1520 3040 eccen-

170 3056 318 3107 trlcitatibus
331 3072 361 3106 er
373 3061 437 3109 reris
449 3064 640 3124 oppositionibus
654 3062 717 3112 Solis
730 3070 756 3113 et
768 3062 856 3112 Martis
874 3063 994 3125 inquisitis
1011 3068 1124 3124 respectu
1141 3058 1239 3122 aphelii.
1267 3057 1333 3118 Quid
1346 3058 1385 3108 hic
1399 3060 1520 3111 iaciemus

168 3129 194 3178 in
214 3135 287 3177 tauta
304 3130 443 3180 varietate?
463 3131 534 3192 Quae
553 3136 724 3184 eccentricitue
744 3135 789 3182 erit
802 3134 956 3186 anthentica.
972 3133 1045 3193 Juxta
1057 3145 1129 3194 quarn
1143 3131 1189 3178 erit
1205 3129 1327 3192 proportio
1345 3131 1521 3183 inserueris?

169 3199 282 3262 inprimis
300 3200 387 3259 mirer,
406 3204 448 3266 qni
471 3206 643 3254 eccentricitas
666 3206 754 3254 liartis
772 3218 788 3253 a
805 3204 922 3265 Tychene
941 3210 1051 3251 munta
1075 3209 1128 3250 tam
1146 3201 1242 3249 raritati
1262 3201 1384 3263 proximae
1402 3204 1519 3266 prestha-

168 3270 300 3334 pbaereses
328 3273 489 3334 acrenyohias
516 3277 633 3338 praebere
660 3277 753 3339 possit,
787 3290 841 3324 cum
874 3289 922 3325 non
946 3287 1005 3323 vera
1029 3273 1062 3321 sit
1098 3271 1276 3321 eccentrieitss.
1324 3270 1425 3331 Quaeso
1453 3275 1520 3325 banc

171 3343 341 3405 quaestionem
360 3343 418 3392 mihi
437 3344 522 3395 dextre
540 3347 653 3409 explices.
690 3347 728 3397 Tu
746 3346 834 3395 Thesei
852 3345 906 3394 loce
924 3345 983 3393 mibi
997 3345 1038 3403 sis,
1058 3343 1120 3395 aliae
1138 3357 1187 3392 non
1206 3343 1279 3391 iaciie
1297 3356 1337 3392 me
1354 3346 1519 3396 estricarare.

167 3411 384 3463 minorationem
402 3417 524 3480 integram
543 3419 587 3467 tibi
604 3432 713 3476 reserre,
738 3433 793 3468 cnm
812 3419 860 3466 mei
884 3417 977 3465 humeri
995 3415 1058 3464 ierre
1076 3430 1125 3464 nen
1144 3419 1261 3477 possunt.
1286 3428 1334 3462 nee
1353 3417 1397 3465 otii
1416 3432 1464 3467 nec
1484 3421 1520 3469 rei

167 3483 294 3533 iamiiiaris
312 3486 376 3534 ratio
393 3490 519 3549 permittit.

255 3549 284 3614 8)
304 3554 444 3617 Quaeritur,
469 3573 501 3608 an
520 3566 600 3609 motus
618 3573 784 3624 apogaeornm
810 3561 882 3617 trium
909 3558 1060 3622 superiorum
1084 3562 1153 3605 certa
1180 3556 1275 3605 ratione
1293 3555 1331 3606 rel
1349 3566 1466 3622 respectu
1486 3561 1521 3610 ad

165 3631 259 3675 motum
278 3624 341 3676 Solis
358 3628 428 3684 iiant.
446 3630 484 3681 rel
502 3638 614 3694 respectu
632 3639 712 3680 rnetus
731 3630 846 3694 periodici
865 3630 980 3693 cujusque
998 3629 1036 3677 rel
1054 3624 1195 3692 quomodo?

255 3695 284 3757 t)
303 3697 443 3758 Quaeritur,
470 3703 598 3766 quomodo,
617 3701 679 3751 data
702 3703 822 3752 (ιιιιιιιιι
838 3700 955 3764 planetae
974 3712 990 3749 a
1007 3699 1084 3749 stellis
1111 3700 1212 3762 ejusque
1239 3697 1377 3759 ιΙιιιιιιιι,
1397 3702 1519 3753 retractio

166 3770 277 3831 separan'
296 3769 386 3820 debeat
404 3772 617 3824 commodissime?

255 3837 284 3900 ii)
303 3840 443 3901 Quaeritur,
463 3859 496 3894 an
515 3848 578 3894 ratio
603 3843 729 3909 redigendi
753 3843 962 3892 eeccntricitatem
987 3847 1065 3890 totam
1082 3842 1109 3889 in
1127 3838 1187 3889 duos
1206 3839 1316 3890 circeiles
1335 3841 1368 3889 sit
1385 3841 1474 3893 melior
1494 3854 1521 3895 et

165 3910 245 3971 verim
262 3925 336 3976 qnam
348 3913 400 3975 iila,
417 3930 481 3979 quae
498 3917 525 3965 in
537 3917 604 3966 linea
622 3915 726 3980 apogaei
745 3928 774 3962 ex
787 3912 863 3977 dupla
874 3914 1059 3965 eccentricitste
1077 3912 1207 3975 aequuum
1226 3918 1252 3961 et
1264 3912 1397 3963 eceentrici
1415 3915 1521 3980 inquirit

167 3981 397 4046 prestbspiraeresiu
414 3989 499 4049 puncti
518 3986 592 4037 datii
612 4015 644 4024 -

252 4052 310 4104 Jsm
328 4062 494 4121 transgressus
513 4059 546 4108 ad
564 4057 711 4121 astrologica
728 4055 836 4120 aliaque,
855 4057 890 4104 sic
910 4053 1033 4105 concludit
1051 4052 1194 4102 Fabricius:

252 4125 341 4181 Multa.
359 4128 440 4179 multa
460 4137 533 4184 sunt.
562 4130 592 4178 de
614 4129 700 4192 quibua
727 4134 808 4176 tecum
827 4128 852 4176 in
871 4132 994 4189 porterum
1021 4124 1154 4174 dissonare
1179 4122 1251 4180 reio.
1277 4139 1342 4175 uene
1360 4125 1470 4189 pluribus
1492 4138 1519 4178 te

164 4209 267 4247 onerare
286 4197 351 4254 uelo,
370 4215 401 4248 ne
420 4202 521 4251 nimium
539 4201 691 4263 importunus
709 4199 761 4247 sim.
799 4197 929 4253 ιιιιιιιιι,
948 4197 968 4245 ιι
988 4195 1105 4247 Uraniam
1127 4202 1264 4259 promotam
1281 4197 1325 4256 ris,
1344 4197 1365 4245 ιι
1385 4196 1517 4263 Calliopen

164 4269 218 4329 eius
235 4283 343 4318 sorerem
362 4283 446 4328 auru.
472 4273 493 4320 si
511 4287 551 4321 me
569 4285 664 4335 qnoque
682 4278 711 4319 ut
728 4283 798 4332 spere
824 4269 903 4333 diligis
921 4275 1014 4317 mutue.
1051 4267 1103 4333 ago
1122 4272 1269 4330 exspectans
1288 4269 1437 4331 exspectabo
1456 4279 1517 4322 tuas

164 4336 257 4389 literas.
296 4338 361 4389 Vale
380 4339 425 4392 &e
462 4341 573 4405 Raptim,
591 4349 619 4390 ut
636 4344 662 4390 ιι
680 4348 788 4390 mentem
805 4347 933 4389 venerunt

254 4409 346 4460 Curio
365 4411 465 4461 Tabulis
484 4412 621 4476 Lansbergi
639 4409 654 4460 3
675 4412 780 4474 cyphrae
799 4426 896 4474 semper
912 4415 1032 4460 commate
1050 4407 1254 4474 inunguantur?

251 4480 297 4531 His
316 4489 401 4532 autem
419 4484 544 4533 Fabricius
563 4499 612 4533 non
631 4491 761 4532 contentus
779 4483 962 4546 quaestionibus
981 4480 1043 4529 alias
1061 4479 1127 4529 haud
1146 4493 1240 4544 paucas
1268 4479 1412 4542 superaddit
1439 4497 1514 4547 sepa-

164 4552 226 4600 ratis
244 4554 397 4616 wuscnptaa
414 4553 522 4609 aridulis,
541 4569 603 4617 quas
623 4554 761 4616 inscripsit:
783 4552 961 4613 „Quaestionca
980 4552 1063 4600 rariae
1080 4567 1134 4601 cum
1160 4552 1341 4600 astronomicae
1359 4557 1413 4602 tum
1433 4564 1514 4605 astro.

162 4620 268 4685 lotleae,
286 4637 389 4688 quarum
408 4625 505 4674 brevem
533 4625 703 4674 resolutionem
732 4624 900 4673 desideranter
924 4622 992 4672 ubi·
1010 4621 1118 4685 KepIere
1146 4623 1239 4686 expetit
1256 4621 1366 4672 Derides
1384 4621 1515 4676 Fabricius

162 4681 215 4741 ι’σι
273 4692 355 4750 aloe!

214 4706 303 4818 Μιιιι
322 4763 391 4829 ιιιι.
411 4766 518 4831 Armati
536 4766 631 4831 gratiss
649 4766 768 4817 maximas
787 4779 864 4830 agens
882 4779 925 4827 pro
944 4764 1099 4828 responsione
1112 4764 1214 4827 Kepieri
1233 4761 1335 4825 (desmt
1346 4763 1395 4816 bae
1407 4765 1513 4830 Kepleri

162 4833 259 4897 ιιιιιιι.
277 4839 354 4890 datae
372 4837 396 4887 d.
418 4836 458 4887 iil.
476 4834 540 4897 iri.)
565 4851 668 4904 eumque
694 4837 807 4887 laudibus
834 4835 970 4891 cumulans,
993 4834 1057 4885 baec
1083 4835 1200 4898 prioribus
1225 4834 1295 4885 addis
1312 4835 1357 4884 R:
1387 4835 1463 4899 Quod
1481 4853 1514 4891 u
