3374 5528
548 327 580 382 de
598 324 786 384 &mineatum
803 326 836 383 de
852 334 921 384 motu
938 329 1027 386 atellae
1046 330 1144 387 Ilattia.

161 503 295 588 junctim
325 506 479 591 aequales.
524 510 571 576 At
597 508 627 572 in
660 508 795 573 omnibns
828 509 897 572 aliie
919 510 986 587 ΗΒ,

165 596 228 660 VB
260 616 378 661 summa
407 597 504 662 minor
536 618 626 679 quam
647 597 723 675 HA,
751 596 830 675 AV,
861 599 906 685 sic
934 596 995 664 GU

165 686 265 749 minor
289 705 380 768 quam
405 685 481 764 GA,
505 687 580 764 ΛΠ,
613 686 656 753 sic
677 686 732 752 Fl'd
760 687 873 763 minor,
905 707 994 769 qnam
1184 714 1190 720 ·

226 824 328 928 ’Jam
352 864 480 929 circulus
503 865 686 943 extendatur
707 865 737 928 in
757 865 881 948 planum
905 865 992 949 eiquo
1073 796 1195 951 ”siguin
1219 936 1223 945 ,
1267 950 1273 955 .

166 952 268 1018 lineae
283 955 436 1019 adrectos
452 954 691 1043 constituantur,
717 954 881 1018 distantiae
897 975 992 1038 quae·
1120 947 1143 988 ¹
1159 937 1218 991 *f

166 1043 245 1106 libet
267 1063 322 1107 suo
346 1044 427 1121 loco,
458 1052 491 1106 et
520 1045 624 1127 capita
654 1052 872 1108 connectantur
893 1045 993 1109 lineis.
1046 1058 1064 1100 Β

166 1132 238 1196 Erit
262 1152 338 1216 quae
361 1153 415 1216 per
437 1132 518 1197 BBB
538 1141 607 1210 (rig.
626 1140 691 1209 tt),
715 1154 775 1197 uua
801 1142 904 1210 rocta,
938 1135 994 1198 sed

166 1241 248 1305 quae
277 1241 331 1304 per
360 1222 454 1288 AAA
489 1224 646 1288 conchoidi
681 1222 799 1286 similis.
852 1223 994 1305 Spatium

166 1330 241 1375 vero
264 1312 511 1393 comprehensum
535 1314 590 1376 snb
615 1310 710 1377 ODC‘
739 1321 771 1376 et
792 1313 846 1377 BB
870 1313 994 1394 duplum

166 1400 228 1464 erit
250 1402 290 1464 ad
314 1420 417 1466 aream
446 1402 565 1479 circuli,
596 1401 667 1486 qnia
695 1402 786 1465 ducta
818 1410 997 1466 transversa

167 1510 188 1553 a
209 1491 237 1553 Β
261 1491 291 1563 in
315 1488 353 1554 0⁴
378 1492 536 1555 constituit
558 1491 741 1571 triangulum
762 1492 997 1556 Archimedeum

168 1579 298 1663 aequale
331 1580 452 1644 circulo.
499 1582 580 1662 Ergo
612 1589 845 1643 consentaneum
874 1582 991 1655 (forsan
1001 1578 1028 1613 ··“’

168 1678 198 1732 et
222 1669 426 1732 demonstrari
447 1674 566 1752 potest)
590 1671 682 1733 etiam
706 1668 837 1752 spatium
860 1670 915 1734 sub
940 1665 1035 1734 GDG‘
1049 1674 1081 1729 et
1099 1663 1202 1728 AAA‘
1296 1657 1351 1723 ΗΒ·
1370 1651 1415 1705 ²⁹·

167 1757 333 1821 ooncboide
371 1778 438 1823 esse
476 1760 597 1842 duplum
634 1761 673 1821 ad
713 1760 880 1840 quaesitam
916 1768 1052 1823 nostram
1088 1774 1200 1818 aream.

167 1848 268 1910 Vides
291 1854 402 1924 autem,
427 1851 526 1929 majus
550 1868 617 1911 esse
640 1849 697 1911 hoc
713 1849 843 1929 spatium
862 1849 924 1925 illo,
949 1849 1019 1929 quia
1037 1847 1067 1909 in
1081 1844 1202 1926 punctis
1270 1845 1291 1871 ¹²

166 1934 303 2000 EetO
332 1936 517 2003 intermediis
539 1938 598 2002 ΕΑ
629 1938 747 2020 longior
778 1946 827 2001 est
858 1958 947 2021 qnam
969 1938 1043 2011 ΕΒ,
1076 1943 1108 1999 et
1131 1932 1201 1998 OA‘
1239 1947 1279 2008 o&
1347 1987 1379 1994 ,.
1436 1973 1440 2005 :
1469 1946 1474 1971 ³

168 2045 259 2108 quam
282 2024 348 2091 OB.
1269 2047 1275 2067 ¹

209 2112 216 2125 '
257 2115 360 2196 Atque
383 2116 459 2179 haec
483 2115 646 2197 descriptio
662 2134 735 2178 sane
749 2122 814 2178 tam
828 2122 877 2179 eet
894 2114 1087 2197 geometrica,
1113 2129 1202 2192 quam
1237 2118 1258 2166 n

167 2205 221 2267 illa
252 2204 457 2269 Archimedis.
507 2203 577 2269 Etsi
608 2223 680 2269 vero
712 2212 871 2268 contentus
902 2226 967 2268 snm
999 2200 1202 2267 Archimedes

168 2294 341 2375 epharmosi
366 2295 394 2357 in
418 2294 499 2357 linea
522 2292 628 2370 CDO‘,
650 2312 710 2356 noo
737 2302 838 2357 tamen
868 2302 1028 2357 contentus
1056 2310 1121 2354 sum
1143 2291 1201 2353 hac
1233 2271 1284 2363 Ε,
1403 2355 1408 2362 ,

169 2383 370 2446 delineatione
384 2383 483 2447 lineae
500 2384 614 2460 AAA‘,
639 2383 708 2466 quia
730 2384 923 2465 praecipitur,
947 2393 981 2446 ut
1003 2401 1057 2465 per
1079 2379 1202 2442 minima
1242 2405 1277 2485 1:
1427 2378 1435 2413 ”

168 2492 244 2549 eam,
271 2492 349 2554 quae
372 2480 444 2535 sunt
464 2473 591 2548 infinita,
616 2480 648 2536 et
670 2473 741 2555 qnia
762 2472 916 2555 proportio
940 2471 1032 2554 spatii
1056 2470 1096 2533 ad
1118 2469 1200 2551 prius
1269 2451 1297 2491 ᾗ
1463 2462 1466 2472 ’

167 2562 224 2625 hoc
246 2569 339 2646 pacto
362 2561 528 2642 ignoratur.
566 2560 662 2643 (inpio
681 2571 714 2624 nt
728 2571 884 2644 geometra
902 2562 1010 2645 aliquis
1029 2580 1076 2623 me
1092 2561 1201 2622 doceat
1246 2615 1249 2624 .

167 2651 426 2733 comparationem
457 2652 630 2734 planorum:
665 2651 772 2714 deinde
794 2659 828 2713 ut
861 2650 971 2727 sciam,
1005 2656 1098 2733 quota
1128 2665 1200 2730 pars
1271 2700 1274 2705 .
1373 2666 1377 2673 ·

166 2741 258 2823 hujus
296 2740 442 2819 incogniti
478 2740 562 2824 plani
604 2739 817 2822 superinsistat
858 2749 1083 2822 quotaecunqne
1119 2737 1201 2821 parti
1237 2728 1257 2779 Β

167 2830 268 2893 lineae
292 2827 397 2895 ch‘.

257 2920 307 2984 Au
333 2937 404 3000 ergo
428 2917 491 2990 (dic
513 2920 683 2998 geometra)
706 2918 828 2997 planum
849 2920 907 2981 hoo
930 2919 1012 2982 circa
1034 2918 1199 3001 cylindrum
1262 2958 1268 3006 ¹.
1334 2915 1337 2920 ’
1415 2914 1443 2921 ‘

166 3016 317 3090 aptatum,
341 3016 376 3073 ut
398 3007 500 3088 capita
524 3005 591 3083 CA,
616 3005 696 3071 C‘A‘
719 3015 842 3084 coeant,
873 3008 984 3071 lineam
1017 3007 1200 3072 conchoidea
1231 3012 1353 3086 ηιμ-Ἣ

168 3099 289 3161 ordinat
303 3095 332 3160 in
347 3096 615 3161 circumferentiam
629 3097 815 3178 ellipticam?
833 3097 964 3161 minime.
988 3096 1051 3161 Sed
1064 3098 1198 3178 relinquo
1266 3111 1271 3174 ·,
1430 3102 1432 3109 “

167 3195 343 3268 geometrae
365 3186 566 3250 refutandum.
1268 3179 1271 3196 '

167 3365 329 3447 ellipoidis.
356 3364 437 3428 Nam
450 3370 485 3427 nt
501 3364 623 3445 planum
636 3362 705 3426 AC‘
721 3363 760 3424 ad
778 3364 899 3443 planum
915 3363 990 3440 BC‘,
1011 3365 1055 3427 sic
1069 3365 1198 3427 circum·
1267 3397 1270 3455 ξ

168 3455 299 3519 ferentia
325 3452 428 3519 circuli
451 3451 516 3519 00‘
543 3452 580 3514 ad
605 3452 875 3516 circumferentiam
906 3454 1065 3535 ellipoidis.
1112 3451 1198 3524 Quae
1266 3458 1270 3499 ι

168 3544 226 3608 etsi
249 3543 370 3607 brevior
393 3551 442 3606 est
469 3538 665 3625 qnam.360⁰
691 3541 808 3618 circuli,
836 3543 1026 3607 nihilominus
1054 3550 1153 3605 tamen
1176 3538 1198 3605 4
1262 3581 1267 3613 ;

167 3642 268 3698 rectos
291 3633 465 3709 subtendit‚
497 3650 557 3695 non
580 3632 677 3696 minus
701 3650 789 3714 qnam
816 3633 1055 3696 circumferentia
1077 3632 1195 3695 circuli:

168 3744 202 3786 eo
231 3722 311 3806 quod
335 3731 367 3785 et
395 3721 521 3803 propior·
538 3722 571 3783 fit
594 3730 696 3785 centro
723 3740 778 3802 per
808 3730 928 3803 partes,
957 3741 1046 3804 qnam
1068 3722 1196 3784 circnm-

168 3810 302 3877 ierentia
324 3811 437 3875 circuli.
483 3810 569 3873 Haec
592 3819 691 3874 autem
720 3812 968 3893 appropinquatio
992 3811 1031 3874 ad
1054 3821 1187 3876 centrum
1217 3835 1333 3880 rursum
1359 3816 1521 3900 quaeritur,

169 3901 317 3983 quomodo
350 3901 531 3982 geometrice
563 3899 739 3979 investigari
766 3901 880 3981 possit,
910 3909 944 3964 ut
968 3902 1094 3983 angulus
1117 3904 1156 3967 ad
1179 3913 1351 3989 susceptum
1378 3914 1521 3988 punctum

167 3991 327 4055 habeatur.

257 4080 365 4160 Itaque
389 4077 552 4141 distantias
575 4086 601 4148 (ς
623 4097 642 4139 a
666 4074 706 4156 Θ
730 4097 784 4158 per
813 4087 950 4161 tempora
973 4084 1176 4146 accumulatas
1199 4093 1336 4147 numerat
1359 4082 1480 4165 planum
1502 4098 1522 4145 a

168 4190 215 4234 me
240 4169 424 4250 expeditum,
450 4166 613 4228 distantiae
636 4166 693 4229 hue
715 4167 774 4231 iter
794 4169 938 4249 planetae
953 4168 982 4231 in
997 4169 1153 4252 ellipoides
1170 4174 1243 4247 (non
1263 4179 1428 4247 numerant,
1449 4170 1521 4247 sed)

169 4259 370 4334 constituunt,
404 4257 464 4320 iter
485 4274 557 4317 vero
579 4254 636 4317 hoc
660 4274 726 4319 cum
750 4258 903 4321 distantiis
927 4258 1084 4322 coustituit
1111 4263 1252 4340 angulum
1275 4260 1441 4326 anomaliae
1465 4278 1519 4341 co-

169 4354 330 4431 aequatae,
353 4345 585 4427 respondentem
608 4346 736 4426 tempori
760 4347 798 4410 ab
822 4367 957 4428 apogaeo
981 4347 1095 4428 elapso.
1136 4352 1243 4415 Erravi
1267 4352 1357 4431 igitur
1374 4350 1521 4412 hactenus

169 4437 366 4513 existimans,
399 4434 548 4498 numerari
572 4434 733 4497 distantias
762 4457 815 4498 seu
845 4438 874 4500 in
904 4456 1049 4499 summam
1081 4441 1182 4521 colligi
1206 4442 1337 4520 aplane
1361 4436 1519 4519 ellipoidis.

170 4528 248 4610 quod
271 4525 397 4607 planeta
419 4523 573 4588 describit.
619 4524 743 4588 Minimo
771 4526 880 4590 alicubi
909 4526 987 4590 enim
1016 4537 1150 4592 moratur
1171 4530 1270 4610 ibique
1294 4527 1404 4590 multas
1429 4546 1520 4590 accu-

168 4618 266 4681 mulat
288 4613 462 4679 demetiae.
499 4621 596 4689 (comp.
617 4621 678 4690 Cap.
695 4623 761 4686 XL.)

257 4703 464 4756 Declarationem
482 4706 679 4759 aberraturum
695 4705 901 4759 Brahoaueamm
918 4702 1010 4772 (comp.
1030 4705 1095 4758 ffist
1115 4707 1183 4760 coel.
1203 4705 1237 4757 ad
1253 4712 1365 4773 ternpore
1382 4699 1520 4771 meapte)

169 4777 257 4843 quibus
276 4791 337 4828 nens
355 4782 394 4828 est
410 4774 543 4844 Keplerus,
563 4779 596 4829 ud
613 4777 688 4829 finem
704 4778 777 4842 hujus
795 4778 914 4843 epistolae
931 4780 1116 4841 resonavimus,
1134 4794 1209 4845 quam
1229 4777 1307 4829 codex
1323 4776 1521 4842 Petropolitanua

170 4848 270 4901 uhta
286 4848 345 4899 lolio
364 4863 403 4911 eo,
420 4863 467 4914 quo
484 4848 610 4915 Keplerua
627 4849 683 4901 adit
698 4850 783 4901 literas
800 4850 907 4901 Fabricii
925 4848 951 4899 d
970 4848 993 4898 d.
1016 4848 1056 4899 11.
1076 4852 1142 4919 Aug.
1161 4850 1249 4921 (supra
1265 4865 1292 4919 p.
1310 4845 1368 4917 90),
1385 4848 1522 4923 munim

171 4933 203 4977 a·
220 4919 340 4992 epistolae
359 4926 430 4991 parte
448 4917 510 4984 („ds
528 4918 705 4995 tychonium)
723 4936 796 4995 quam
814 4920 984 4991 praemisimus
1000 4936 1025 4990 p.
1046 4917 1088 4978 to.
1118 4920 1122 4927 “
