3368 5534
719 325 762 381 ιι.
780 328 837 382 oa
858 326 935 382 reos.
953 390 956 395 ,
1447 319 1511 389 735

159 504 364 589 pensitatione
388 513 462 569 nata
483 507 555 569 mihi
579 518 626 571 est
656 509 824 584 dubitatio,
858 531 877 571 a
908 510 1026 572 nemine
1057 514 1176 589 praeter
1206 513 1237 567 te
1260 505 1373 567 rectius
1396 502 1511 566 disem-

160 595 270 658 veuda.
313 595 442 659 Pulchre
467 598 617 660 consentit
641 600 811 662 obser-‘vatio
835 609 888 662 tna
911 619 977 661 cum
1000 598 1171 678 Anglicana
1193 593 1323 658 Londini
1346 593 1461 667 habita,
1485 592 1512 654 si

161 683 362 749 differentiam
394 685 612 766 longitudinum
644 690 741 770 (quae⁸
768 708 827 751 non
859 697 964 767 potest
998 704 1056 749 uon
1087 705 1155 748 esse
1188 684 1360 746 certissima
1391 688 1514 762 propter

160 773 371 852 navigationes
387 775 601 848 creberrimas)
625 785 656 839 et
678 797 737 841 une
753 766 1044 858 parallaxinLunae
1068 774 1173 838 aSole
1195 783 1323 853 utroque
1348 772 1413 832 loco
1438 789 1512 832 con-

160 862 318 926 venienter
341 863 485 945 applices.
531 865 646 928 Harum
677 875 801 948 utraque
830 867 856 929 si
886 887 951 928 cum
982 885 1050 927 mea
1080 864 1289 926 observatione
1313 869 1511 940 comparetur,

161 951 246 1032 cuj'us
271 952 455 1033 descriptum
477 954 605 1035 publicis
629 954 709 1038 typis
733 974 875 1018 excusum
897 957 953 1018 tibi
977 954 1186 1017 transmissum
1209 959 1297 1032 puto,
1321 947 1512 1011 intervallum

161 1041 292 1116 Pragam
315 1041 394 1104 iuter
417 1051 448 1104 et
470 1051 625 1125 utrumque
649 1045 746 1107 locum
770 1045 858 1106 valde
881 1046 971 1107 breve
995 1044 1126 1104 efficitur.
1173 1040 1252 1102 Ecce
1276 1048 1379 1120 typum
1403 1056 1513 1119 opera-

160 1129 272 1192 tionis:
296 1130 398 1210 posita
420 1132 568 1212 parallaxi
591 1134 685 1195 horiz.
701 1136 727 1206 l)
745 1155 764 1195 a
779 1131 819 1212 Θ
835 1132 889 1198 580
904 1131 980 1208 3300,
1004 1134 1032 1192 in
1058 1132 1111 1193 alt.
1135 1130 1195 1211 poli
1215 1125 1276 1193 500
1290 1127 1320 1191 50
1349 1129 1421 1188 hora
1438 1126 1465 1188 1.
1482 1122 1513 1188 60

161 1221 196 1282 iit
218 1219 326 1298 parall.
340 1220 419 1301 long.
441 1219 473 1284 80
489 1217 554 1284 3300
576 1222 606 1283 in
628 1229 744 1298 ortum;
767 1223 856 1285 simul
872 1233 972 1285 autern
988 1221 1113 1284 adscitis
1132 1218 1286 1282 diametris
1309 1213 1348 1294 Θ
1370 1212 1423 1279 300
1439 1211 1513 1289 3000,

160 1310 187 1381 p
215 1304 269 1370 320
283 1305 348 1373 5900
372 1317 403 1371 et
426 1331 542 1372 summa
564 1311 854 1375 semidiametrorum
877 1309 930 1376 310
945 1309 1020 1386 4500,
1045 1311 1073 1372 in
1097 1309 1244 1391 principio
1266 1308 1353 1370 Luna
1377 1306 1443 1366 visa
1467 1313 1516 1365 est

161 1405 233 1458 aute
256 1395 359 1460 Solem
383 1396 437 1462 30⁴
460 1397 541 1474 4000,
573 1409 604 1462 et
633 1401 738 1463 addita
765 1402 875 1482 parali.
904 1403 984 1480 long.
1011 1396 1064 1464 390
1091 1396 1153 1462 1300
1175 1416 1245 1460 vere
1269 1403 1340 1459 ante
1365 1391 1416 1472 Θ·
1462 1392 1514 1455 Ad

162 1485 289 1548 eundem
311 1489 432 1551 modum
455 1488 566 1569 posito,
591 1490 668 1572 quod
684 1490 815 1553 azimuth
829 1490 912 1556 Solis
932 1488 1074 1559 sumseris
1092 1486 1228 1568 praecise
1252 1485 1283 1549 in
1305 1483 1372 1565 ipso
1392 1481 1515 1562 eclipsis

162 1574 325 1657 principio,
357 1598 454 1659 neque
477 1578 608 1657 tortasse
632 1581 721 1660 paulo
752 1581 884 1655 tardius,
916 1588 949 1641 ut
978 1578 1040 1645 lieri
1071 1577 1169 1652 solet,
1202 1594 1272 1655 ergo
1294 1574 1326 1638 h.
1351 1572 1382 1638 0.
1407 1569 1461 1636 330
1484 1570 1515 1634 in

163 1665 218 1726 alt.
246 1665 309 1747 poli
333 1661 393 1729 51⁰
418 1666 469 1731 120
501 1668 667 1749 parallaxis
694 1671 720 1741 J>
746 1690 765 1730 a
790 1667 829 1746 Θ
860 1671 890 1732 iu
922 1676 1021 1731 ortum
1050 1675 1099 1730 est
1131 1661 1182 1729 140
1207 1660 1271 1728 1400
1300 1662 1396 1742 major
1426 1678 1515 1740 qnam

162 1754 246 1830 mihi,
270 1755 341 1836 quia
354 1758 442 1819 Luna
465 1757 557 1819 etiam
581 1757 697 1839 longius
717 1760 804 1821 abest
819 1781 838 1821 a
852 1758 1056 1839 nonagesimo.
1089 1757 1125 1819 Iu
1139 1753 1285 1834 principio
1305 1748 1376 1814 iero
1393 1749 1515 1831 eclipsis

129 1840 132 1846 ’
163 1845 251 1907 Luna
274 1863 349 1924 pene
373 1853 407 1906 ut
429 1847 500 1908 mihi
523 1848 591 1909 visa
613 1855 662 1909 est
684 1856 755 1909 ante
774 1846 877 1910 Solem
902 1857 983 1910 stare
1006 1843 1060 1911 300
1074 1842 1151 1919 4000,
1175 1862 1247 1924 ergo
1271 1841 1376 1903 addita
1398 1839 1515 1921 parall-

164 1933 215 1995 axi
237 1934 267 1995 in
290 1934 460 1997 uuiversum
484 1932 538 1999 440
561 1932 626 1998 5400
654 1955 724 1998 vere
753 1944 822 1999 aute
846 1936 949 2000 Solem
975 1937 1041 1997 luit
1088 1933 1220 2015 Oportet
1244 1940 1363 2011 tempus
1393 1929 1515 2009 eligere,

166 2042 224 2104 qno
249 2030 382 2102 tempore
406 2024 523 2104 Pragae
548 2044 663 2106 quoqne
686 2027 712 2097 )
737 2044 792 2106 per
815 2022 869 2089 440
893 2021 958 2089 5400
981 2024 1072 2087 inerit
1094 2031 1164 2084 ante
1190 2018 1242 2103 Θ,
1266 2038 1372 2100 nempe
1395 2016 1427 2083 5‘
1451 2014 1517 2082 4100

165 2112 235 2191 plus
258 2112 402 2190 quamin
424 2114 572 2193 Prageusi
595 2114 760 2195 principio;
787 2122 859 2176 tunc
887 2114 965 2176 enim
990 2112 1195 2175 tantummodo
1218 2130 1272 2192 per
1294 2106 1348 2173 390
1374 2105 1437 2171 1300
1461 2107 1519 2170 tuit

166 2210 236 2261 ante
260 2200 372 2263 Solem.
410 2200 485 2265 cum
508 2208 608 2264 autem
631 2203 769 2266 horarius
791 2223 882 2267 verus
904 2206 931 2276 >
957 2194 976 2265 a
1000 2200 1040 2280 Θ
1066 2202 1107 2262 sit
1129 2196 1184 2264 34¹
1201 2198 1274 2274 1000,
1300 2216 1371 2278 ergo
1396 2196 1427 2259 50
1451 2193 1516 2259 4100
1575 2198 1581 2212 “

166 2290 304 2353 coniecta
327 2298 398 2353 sunt
419 2309 473 2372 per
500 2287 551 2353 100
573 2292 738 2371 temporis;
762 2294 864 2375 itaque
887 2294 917 2354 h.
933 2291 963 2357 0.
984 2288 1040 2357 560
1062 2293 1180 2371 Pragae
1204 2289 1292 2352 Luna
1314 2287 1355 2350 ibi
1377 2286 1444 2361 fuit,
1466 2286 1518 2349 ubi

165 2380 195 2442 h.
221 2378 251 2443 0.
277 2376 331 2444 330
353 2379 556 2461 Antwerpiae.
602 2380 672 2442 Diff.
698 2377 766 2458 230,
797 2402 872 2464 qnae
900 2383 1016 2444 iaciunt
1044 2377 1083 2445 5⁰
1105 2377 1169 2444 450.
1217 2376 1333 2441 Eodem
1354 2382 1446 2456 pacto
1469 2375 1519 2438 iu·

167 2470 235 2530 veui
264 2469 342 2530 inter
364 2469 495 2551 Pragam
524 2477 557 2533 et
577 2470 747 2533 Londinum
777 2471 867 2552 paulo
893 2472 991 2533 minus
1017 2465 1084 2535 130.
1129 2469 1210 2532 Nam
1239 2485 1277 2529 ex
1306 2464 1519 2528 observatione

167 2555 258 2620 medii
280 2557 394 2637 prodiit
420 2555 477 2622 120
499 2555 563 2634 400,
589 2579 626 2621 ex
648 2559 716 2622 finis
740 2560 950 2623 observatione
973 2579 1048 2642 pene
1072 2559 1161 2623 idem.
1207 2555 1301 2637 Coepi
1325 2555 1425 2636 itaque
1449 2572 1518 2615 ere-

168 2648 258 2722 dere,
294 2646 416 2708 tabulae
448 2649 667 2729 geographicae
693 2648 874 2711 Germaniae
908 2650 946 2711 ad
979 2651 1050 2712 litus
1081 2647 1183 2710 oceani
1213 2653 1244 2708 et
1273 2664 1326 2727 per
1354 2642 1519 2707 Saxoniam

169 2731 385 2800 occidentalem
407 2736 526 2799 nimiam
550 2757 618 2800 esse
642 2739 842 2801 latitudinem.
890 2739 935 2801 At
957 2758 1005 2800 me
1029 2746 1151 2803 revocat
1174 2734 1296 2817 eclipsis
1320 2734 1382 2795 alia
1404 2733 1518 2808 Lunae,

169 2847 207 2888 ea
239 2845 314 2905 quae
347 2822 376 2888 3.
401 2826 476 2906 Apr.
502 2827 638 2905 contigit.
684 2827 759 2910 Ejus
789 2827 906 2891 initium
935 2828 984 2891 hic
1007 2830 1125 2908 Pragae
1154 2826 1211 2888 fuit
1241 2820 1291 2887 140
1320 2823 1402 2902 prius
1431 2841 1520 2902 quarn

168 2914 262 2994 Spica
284 2913 474 2977 attolleretur
496 2911 535 2977 8⁰
557 2911 626 2986 330,
657 2918 791 2980 cessavit
818 2913 873 2981 580
904 2926 1065 2999 postquam
1089 2914 1182 2994 Spica
1211 2913 1269 2975 luit
1299 2913 1363 2974 alta
1393 2907 1454 2974 24⁰
1480 2909 1518 2973 10.

168 3004 248 3066 Iliso
280 3002 432 3081 colligitm
463 3004 594 3066 medium
624 3006 653 3068 h.
678 3004 708 3072 9.
737 3007 785 3071 17.
836 3007 967 3070 Jamiu
998 3004 1144 3070 Ostlrisia
1171 3001 1334 3066 meridiano
1366 3000 1519 3075 Emdensi,

168 3112 247 3176 pago
271 3092 413 3162 Ostelae,
445 3094 529 3174 cujus
554 3095 606 3156 alt.
631 3096 692 3175 poli
716 3094 776 3160 530
799 3094 868 3169 380,
902 3097 1142 3160 animadversum
1170 3092 1286 3155 initium
1318 3090 1347 3151 in
1370 3090 1422 3153 alt
1448 3089 1521 3153 Sirii

175 3178 333 3256 titanis
356 3182 385 3242 in
410 3182 464 3243 alt.
488 3183 612 3245 Arcturi
636 3179 773 3248 460250
796 3193 886 3260 (comp.
905 3195 939 3252 ΙΙ,
960 3192 1032 3260 102),
1058 3185 1159 3265 itaque
1183 3181 1302 3244 duratio
1325 3179 1427 3260 prodit
1448 3179 1520 3245 bre-

169 3273 235 3335 vior
257 3291 325 3333 mea
348 3271 475 3332 merito:
510 3291 577 3334 nam
605 3281 677 3334 suut
704 3293 813 3337 causae
846 3277 984 3355 optione,
1016 3295 1091 3356 quas
1119 3271 1267 3354 explicavi
1291 3270 1320 3331 in
1344 3269 1419 3332 libro
1442 3287 1518 3330 meo.

169 3362 232 3426 Sed
255 3360 352 3423 medio
377 3368 550 3440 comparato
573 3380 639 3423 curn
657 3363 803 3442 Pragensi
828 3366 926 3426 medio
950 3364 1055 3427 existit
1073 3363 1136 3426 diff.
1156 3360 1386 3425 meridianorum
1404 3354 1443 3420 00
1461 3354 1520 3420 100.

171 3459 214 3523 (ln
232 3455 374 3525 mergium)
410 3450 456 3511 At
483 3449 553 3529 quid
583 3469 658 3530 opus
685 3452 790 3532 eclipsi
814 3453 942 3514 Lunae?
979 3453 1063 3515 Haec
1086 3453 1154 3534 ipsa
1177 3450 1258 3514 Solis
1288 3456 1337 3510 est
1359 3447 1522 3511 observata

169 3542 208 3604 ab
232 3540 347 3602 eodem.
384 3538 468 3600 Finis
491 3539 521 3601 iu
544 3539 598 3602 alt
624 3535 665 3617 Θ
688 3536 746 3603 18⁰
765 3539 825 3615 100,
849 3561 920 3622 ergo
944 3543 973 3604 h.
999 3540 1029 3606 3.
1067 3544 1150 3604 Tum
1173 3538 1281 3622 parall.
1305 3537 1385 3617 long.
1410 3533 1441 3600 50
1455 3534 1520 3600 2500

170 3632 200 3694 in
224 3648 371 3702 occasum,
397 3628 474 3690 adde
500 3624 554 3691 310
577 3622 643 3692 4000
666 3630 888 3710 superationem
911 3633 938 3703 3)
964 3651 984 3691 a
1007 3627 1064 3709 Θ,
1087 3639 1137 3693 est
1157 3629 1249 3710 igitur
1272 3645 1344 3688 vera
1366 3626 1521 3707 superatio

170 3717 224 3783 370
248 3715 300 3782 500.
345 3719 381 3781 ln
403 3718 517 3797 Anglia
539 3738 610 3781 vero
632 3719 763 3782 Londini
786 3740 828 3783 sc.
853 3720 883 3782 h.
908 3717 938 3783 2.
963 3716 1016 3782 210
1042 3719 1099 3782 fuit
1122 3737 1194 3780 vera
1216 3715 1369 3797 superatio
1393 3712 1448 3780 320
1467 3713 1520 3791 700,

169 3808 261 3888 igitur
284 3807 314 3869 h.
338 3805 368 3870 2.
393 3804 448 3871 300
479 3807 537 3870 fuit
565 3808 607 3871 ibi
630 3808 721 3870 etiarn
745 3804 798 3872 370
823 3806 876 3872 500.
922 3808 1005 3889 Ergo
1028 3808 1108 3872 inter
1130 3806 1275 3871 Auricnm
1298 3813 1330 3867 et
1352 3805 1520 3868 Londinum

170 3895 224 3961 300
247 3896 369 3973 horaria
392 3896 440 3959 vel
465 3893 503 3960 70
524 3893 589 3960 3000
597 3918 606 3973 ;
630 3905 664 3959 at
686 3897 764 3960 inter
786 3889 953 3961 Londinum
979 3906 1010 3961 et
1031 3898 1163 3979 Pragam
1189 3891 1326 3968 120400,
1349 3912 1420 3974 ergo
1443 3895 1522 3957 inter

170 3987 314 4050 Auricnm
338 3993 369 4046 et
391 3986 522 4065 Pragam
546 3983 584 4049 5⁰
607 3984 667 4050 100.
704 3987 762 4050 Hic
785 3978 877 4069 igitur
902 3987 1076 4068 Antwerpia
1099 3985 1172 4049 solis
1188 3980 1250 4048 000
1273 3991 1357 4046 esset
1379 3983 1521 4046 occiden-

170 4077 261 4138 talior
274 4075 388 4138 Aurico
402 4074 528 4137 Frisiae.
562 4075 675 4138 Horum
700 4077 726 4139 si
749 4085 905 4158 utrumque
927 4081 1041 4153 verum,
1065 4077 1123 4140 etsi
1146 4074 1242 4137 Emda
1265 4091 1332 4135 cum
1345 4072 1522 4154 Antucrpia
1577 4143 1580 4148 ,

170 4166 225 4229 sub
249 4165 353 4228 eodem
376 4172 424 4226 est
446 4163 622 4239 meridiano,
646 4165 706 4228 imo
730 4162 784 4230 200
807 4166 1032 4240 occidentalior,
1056 4186 1105 4229 res
1128 4166 1205 4229 mira
1227 4162 1294 4225 erit.
1342 4162 1419 4235 Quis
1441 4163 1521 4224 enim

170 4255 290 4330 credat,
323 4253 351 4314 in
374 4253 480 4333 Belgio
507 4252 619 4317 nesciri
650 4256 739 4317 situm
762 4255 886 4336 Belgii?
932 4254 989 4318 Cui
1019 4255 1180 4318 verisimile
1208 4252 1271 4315 lieri
1302 4259 1422 4332 potest,
1456 4252 1521 4315 falli
1627 4304 1630 4309 .

170 4351 291 4418 nantas,
314 4343 365 4425 qui
387 4343 458 4405 litus
482 4362 568 4405 omne
584 4343 765 4406 Seelandiae
778 4344 1028 4426 Hollandiaeque,
1051 4344 1180 4406 maxime
1203 4360 1275 4404 vero
1298 4341 1415 4403 Frisiae
1438 4341 1521 4403 occi-

171 4433 302 4495 dentalis
325 4454 344 4494 a
367 4432 572 4513 septentrione
596 4432 750 4495 declinant
777 4453 883 4496 versus
907 4434 1075 4497 orientem?
1119 4432 1186 4513 Ego
1209 4438 1291 4494 certe
1315 4430 1437 4493 credere
1460 4429 1522 4492 ista

171 4540 230 4584 non
254 4540 397 4601 possum;
421 4528 590 4594 ettamen,
614 4521 663 4583 ubi
687 4521 783 4583 lateat
805 4542 904 4598 error,
928 4543 985 4586 non
1011 4523 1109 4585 video.
1154 4523 1256 4584 Meam
1279 4519 1522 4581 observationem

172 4612 329 4673 confirmat
350 4619 513 4692 perpetuus
537 4628 701 4672 consensus
725 4612 832 4675 calculi
846 4612 1009 4694 lychouici
1033 4632 1099 4674 cum
1124 4608 1291 4674 observatis
1308 4607 1522 4688 Pragensibus,

171 4698 331 4763 mediocris
351 4698 379 4759 is
398 4699 525 4781 quidem.
558 4699 638 4760 Nam
653 4699 770 4762 initium
785 4710 1029 4782 computaveram
1042 4701 1073 4764 h.
1092 4700 1119 4763 1.
1139 4699 1198 4774 110,
1222 4697 1351 4761 medium
1365 4698 1396 4760 h.
1412 4695 1441 4760 2.
1456 4694 1520 4760 210.

172 4790 266 4852 Tuam
289 4788 530 4852 observationem
544 4789 701 4852 confirmat
714 4791 897 4871 Anglicana,
920 4790 1128 4854 Fabricienam
1143 4808 1215 4851 vero
1230 4785 1393 4851 Ostfrisiae
1405 4778 1522 4851 me'a'm·

172 4898 229 4962 que
252 4879 370 4957 Pragee
392 4875 514 4942 habitas
536 4878 693 4943 conllrmet
714 4879 792 4942 ratio
821 4879 977 4944 itineraria
998 4898 1054 4962 per
1076 4880 1146 4945 loca
1166 4877 1398 4943 mediterranea.
1440 4872 1524 4943 Nau
1657 4918 1660 4925 ·
