3368 5534
161 305 226 374 322
646 305 812 357 usnemu
832 303 926 356 annu
943 303 1031 355 uun

161 486 313 561 accentu,
349 484 434 565 cujus
467 485 608 565 aequatio
639 485 741 565 optica
773 491 820 547 est
849 485 977 563 angulus
1009 481 1109 547 BGA.
1164 483 1247 564 Ergo
1282 483 1406 546 residua
1438 501 1517 556 area,

163 575 307 655 trianguli
339 574 457 637 scilicet
477 571 586 649 BGA,
618 583 667 636 est
698 593 842 636 excessus
866 574 938 647 (boc
966 572 1049 648 loco)
1082 573 1250 635 anomaliae
1280 573 1400 636 mediae
1430 591 1519 653 supra

166 662 350 728 anomaliam
375 665 523 737 eccentri;
548 672 580 726 et
603 664 738 743 ejusdem
766 663 909 743 trianguli
942 663 1069 741 angulus
1092 661 1182 726 ΒΗΑ
1205 670 1254 725 est
1275 681 1423 724 excessus
1446 681 1519 723 ano-

162 754 273 817 maliae
307 753 440 815 ecceotri
464 751 548 816 CBG
576 772 669 832 supra
699 761 895 833 coaequatam
924 750 1022 815 CAG.
1068 751 1212 830 Ejusdem
1240 752 1346 834 litaqne
1378 749 1519 830 trianguli

165 842 298 922 cognitio
340 851 499 920 utramque
536 851 656 923 partem
693 841 883 922 aequationis
925 840 1043 921 prodit,
1081 838 1311 921 respondentem
1353 840 1520 903 anomaliae

165 939 352 1014 coaequatae
377 928 474 993 ΗΑΒ.

255 1020 358 1100 Atque
380 1020 450 1081 hinc
474 1020 567 1082 etiam
590 1038 682 1080 causa
704 1027 802 1099 patet,
836 1039 888 1081 cur
911 1039 1001 1099 supra
1024 1019 1122 1099 capite
1145 1013 1249 1082 XXX.
1270 1018 1391 1082 XXXI.
1422 1030 1521 1100 partes

167 1109 357 1191 aequationis
380 1108 506 1171 dixerim
538 1108 569 1170 in
604 1109 722 1170 theoria
744 1108 827 1172 Solis
855 1128 944 1188 quam
974 1108 1108 1188 proxime
1141 1107 1293 1188 aequales.
1339 1109 1423 1171 Nam
1456 1110 1523 1189 quia

166 1199 332 1282 quemlibet
361 1218 464 1260 arcum
496 1198 583 1279 eique
615 1206 838 1278 superstantem
870 1198 1009 1276 angulum
1042 1198 1080 1259 ad
1112 1206 1247 1260 centrum
1270 1199 1319 1272 (ut
1350 1199 1438 1277 prius
1462 1196 1521 1260 CG

168 1297 200 1352 et
224 1286 334 1361 CBG)
358 1287 481 1350 metitur
495 1307 568 1348 area
587 1308 651 1362 sua,
676 1288 725 1368 qui
749 1296 849 1349 sector
865 1287 981 1360 dicitur,
1006 1295 1129 1349 nterea
1152 1285 1261 1361 cau,
1286 1288 1438 1350 collocato
1453 1307 1521 1367 ergo

168 1377 245 1459 pede
268 1376 372 1463 circini
394 1377 425 1439 ln
446 1375 522 1438 Get
545 1376 726 1438 diastemate
751 1375 813 1438 Gll
838 1396 926 1437 arcus
949 1376 1206 1439 circumferentiae
1230 1376 1388 1451 scribatur,
1415 1395 1522 1439 secans

168 1467 229 1529 Ga
256 1466 286 1527 in
311 1465 348 1528 Ο.
395 1466 492 1543 Igitur
524 1474 558 1527 ut
589 1485 662 1526 area
686 1463 779 1528 GBC
808 1465 847 1526 ad
880 1467 1021 1545 angulum
1046 1464 1156 1540 GBC,
1190 1464 1234 1526 sic
1264 1486 1339 1528 area
1361 1464 1464 1528 BGO
1486 1465 1521 1527 ad

168 1555 308 1635 angulum
331 1553 441 1618 BGO.
489 1555 552 1619 Sed
583 1557 710 1634 angulus
738 1553 834 1616 BGO
863 1562 911 1616 est
938 1574 1009 1634 pars
1046 1554 1233 1635 aequationis
1265 1556 1389 1636 aptiae,
1423 1557 1522 1636 itaque

168 1666 240 1709 area
264 1643 363 1707 GOB
386 1664 441 1726 per
469 1643 700 1725 duplicationem
728 1644 917 1724 aequationis
948 1645 1045 1725 partis
1073 1644 1214 1706 metietur
1244 1655 1361 1725 partem
1392 1646 1521 1724 apricam

168 1733 368 1814 aequationis,
392 1753 459 1796 cum
482 1734 513 1795 in
536 1744 639 1795 nostro
663 1735 779 1796 calculo
801 1734 884 1815 prius
908 1733 1059 1813 explicata
1082 1734 1149 1814 ipsa
1172 1752 1243 1794 area
1270 1743 1338 1796 tota
1362 1730 1463 1798 ΗΒΑ
1486 1735 1524 1796 sit

167 1831 291 1905 propter
314 1831 433 1904 partem
449 1822 637 1902 aequationis
660 1823 814 1905 physicam
829 1823 1021 1885 consulenda.
1058 1822 1129 1884 Etsi
1152 1822 1243 1902 igitur
1264 1821 1370 1897 AGB,
1395 1824 1524 1903 genuina

97 1950 107 1959 ·
170 1931 310 1974 mensura
323 1912 421 1991 partis
436 1911 624 1994 aequationis
639 1914 794 1993 physicae,
818 1913 937 1975 excedit
958 1912 1055 1986 0GB,
1078 1912 1213 1974 oblatam
1232 1931 1403 1974 mensuram
1428 1912 1522 1991 partis

174 2002 303 2083 optione,
319 2001 449 2081 spatiolo
465 2021 518 2063 seo
534 2021 605 2063 area
624 2000 709 2064 ΟΑΒ
724 2004 771 2075 (et
785 2022 891 2063 versus
905 2001 1077 2082 perigaeum
1092 2001 1261 2080 hujusmodi
1278 2001 1379 2082 aliquo
1396 2000 1523 2081 spatiolo

171 2091 307 2153 vicissim
317 2091 361 2151 ab
380 2110 416 2153 eo
432 2092 621 2170 superaturi:
647 2092 676 2153 in
695 2110 788 2170 parva
810 2099 911 2153 tameo
927 2091 1160 2165 eccentricitate,
1184 2090 1352 2170 cujusmodi
1375 2100 1426 2152 est
1446 2089 1523 2154 Solis

171 2181 219 2243 vel
235 2180 356 2255 Terrae,
382 2179 411 2241 io
426 2199 484 2260 qua
508 2200 662 2243 versamur
678 2181 734 2241 hac
749 2180 839 2242 tertia
852 2188 949 2261 parte,
965 2181 1021 2241 bac
1041 2198 1099 2241 non
1113 2187 1162 2241 est
1175 2179 1329 2242 sensibile.
1369 2179 1452 2242 Nam
1469 2198 1522 2261 qao

64 2304 70 2313 ·
170 2269 293 2352 propios
308 2269 418 2331 lineam
433 2269 569 2350 apsidum
584 2270 711 2340 venitur,
733 2271 790 2332 boc
806 2270 913 2331 exilius
927 2270 961 2330 fit
982 2277 1078 2331 totum
1095 2268 1277 2350 triangulum
1299 2267 1412 2342 AGB,
1436 2286 1521 2352 quare

171 2369 203 2421 et
225 2358 374 2438 particula
397 2359 462 2438 ejus
484 2356 599 2432 ΑΟΒ,
624 2359 813 2438 quantumvis
837 2366 989 2420 crescente
1013 2366 1083 2420 tunc
1099 2359 1163 2438 eJus
1183 2358 1344 2420 altitudine
1367 2357 1447 2421 ΑΟ.
1491 2359 1520 2420 ln

172 2447 405 2527 longitudinibus
419 2467 490 2509 vero
509 2448 615 2509 mediis
639 2447 732 2510 ΒΕΑ
756 2449 883 2529 angulus
898 2468 964 2509 cum
987 2457 1103 2509 sectore
1127 2467 1182 2509 suo
1198 2447 1308 2511 alicubi
1331 2448 1424 2527 plane
1442 2467 1519 2509 men·

171 2545 290 2599 suratur
313 2537 351 2598 ab
366 2556 438 2599 area
460 2536 565 2607 BEA,
590 2547 621 2598 et
644 2555 787 2599 excessus
811 2557 876 2598 curn
900 2537 1067 2599 defectibus
1091 2537 1237 2619 incipiunt
1257 2537 1435 2618 permutari.

259 2626 367 2706 Itaque
390 2645 506 2687 summa
522 2626 699 2699 differentia,
725 2646 800 2704 quae
824 2626 998 2706 contingere
1022 2635 1133 2705 potest,
1157 2626 1188 2688 in
1211 2635 1352 2688 octautes
1376 2646 1431 2688 seu
1460 2628 1516 2688 loca

172 2714 250 2779 inter
273 2715 396 2797 apsides
421 2722 452 2776 et
474 2717 656 2796 'quadrantes
681 2716 858 2777 intermedia
882 2716 1101 2778 accumulatur:
1135 2735 1211 2795 quae
1239 2725 1355 2797 quanta
1378 2717 1433 2790 sit,
1463 2717 1514 2796 jau

172 2804 305 2887 patefiet.
352 2804 429 2868 Cum
452 2805 530 2867 euim
554 2805 584 2866 io
608 2805 725 2866 theoria
747 2805 857 2867 Martis
880 2805 1063 2884 aliquamdiu
1087 2805 1191 2866 eadem
1216 2825 1288 2868 usus
1311 2805 1419 2867 fuerim
1440 2823 1511 2867 con·

175 2894 299 2975 putandi
324 2893 420 2955 forma
441 2913 496 2976 per
518 2914 620 2968 areas,
655 2914 713 2956 non
735 2894 834 2975 patuit
856 2895 931 2955 baec
956 2894 1126 2955 differentia
1148 2895 1262 2974 negligi
1293 2904 1419 2976 propter
1440 2911 1512 2973 mag·

173 3002 243 3046 nam
265 2984 407 3062 planetae
421 2984 686 3047 eccentrieitatem.
725 2985 790 3047 Nec
810 2983 973 3063 duplicatio
996 2984 1092 3064 partis
1108 2983 1296 3064 aequationis
1315 2984 1435 3063 opticae
1448 2982 1510 3046 eitra

175 3073 349 3136 sensibilem
372 3092 503 3136 errorem
528 3075 594 3137 suit.
641 3071 742 3143 Quare
770 3073 955 3154 exploranda
988 3073 1044 3135 suit
1065 3072 1209 3153 planities
1238 3073 1382 3153 trianguli
1413 3091 1510 3154 aequa·

174 3162 252 3224 torii.
299 3162 407 3226 Potest
429 3164 460 3225 id
482 3164 546 3226 lieri
570 3162 661 3224 variis
686 3162 801 3235 mediis,
825 3162 878 3224 sed
902 3163 1227 3242 compendiosissimam
1251 3162 1432 3227 adscribam.

175 3324 309 3386 Notum
341 3332 416 3386 est:
455 3324 653 3405 aequealta
690 3323 881 3403 triangula
913 3343 997 3384 esse
1028 3323 1062 3385 in
1098 3323 1338 3403 proportione
1373 3323 1508 3393 basium,

294 3413 378 3476 dico
402 3420 442 3474 et
463 3414 694 3493 aequebasia
718 3432 800 3474 esse
824 3413 859 3474 io
883 3413 1125 3494 proportione
1154 3412 1408 3475 altitudinum.

267 3519 338 3582 Sint
360 3517 460 3594 AGB,
484 3519 571 3581 ΑΗΒ
601 3542 698 3603 anper
726 3520 836 3584 eadem
868 3523 937 3583 basi
959 3521 1026 3594 AB,
1051 3520 1233 3583 continuata
1261 3521 1299 3585 r'n
1322 3518 1357 3583 Ο.
1404 3520 1511 3606 Aaou

177 3625 217 3669 ee
241 3605 272 3668 G
292 3617 379 3672 recta
403 3606 463 3670 GN
481 3607 662 3692 parallelas
684 3611 841 3673 commoni
863 3611 932 3672 basi
954 3609 1028 3680 ΑΒ,
1051 3629 1162 3672 aecana
1183 3609 1239 3670 ΗΒ
1262 3611 1298 3672 in
1319 3610 1366 3685 N,
1399 3618 1428 3675 et
1449 3629 1510 3672 ean·

178 3704 319 3760 nectatur
341 3699 372 3760 N
394 3718 466 3761 cum
485 3699 525 3774 A,
550 3707 579 3762 et
601 3720 641 3762 ecc
663 3702 760 3762 trium
781 3696 1014 3781 triangulatam
1035 3699 1203 3762 catidbna
1226 3696 1265 3773 G,
1282 3700 1367 3775 H,N
1390 3704 1512 3784 aem

175 3785 455 3868 perpendiculares
477 3789 512 3850 in
543 3791 634 3852 basin
658 3787 731 3862 GM,
755 3788 820 3862 HL,
844 3788 909 3861 ΝΡ,
933 3787 1174 3850 determinantes
1194 3787 1428 3871 Maerentem
1448 3786 1512 3852 alti·

177 3874 313 3937 tadinea.
353 3875 432 3939 Cum
454 3898 527 3960 erpo
552 3877 611 3941 GN
632 3885 662 3940 et
678 3879 740 3940 MP
754 3879 817 3941 sint
833 3875 998 3960 paralleli,
1017 3885 1047 3940 et
1063 3874 1136 3952 GM,
1160 3876 1216 3939 NP
1234 3876 1514 3960 pepereram

178 3971 270 4025 errent
292 3965 391 4046 igitur
415 3964 487 4036 GM,
512 3968 568 4029 NP
590 3967 748 4050 aequales.
796 3965 862 4028 Sed
884 3963 949 4028 GM
971 3974 1017 4030 eet
1039 3965 1174 4029 ddbeda
1196 3965 1353 4049 trianguli
1373 3966 1516 4041 nunc

178 4052 233 4114 NP
256 4061 300 4116 eat
322 4053 457 4118 altitudo
480 4057 743 4141 manatense.
783 4053 1293 4137 &neminemnam
1316 4064 1391 4123 mre
1413 4075 1515 4142 aspre·
1558 4096 1563 4127 ;

178 4138 269 4215 atta,·
292 4151 321 4205 et
342 4146 420 4226 qnia
442 4146 537 4211 simod
559 4170 654 4233 saper
676 4147 786 4209 eadem
809 4145 878 4207 basi
891 4144 958 4218 AB,
982 4153 1056 4209 aunt
1077 4146 1177 4228 ipe’trer
1200 4145 1358 4228 neptalia.
1398 4146 1518 4212 Han
1559 4182 1563 4195 ·

178 4229 265 4294 ANB
287 4233 330 4294 eit
348 4253 428 4314 para
451 4238 490 4300 de
511 4239 608 4312 ΑΗΒ,
632 4245 660 4299 et
683 4237 856 4299 commanis
877 4231 962 4297 linea
984 4235 1108 4296 basiam
1131 4234 1187 4296 ΗΒ
1210 4242 1240 4298 et
1262 4238 1439 4301 ammonia
1457 4256 1517 4301 trr-

179 4328 232 4383 tera
254 4320 293 4393 Α,
317 4324 481 4405 monada
503 4329 602 4409 igitur
624 4326 722 4398 NAB,
746 4326 831 4386 ΗΑΒ
855 4332 927 4387 eant
950 4322 1125 4404 aequealta
1174 4324 1285 4402 Quare
1306 4333 1343 4389 rat
1363 4326 1454 4391 basis
1470 4324 1519 4389 ΝΒ

180 4408 225 4470 ad
247 4410 304 4472 ΒΗ
330 4414 378 4475 eia
403 4413 490 4477 ΝΑΒ
514 4417 559 4478 aot
581 4415 677 4476 ΗΑΒ.
724 4413 790 4475 sea
820 4414 906 4475 ΝΑΒ
930 4421 960 4476 et
983 4409 1071 4474 GAB
1097 4413 1236 4493 probae
1264 4423 1337 4478 cant
1366 4413 1518 4499 mosolla

181 4496 268 4578 Erpa
291 4507 326 4562 at
348 4499 403 4560 NB
427 4504 471 4564 ad
494 4504 550 4564 BH
572 4506 619 4567 sic
642 4501 729 4566 GAB
753 4503 798 4565 ad
819 4502 915 4564 ΗΑΒ.
958 4503 998 4566 Ut
1019 4523 1092 4564 uero
1115 4501 1172 4564 ΒΝ
1195 4503 1241 4565 ad
1262 4503 1319 4566 ΒΗ
1340 4504 1390 4567 er'a
1407 4505 1464 4568 ΝῬ
1482 4500 1521 4565 ad

181 4584 248 4658 HL,
273 4606 307 4647 eo
331 4589 416 4668 qread
437 4589 520 4653 ΝΒΡ
538 4601 567 4655 et
581 4592 666 4654 HBL
687 4589 809 4655 cimilia
831 4591 1002 4673 bianpecta.
1041 4592 1132 4676 Enyo
1156 4592 1251 4656 dam
1274 4601 1307 4656 at
1330 4593 1388 4656 ΝΡ
1409 4595 1455 4658 ad
1471 4590 1521 4655 nt

183 4672 230 4734 sic
253 4670 338 4738 GAB
361 4677 406 4739 ad
427 4678 524 4742 ΗΑΒ.
572 4681 638 4744 Sed
668 4681 723 4744 ΝΡ
752 4689 781 4744 et
805 4679 868 4742 GM
898 4679 1055 4762 aequales.
1103 4683 1193 4766 Erpa
1224 4691 1261 4746 nt
1290 4680 1356 4746 GM
1385 4685 1433 4748 ad
1460 4680 1519 4753 ffls

65 4819 79 4829 .
187 4759 320 4824 altitudo
351 4766 394 4827 ad
425 4766 642 4844 aldtndinem,
673 4773 721 4835 cic
751 4768 838 4834 GAB
870 4789 948 4834 orec
977 4772 1023 4834 ad
1050 4771 1138 4836 ΗΑΒ
1170 4791 1288 4837 arecon
1337 4772 1436 4855 Quod
1461 4776 1521 4837 nd

188 4849 471 4919 dmmaraadan
