3368 5534
162 327 228 397 ⁷24
552 383 555 393 .
731 295 947 424 omnmo
982 424 987 430 ἠ

323 506 547 572 Observatio
569 506 734 587 Eclipsis
757 507 878 571 Lunae
902 502 954 569 27.
981 507 1059 586 Aug.
1082 505 1153 567 anni
1175 501 1360 569 MDGXVI.

252 635 282 690 ln
303 642 394 689 monte
414 633 531 703 Pesting
552 626 725 704 (Pcestling)
747 633 854 686 dimidio
876 631 984 687 milliari
1007 649 1025 685 a
1044 631 1112 685 Lina
1133 647 1229 685 versus
1250 628 1473 700 septentrionem
1491 628 1517 682 in

164 717 268 780 altum,
297 717 368 768 unde
395 713 492 783 pulsus
513 712 717 784 horologiorum
745 720 775 767 et
796 729 878 766 voces
899 710 1013 782 vigilum
1040 712 1205 765 urbanorum
1233 709 1445 772 exaudiuntur,
1472 725 1519 761 nec

164 799 251 852 minus
274 794 425 848 Otensheni
446 800 475 849 et
495 793 667 863 Wildsrigae
689 786 874 864 (Wilhering)
895 791 1049 863 horologia.
1198 784 1204 803 ⁹

240 877 395 928 ·Horauna
408 880 472 942 post
485 873 602 926 mediam
618 879 726 926 noctem
740 873 831 926 subito
846 878 911 927 sunt
920 879 998 925 ortae
1009 873 1105 926 nubes.
1128 871 1231 926 Umbra
1239 871 1267 925 in
1277 887 1385 924 summo
1396 868 1518 939 margine

164 973 260 1028 parum
277 955 419 1008 admodum
433 954 468 1006 ad
483 953 621 1006 sinistram
635 953 791 1007 declinarit.
820 952 984 1021 Principium
999 960 1062 1006 erat
1082 953 1109 1005 in
1131 952 1253 1006 arimutb
1272 940 1301 1011 J
1326 949 1446 1004 fortuito
1459 967 1518 1001 eon·

165 1039 262 1092 stituto
280 1027 332 1088 22⁰
353 1040 382 1087 et
403 1032 549 1086 altitudine
572 1027 642 1094 287,
666 1033 711 1086 vel
732 1033 881 1086 correctius
903 1024 964 1088 29⁰.
986 1034 1034 1086 sed
1055 1033 1117 1086 ride
1137 1049 1172 1085 ne
1192 1032 1230 1085 sit
1251 1031 1305 1084 hoc
1332 1031 1360 1083 in
1386 1029 1519 1099 superiori

165 1120 254 1172 latere
270 1113 387 1185 regulae
401 1113 508 1175 vitioso,
530 1129 580 1182 pro
601 1131 635 1166 eo
656 1113 728 1167 enim
748 1115 914 1183 sequendum
935 1121 1010 1166 esset
1030 1111 1156 1167 indicium
1175 1111 1313 1167 inferioris
1334 1110 1438 1164 lateris
1459 1102 1519 1162 ²6⁰:

166 1196 327 1268 principium
342 1193 393 1246 hoc
404 1199 578 1261 conspectum
593 1200 636 1246 est
650 1211 701 1263 per
714 1194 801 1247 nubes
816 1209 928 1263 sparsas
942 1200 972 1245 et
985 1193 1157 1247 dehiscentes
1172 1191 1328 1254 identidem,
1339 1189 1404 1243 ride
1420 1189 1518 1260 itaque,

165 1294 199 1331 ne
221 1276 305 1346 paulo
326 1273 402 1342 prius
423 1273 507 1327 fuerit
526 1290 629 1326 merum
650 1273 819 1343 principium.

253 1357 296 1408 Ad
318 1354 487 1423 probandum
507 1353 558 1408 hoc
580 1353 701 1408 azimuth
722 1357 857 1424 quodnam
878 1352 977 1416 fiterit,
1007 1359 1092 1423 capta
1112 1359 1157 1405 est
1177 1350 1203 1404 in
1225 1368 1258 1405 eo
1279 1351 1405 1405 altitudo
1425 1349 1519 1420 capitis

165 1436 355 1491 Andromedae
377 1427 438 1490 70⁰,
463 1434 511 1485 sed
531 1449 638 1505 rursum
658 1438 726 1503 puto
747 1434 832 1488 fuisse
852 1432 1001 1503 superioris
1022 1431 1119 1486 lateris
1144 1431 1284 1493 indicium,
1315 1431 1429 1501 quaudo
1450 1430 1519 1483 latas

111 1518 113 1522 '
165 1517 282 1587 regulae
307 1513 443 1567 inferioris
467 1514 630 1581 monstrarit
655 1508 737 1572 66¹t.
779 1515 854 1567 Tunc
873 1514 954 1567 Luna
983 1514 1100 1566 nondum
1129 1511 1240 1564 dimidia
1267 1511 1295 1564 in
1322 1511 1427 1564 umbra
1453 1520 1519 1564 erat.

166 1602 332 1665 Antequam
345 1593 392 1646 ala
405 1593 508 1663 Pegasi
529 1593 637 1646 reniret
657 1594 684 1646 in
705 1594 731 1646 id
752 1593 882 1656 ammoth,
905 1594 1002 1646 umbra
1022 1591 1078 1660 jam
1099 1595 1135 1646 ad
1155 1593 1284 1645 dextram
1305 1590 1472 1645 inclinabat
1486 1618 1520 1629 -

166 1678 221 1730 Ala
241 1673 345 1747 Pegasi
368 1673 394 1726 in
415 1672 464 1725 illo
485 1673 608 1727 azimutb
628 1673 727 1727 habuit
750 1673 923 1727 altitudinem
945 1665 1034 1731 55¹l2⁰
1061 1669 1142 1743 (cave
1165 1680 1198 1725 ut
1224 1687 1327 1740 supra,
1359 1687 1428 1724 nam
1455 1671 1519 1725 forte

166 1763 229 1811 erat
250 1749 356 1817 triu),
377 1754 531 1806 Pomahaut
552 1753 578 1806 in
599 1753 647 1807 illo
669 1753 790 1808 azimuth
812 1762 874 1806 erat
895 1755 957 1807 alta
970 1744 1011 1807 7⁰.
1027 1781 1062 1790 -
1080 1752 1147 1807 Cum
1162 1752 1259 1806 umbra
1273 1751 1434 1805 declinaret
1448 1750 1520 1822 quasi

167 1837 201 1891 ad
223 1830 240 1887 2
262 1833 417 1904 superiores
441 1833 469 1886 in
493 1849 577 1896 urna,
600 1839 662 1887 erat
685 1824 711 1894 D
734 1835 761 1887 iu
782 1832 921 1889 azimutho
943 1826 1047 1896 tw,
1070 1833 1188 1887 altitudo
1208 1830 1255 1884 imi
1274 1830 1416 1902 marginis
1438 1822 1521 1890 21¹1?

167 1914 266 1969 vitiose
287 1920 318 1968 et
337 1912 471 1983 superiori
492 1914 600 1977 latere,
626 1930 691 1967 rere
714 1920 744 1968 et
764 1913 792 1967 in
815 1913 936 1985 inferiori
962 1906 1057 1974 17¹!st
1098 1911 1169 1967 Hinc
1185 1910 1247 1980 jam
1267 1911 1430 1967 discernere
1449 1913 1521 1981 coepi

167 1996 239 2050 inter
260 1993 387 2062 superius
407 2001 437 2046 et
457 1992 571 2047 iuferius
592 1993 667 2047 latus
687 1994 812 2066 regulae.
846 1994 914 2048 Cum
930 1993 1022 2047 lucida
1039 2009 1104 2063 pars
1127 1998 1259 2063 vergeret
1278 1991 1307 2045 in
1327 1991 1437 2046 lineam
1456 1992 1522 2044 inter

168 2078 236 2129 duas
264 2073 378 2127 fusionis
407 2081 436 2125 et
463 2090 523 2126 cum
552 2074 775 2145 perpendiculum
804 2092 840 2127 ex
862 2073 1117 2143 polari'demissnm
1138 2073 1251 2126 cadem
1272 2071 1406 2141 proxime
1426 2070 1519 2142 spira·

168 2154 326 2224 Serpentis,
348 2168 419 2224 quae
440 2159 484 2207 est
505 2169 600 2207 versus
621 2154 836 2225 quadrilaterum
856 2153 967 2209 minoris
989 2154 1093 2217 Ursae,
1122 2159 1185 2206 erat
1207 2152 1332 2206 asimutb
1353 2152 1456 2206 Lunae
1474 2142 1520 2206 ὅθ’

168 2236 256 2290 miuus
282 2228 322 2295 Ἰ..
363 2233 493 2287 Azimuth
513 2234 610 2287 Lunae
632 2226 738 2299 51¹t‚⁰‚
761 2233 879 2289 altitudo
893 2230 962 2289 ·ffi⁰.
1003 2235 1079 2288 Tunc
1098 2233 1215 2287 nondum
1244 2232 1394 2287 occidebat
1418 2230 1518 2303 squas

168 2317 244 2370 ‘l'uuc
264 2313 339 2368 linea
359 2329 410 2382 per
430 2303 456 2375 J
479 2322 509 2367 et
535 2315 658 2369 umbram
688 2314 872 2368 contendebat
898 2314 984 2386 paulo
1012 2330 1096 2384 super
1122 2312 1294 2368 remotiorem
1319 2312 1431 2367 claram
1450 2310 1518 2383 qais·

169 2394 304 2468 qnauguli
324 2393 353 2446 in
374 2399 430 2458 2¹02,
451 2401 522 2464 puta
542 2393 692 2448 humerum.
721 2395 791 2448 Nam
812 2396 864 2448 boc
881 2394 1117 2466 quinquangulum
1136 2393 1224 2447 habet
1239 2394 1308 2446 duos
1324 2392 1457 2448 humeros
1471 2394 1517 2452 ἲ,

160 2468 276 2531 ¹oculum
297 2479 328 2527 et
347 2489 378 2527 os
398 2472 502 2544 Pegasi
523 2479 553 2528 et
580 2475 686 2529 oculum
714 2475 831 2546 equulei.
876 2475 928 2529 Hic
957 2484 988 2528 et
1017 2490 1102 2545 supra
1122 2473 1204 2526 Luna
1230 2480 1293 2526 erat
1321 2472 1517 2531 obsmnssina

169 2555 306 2626 superfuit
325 2562 417 2608 tammo
437 2554 549 2625 aliquid.

258 2636 338 2689 Luna
351 2641 413 2688 tota
425 2635 577 2689 rubicunda
589 2635 649 2697 tuit,
672 2636 720 2687 sed
734 2634 823 2707 magis
838 2650 920 2687 cornu
935 2635 1061 2704 superius
1075 2633 1164 2705 partis
1178 2632 1351 2686 constitutae
1372 2632 1402 2686 in
1423 2633 1517 2692 umbra

171 2718 243 2788 quod
263 2723 327 2769 erat
346 2717 382 2769 ad
402 2715 542 2770 sinistram
562 2731 648 2785 supra
667 2715 785 2768 lucidam
805 2714 970 2785 particulam
991 2715 1137 2769 residuam.

257 2796 338 2849 Luna
359 2797 476 2850 nondum
497 2796 580 2864 plane
600 2794 733 2849 restituta
746 2795 845 2849 occidit
859 2794 886 2848 in
900 2795 1021 2848 azimuth
1035 2788 1102 2851 74⁰³
1122 2788 1154 2853 Θ
1170 2793 1197 2846 in
1211 2793 1337 2847 azimutls
1350 2786 1411 2847 75·
1429 2792 1517 2848 babuit

171 2876 344 2931 altitudinem
368 2869 445 2937 1¹t.⁰‚
479 2883 554 2929 certe
574 2883 719 2946 utrumque
746 2876 880 2929 luminare
908 2875 934 2928 in
961 2875 1128 2929 semicirculo
1149 2873 1321 2928 meridionali
1343 2879 1418 2929 erat
1457 2873 1517 2928 ara

172 2957 278 3027 quidem
298 2954 417 3027 suspicio
439 2956 557 3026 alicujus
578 2955 701 3009 defectus
722 2955 840 3017 residui,
872 2958 919 3008 sed
948 2956 1060 3027 cogita,
1092 2972 1128 3009 au
1155 2954 1239 3009 merit
1263 2958 1376 3008 tantum
1397 2955 1517 3009 debilitas

171 3037 279 3091 luminis
299 3053 337 3089 ex
357 3036 409 3089 illa
428 3044 518 3106 parte.

260 3117 353 3170 Causa
374 3116 496 3170 incertae
516 3115 717 3170 observationis
736 3115 789 3168 mit
809 3114 873 3169 ista.
912 3115 978 3169 Cum
997 3115 1125 3186 oppidum
1137 3115 1262 3169 Linzium
1275 3115 1421 3169 montibus
1434 3113 1517 3169 ricia'a

171 3197 209 3250 sit
229 3196 480 3259 circumvallatum,
511 3214 606 3250 versus
636 3203 725 3250 ortum
753 3198 802 3249 das
830 3194 991 3260 bocbeckh‚
1023 3213 1117 3249 sersus
1146 3212 1273 3248 occasum
1293 3195 1455 3269 Wienberg
1471 3194 1517 3249 nai

172 3277 200 3332 S.
216 3277 413 3348 Martinsberg‚
435 3277 463 3329 in
477 3277 555 3346 cujus
569 3278 640 3330 collo
662 3292 714 3329 arx
735 3275 873 3330 altissima
891 3293 997 3329 omnem
1017 3282 1192 3346 prospectum
1212 3275 1335 3345 eripiens
1356 3272 1516 3330 habitationi

170 3370 266 3411 meae:
295 3373 349 3427 ego
370 3363 402 3409 ut
421 3364 565 3427 utrumque
587 3357 721 3411 luminare
743 3356 770 3410 in
791 3356 933 3410 horizonte
954 3357 1090 3420 riderem,
1118 3372 1237 3426 vespera
1260 3357 1468 3425 praecedente,
1492 3362 1516 3407 ot

172 3436 288 3508 primum
308 3436 466 3490 serenitatis
488 3440 636 3491 duraturae
657 3438 723 3490 fides
740 3436 805 3490 milri
826 3443 870 3489 est
891 3437 982 3500 facta,
1004 3446 1086 3505 porta
1102 3435 1162 3505 jam
1179 3435 1239 3504 jam
1260 3437 1421 3490 claudenda
1440 3433 1516 3504 erupi

172 3524 203 3570 et
223 3515 367 3570 comitibus
388 3518 493 3570 duobus
516 3517 627 3571 adscitis
648 3518 675 3571 in
703 3519 816 3571 arduum
843 3524 961 3570 montem
989 3533 1040 3586 per
1069 3517 1148 3571 unius
1175 3516 1260 3569 horae
1288 3515 1415 3585 spatium
1436 3516 1517 3569 enisu

173 3612 249 3658 sum,
277 3596 459 3651 instrumento
484 3597 633 3651 instructus
655 3616 708 3650 non
730 3598 872 3651 admodum
897 3600 1053 3661 commodo,
1083 3597 1252 3666 triangulum
1277 3601 1343 3649 erat
1363 3593 1517 3650 azimmbdi

173 3676 274 3730 circulo
294 3677 374 3730 unius
394 3677 471 3746 pedis
493 3678 626 3732 diametro
646 3676 818 3748 impositum,
844 3677 980 3731 lateribus
1002 3676 1238 3747 complicatilibus.
1280 3675 1373 3729 Locum
1396 3678 1516 3731 obaem-

174 3756 255 3810 tionis
276 3757 327 3809 sub
348 3756 391 3809 dic
412 3757 440 3809 in
459 3758 552 3811 novali
574 3774 682 3828 aspero.
711 3762 736 3811 A
750 3757 852 3811 nistico
873 3756 961 3811 vicino
980 3774 1031 3827 per
1048 3758 1162 3811 duarum
1179 3757 1312 3810 horarum
1333 3757 1457 3826 spatium
1477 3756 1516 3808 ise

173 3843 289 3907 portuno
310 3842 340 3888 et
359 3835 543 3891 indesinenter
564 3839 699 3909 pulsando
720 3838 793 3891 fores
814 3845 844 3891 et
870 3836 1011 3892 clamando
1032 3838 1067 3891 ad
1092 3832 1177 3891 ravim
1205 3852 1305 3907 usque,
1336 3835 1387 3890 rix
1416 3838 1516 3890 tanden

172 3935 223 3971 nec
243 3914 296 3970 nisi
316 3915 392 3985 prius
414 3917 570 3971 convocatis
592 3918 686 3972 vicinis
707 3918 743 3971 ab
765 3917 843 3972 unius
865 3923 949 3988 atque
964 3917 1079 3971 alterim
1093 3916 1175 3971 stadii
1196 3916 1347 3971 intervallo
1369 3914 1445 3983 (cum
1458 3931 1515 3970 nnn

172 3997 242 4051 cium
263 3996 335 4050 clam
355 4013 405 4065 per
418 3998 552 4065 posticum
566 3995 713 4062 emisisset)
735 3997 845 4051 admissi
863 4014 970 4060 sumus3
992 4015 1043 4051 nec
1057 3997 1173 4067 amplius
1188 3995 1291 4067 aliquid
1306 3996 1515 4065 impetravimus.

173 4093 252 4148 quam
274 4076 407 4145 tripedem
428 4083 552 4130 truncum
572 4080 685 4131 duorum
706 4080 804 4147 pedum
823 4077 978 4141 altitudine,
1000 4077 1094 4148 inquo
1112 4077 1280 4147 erigeremus
1301 4076 1515 4131 immmenso·

261 4157 411 4210 Candelam
431 4163 481 4210 aut
501 4157 621 4212 faculam
642 4158 725 4211 nullis
751 4158 858 4212 omnino
886 4157 1013 4227 precibus
1041 4157 1221 4220 extorsimus,
1252 4174 1303 4210 nec
1330 4157 1407 4227 ignis
1429 4171 1515 4211 κω

173 4237 260 4299 dendi,
284 4236 349 4289 licet
368 4237 473 4290 eminus
494 4237 521 4290 in
542 4254 619 4308 agro,
642 4238 722 4308 copia
736 4238 813 4291 nobis
835 4237 918 4300 facta,
940 4244 1015 4293 metu
1029 4238 1270 4297 incendiariorum
1291 4237 1390 4306 itaque
1405 4239 1516 4291 mbos

174 4319 288 4370 ardente
309 4323 388 4370 notas
411 4317 438 4370 in
458 4317 638 4373 instrumento
659 4319 853 4388 inquisivimus,
875 4318 1005 4390 virgultis
1019 4325 1049 4371 et
1061 4318 1162 4371 assulis
1178 4334 1228 4387 pro
1247 4316 1353 4385 forcipe
1367 4333 1463 4372 sumus
1481 4314 1515 4368 asi

174 4394 201 4449 in
227 4397 456 4465 apprehendendo
485 4400 617 4462 carbone,
641 4399 757 4469 denique
779 4399 891 4468 supinus
913 4398 940 4451 in
961 4414 1031 4470 agro
1052 4404 1208 4467 prostratus
1230 4397 1339 4450 oculum
1360 4395 1515 4467 pinnaeidiis

174 4475 304 4546 supposui
331 4476 478 4548 notarique
508 4496 620 4533 cerussa
648 4478 856 4533 observationes
878 4479 904 4531 in
926 4495 1033 4549 papyro
1054 4478 1165 4532 humida
1186 4478 1221 4530 ob
1241 4492 1347 4539 rorem,
1375 4479 1412 4531 ad
1433 4478 1515 4531 lumen

172 4556 217 4610 rel
238 4557 334 4609 Lunae
355 4558 400 4610 vel
421 4559 554 4613 carbonis.

247 4637 327 4701 ¹Cum
349 4637 386 4690 sit
406 4639 546 4693 anomalia
566 4630 593 4700 I)
616 4635 645 4692 t·
663 4631 696 4692 6⁰
714 4634 771 4702 42⁴,
793 4644 838 4692 est
858 4628 1105 4700 semidiameter)
1131 4632 1177 4692 17‘
1192 4630 1231 4690 t“
1251 4637 1296 4690 rel
1319 4637 1405 4706 paulo
1427 4636 1513 4703 major.

173 4715 244 4770 Nam
264 4716 287 4769 si
308 4717 469 4772 diametrum
492 4719 519 4774 iu
547 4734 675 4791 apogaeo
703 4725 855 4775 statuerem
878 4715 926 4774 30¹
948 4714 1014 4784 30“‚
1042 4727 1075 4773 ut
1101 4724 1166 4772 ante
1190 4732 1276 4772 annos
1300 4711 1357 4779 12.
1388 4717 1514 4788 μῆρε·

173 4796 296 4864 prodiret
315 4796 403 4864 major
417 4814 497 4868 quam
520 4796 567 4855 34¹
582 4795 636 4863 8“;
657 4800 771 4853 umbrae
786 4800 987 4855 semidiameter
1001 4796 1050 4853 ⁴9⁴
1060 4795 1108 4855 δ”.
1138 4798 1191 4852 Est
1204 4804 1298 4852 autem
1312 4804 1345 4851 et
1357 4797 1512 4851 domans

174 4877 244 4929 nodo
265 4870 298 4930 5⁰
315 4872 363 4932 ⁴5¹
385 4881 531 4935 secundum
550 4897 602 4949 me,
623 4886 654 4936 st
672 4880 791 4936 latitudo
812 4881 916 4955 angulo
934 4896 1036 4953 magno
1056 4873 1091 4936 5⁰
1111 4873 1158 4933 18‘
1179 4885 1223 4932 est
1244 4871 1380 4934 31’50”.
1411 4876 1512 4933 senas
