3368 5534
286 333 349 403 tte
808 344 962 406 ammenta
983 336 1106 404 capitum.

284 522 426 576 secaretur,
453 517 533 578 ipsum
550 514 683 564 refutatum
701 517 730 564 iri
750 514 782 565 ab
800 516 1019 566 observationibus.
1056 513 1150 565 Eodem
1167 514 1240 585 modo
1259 514 1449 568 demonstratur,
1467 523 1526 561 eam
1543 505 1588 559 sot
1604 508 1638 556 sit

284 590 309 638 in
328 589 461 637 eccentrici
480 588 556 636 oratis
576 587 694 636 dlamotro
712 587 841 652 lougIore.
865 594 984 652 punctum
1002 585 1078 652 fgitm
1096 586 1160 637 Solis
1178 587 1309 642 sicarium.
1328 597 1401 648 saper
1418 597 1466 648 quo
1485 581 1638 645 Copetaicas

284 660 387 710 exstruit
406 659 586 717 eccentricum,
605 672 659 707 esse
678 665 748 707 entra
765 659 834 708 illam
851 659 985 725 longiorem
1004 659 1159 708 diametrum.
1196 661 1230 706 At
1248 655 1379 707 rendmsse
1397 665 1555 718 nequaqnam
1573 664 1638 704 ιιιι.

283 739 313 780 ut
329 731 462 780 eccentrIci
481 729 558 777 csalis
576 730 627 778 alia
644 731 678 778 sit
694 730 762 779 linea
780 730 900 793 apsidum,
919 743 994 795 quam
1010 730 1107 793 longior
1123 729 1201 778 oralia
1219 729 1353 779 diameter:
1371 727 1449 792 igitar
1464 724 1561 775 husa·
1570 723 1637 784 apal-

284 803 342 851 dnm
360 816 409 849 non
427 806 527 864 praeter
544 799 625 850 Solem
643 802 762 850 transite:
790 808 815 850 et
841 804 877 850 sic
902 803 1011 851 omnium
1029 800 1185 864 planetarum
1203 799 1283 850 lineas
1301 797 1415 863 apsidum
1434 799 1461 847 ia
1478 797 1532 860 ipat
1551 802 1638 845 aava

284 873 349 925 Solia
367 886 523 927 concurrere,
543 886 592 920 non
611 873 637 919 in
654 882 746 937 puncto
765 872 847 937 aliquo
865 872 941 922 medii
959 872 1007 922 Ioci
1025 871 1097 922 Solis.

375 959 448 1023 Gap.
470 958 538 1008 LIII.
575 958 711 1009 I’eouliaris
733 959 862 1009 methodus
886 960 1023 1025 inquirendi
1041 959 1174 1009 distantias
1193 957 1281 1008 Martia
1299 971 1316 1009 a
1334 957 1391 1008 Sole
1408 970 1485 1022 prope
1503 957 1637 1022 oppositio-

283 1047 342 1083 uem
360 1035 414 1094 ejus
432 1045 487 1080 cum
507 1030 575 1080 Sole:
596 1038 622 1079 et
639 1031 709 1080 simul
729 1030 905 1081 demonstratio
923 1033 1008 1095 puncti
1027 1031 1092 1079 orbis
1110 1031 1204 1095 magni,
1223 1044 1252 1079 ex
1266 1044 1313 1095 que
1322 1044 1388 1080 error
1399 1031 1426 1078 in
1438 1028 1637 1078 dittantiaeom·

285 1106 374 1153 missus
399 1108 503 1166 apparot
525 1103 632 1151 omnium
656 1105 785 1151 maalmns.
838 1102 886 1151 Ubi
912 1103 1117 1167 praesupponitur
1142 1100 1285 1152 differentia
1308 1101 1417 1152 locorum
1441 1101 1639 1150 tetamentum

282 1175 383 1224 duorum
409 1181 435 1222 et
460 1173 633 1223 distantiarum
655 1176 782 1239 utriusque
806 1173 896 1223 aSole
920 1174 1077 1224 mediocriter
1095 1174 1203 1239 cognita.
1242 1171 1299 1233 Qua
1317 1175 1413 1222 ratione
1431 1171 1505 1221 simul
1524 1176 1554 1222 ut
1571 1173 1639 1236 prim

282 1246 343 1310 Cap.
364 1244 405 1294 Ll.
426 1244 565 1309 exploratur
582 1244 644 1293 tides
662 1245 826 1309 hypotheseos
844 1246 961 1294 vicenae.

374 1315 448 1379 Gap.
468 1313 535 1364 LIV.
568 1313 719 1365 collectione
743 1331 827 1366 eornm
849 1329 913 1380 quse
930 1317 1023 1379 passim
1044 1321 1102 1364 suut
1120 1314 1304 1370 demonstrata,
1329 1328 1423 1382 magua
1441 1315 1561 1365 emessa
1578 1327 1639 1363 tou·

281 1390 391 1439 stituitnr
409 1398 435 1435 et
454 1392 633 1449 attemperatur
654 1390 778 1452 proportio
798 1389 991 1437 eccentrioitatis
1010 1393 1037 1436 et
1055 1387 1157 1435 orbium.

371 1475 441 1540 Cap.
470 1473 524 1523 LV.
566 1473 679 1524 Tandem
705 1474 798 1526 reditur
824 1479 849 1526 iu
873 1478 954 1531 nam.
983 1474 1048 1524 unde
1068 1477 1150 1538 capite
1168 1472 1245 1524 XLV.
1265 1474 1451 1525 detexeramut.
1487 1474 1639 1526 Inductione

282 1551 348 1601 euim
369 1548 477 1596 omnium
497 1545 685 1603 demonstratur,
704 1549 740 1596 nti
760 1548 864 1598 circulus
883 1550 965 1614 capite
983 1545 1073 1596 XLIV.
1094 1546 1127 1595 ad
1144 1545 1225 1596 latera
1243 1548 1316 1596 nimis
1335 1548 1477 1605 cratianus,
1495 1547 1640 1597 sicoralem

283 1621 374 1684 capitis
391 1616 469 1668 XLV.
500 1631 554 1667 esse
581 1619 654 1666 nimis
683 1626 823 1684 angustam.
867 1621 1021 1684 Argumenta
1044 1616 1091 1666 duo
1110 1624 1176 1667 sunt.
1212 1616 1323 1667 Alterum
1342 1632 1358 1668 a
1376 1618 1502 1668 distantiis
1521 1618 1638 1669 dume

280 1692 323 1742 ubi
354 1694 528 1755 comparantur
551 1688 695 1738 observatae
722 1697 747 1740 et
772 1705 826 1754 cap.
846 1690 889 1740 LI.
908 1688 975 1739 LIII.
999 1689 1136 1753 productae
1155 1703 1210 1738 cum
1230 1689 1355 1738 distantiis
1372 1704 1404 1739 ex
1421 1688 1552 1754 hypothesi
1571 1704 1639 1739 com·

280 1765 385 1828 putatis,
405 1776 435 1810 ex
453 1762 608 1825 proportione
628 1761 721 1810 orbium
741 1765 829 1828 capitis
847 1761 914 1812 LIV.
935 1768 961 1810 et
979 1760 1057 1809 lorma
1074 1768 1185 1810 motuum
1204 1763 1313 1824 capitum
1332 1760 1409 1810 XLV.
1435 1760 1527 1811 XLVL
1549 1759 1638 1811 XLIX.

279 1835 313 1886 Et
340 1834 487 1889 ostenditur,
516 1831 658 1881 observatas
686 1848 740 1882 esse
764 1833 897 1898 longiores:
931 1831 1043 1882 Alterum
1069 1838 1242 1896 argumentum
1265 1835 1369 1882 sumitur
1387 1833 1419 1883 ab
1438 1833 1637 1898 aequationibns.

279 1905 346 1956 Nam
365 1905 527 1968 aequationos
546 1918 575 1951 ex
594 1902 684 1952 circulo
704 1912 861 1968 computatae
881 1918 935 1967 cap.
955 1901 1046 1953 XLIII.
1071 1904 1212 1966 peccabant
1230 1905 1255 1952 iu
1274 1912 1369 1967 partem
1387 1918 1477 1960 anama
1496 1917 1564 1968 qnae
1581 1918 1638 1952 raro

281 1977 345 2026 osali
366 1990 420 2038 cap·
440 1973 518 2024 XLV.
538 1977 743 2040 computabantur
761 1992 804 2040 per
822 1991 877 2041 cap.
896 1974 986 2026 XLVI.
1005 1972 1108 2024 XLVII.
1128 1973 1243 2024 XLVIII.
1263 1973 1349 2025 XLIX.
1364 1975 1393 2024 L.
1412 1975 1563 2026 tantundem
1580 1988 1637 2040 pse·

280 2050 373 2098 cabant
391 2049 416 2095 in
436 2053 532 2110 partem
551 2046 663 2095 alteram.

370 2118 451 2181 Cap.
470 2116 537 2166 LVI.
574 2116 641 2166 Hinc
662 2120 715 2179 jam
739 2118 934 2177 demonstratur,
954 2118 1086 2167 distantias
1105 2132 1154 2167 uon
1173 2131 1204 2166 ex
1223 2117 1421 2168 circumferentia
1440 2117 1546 2183 epicyeli
1564 2118 1637 2168 dea·

279 2188 397 2245 mendas,
426 2192 477 2238 sire
502 2188 665 2252 aequabiliter
690 2191 714 2238 in
740 2203 770 2239 eo
788 2190 891 2253 planeta
908 2190 1022 2246 incedat,
1041 2196 1069 2238 nt
1087 2202 1144 2252 cap.
1163 2187 1242 2245 XLV,
1260 2191 1312 2239 sire
1329 2191 1512 2253 proportionem
1529 2191 1640 2240 retinen

280 2271 362 2312 motus
381 2261 523 2315 eccentrici‚
543 2267 571 2308 ut
589 2274 644 2323 cap.
664 2259 792 2319 XL1,sed
811 2261 944 2311 sumendas
962 2275 1016 2310 esse
1034 2274 1063 2309 ex
1083 2259 1186 2324 epitycli
1205 2259 1334 2310 diametro.
1364 2260 1521 2312 Ριιιιιίιιιι
1533 2261 1638 2313 aaa·

281 2339 341 2383 aaut
358 2346 422 2396 quae
442 2333 467 2381 in
485 2332 568 2394 priori.

372 2402 448 2466 Cap.
469 2401 548 2451 LVII.
587 2401 649 2451 Cum
667 2404 776 2453 rationes
795 2404 911 2468 physicae
931 2404 1020 2467 capitis
1039 2400 1116 2451 XLV.
1135 2416 1238 2453 necasse
1256 2405 1290 2452 ait
1308 2402 1400 2468 tliquid
1414 2402 1470 2453 ialsi
1487 2402 1583 2455 habere
1594 2403 1638 2455 ad·

279 2477 383 2526 mixtum
404 2481 504 2538 propter
531 2472 647 2522 ellectum
672 2474 773 2523 laisum:
795 2478 848 2538 jam
873 2475 1000 2540 patefacto
1024 2475 1132 2538 genuino
1152 2472 1243 2525 ellectu
1261 2476 1432 2526 instaurantur
1450 2475 1510 2526 illae
1527 2478 1638 2527 ιιιὶοιιιι

279 2545 399 2612 physIcae
418 2553 444 2594 et
462 2547 621 2594 continuatur
639 2545 776 2609 speculatio
795 2548 885 2610 capitis
903 2544 1013 2595 XXXIX.
1125 2539 1129 2546 '

371 2614 398 2677 l)
417 2615 499 2665 Primo
518 2616 663 2678 ostenditur,
681 2616 837 2667 librstIonom
857 2620 882 2666 in
901 2617 1021 2666 (hamone
1040 2615 1143 2680 epicycli
1163 2613 1238 2679 (quae
1256 2617 1338 2666 reddit
1355 2617 1488 2667 distantias
1500 2618 1637 2668 obremus

281 2684 476 2748 consentaneae)
505 2694 590 2737 tenere
615 2686 684 2752 leges
707 2689 834 2738 naturales
858 2703 992 2752 corporum.
1030 2685 1058 2748 2)
1083 2685 1144 2735 Cum
1168 2687 1266 2737 libratio
1284 2691 1318 2737 sit
1335 2689 1465 2739 translatio
1485 2689 1517 2739 de
1535 2690 1591 2739 Ioco
1611 2692 1637 2739 ia

277 2760 375 2817 Iocum,
395 2759 539 2818 ostenditur,
563 2759 627 2807 hanc
652 2759 840 2809 translationem
859 2761 965 2823 corporis
983 2759 1100 2824 planetae
1118 2757 1171 2808 teri
1197 2765 1223 2808 et
1245 2759 1328 2822 perfici
1347 2774 1364 2810 ι
1381 2759 1455 2817 Sole,
1483 2776 1533 2811 non
1554 2763 1634 2811 minas

279 2846 355 2897 quam
373 2839 444 2895 parts
462 2828 510 2880 111.
529 2830 752 2880 circumlationem:
772 2833 808 2880 sic
826 2836 910 2881 minen
933 2837 961 2879 ut
978 2831 1050 2892 hujus
1069 2829 1207 2880 librationis
1223 2829 1337 2881 habenae
1352 2832 1403 2880 sint
1414 2846 1491 2896 pensa
1507 2832 1637 2897 planetam

279 2905 368 2967 ipsum.
405 2902 433 2951 ld
453 2902 592 2951 declaratur
605 2901 697 2950 duobus
710 2903 836 2967 exemplis.
855 2903 932 2951 altero
949 2916 1069 2951 remorum
1086 2900 1238 2964 imparlecto.
1258 2902 1335 2953 altero
1351 2903 1491 2967 perfectiori
1500 2906 1636 2970 magnetis.

279 2972 308 3036 3)
327 2974 356 3024 ln
376 2975 542 3039 applicatione
561 2974 697 3037 magnetici
716 2974 821 3038 exempli
845 2974 909 3023 duae
932 2980 1073 3023 statuuntur
1091 2975 1205 3038 utusque
1224 2980 1250 3022 et
1267 2976 1294 3023 in
1312 2982 1430 3041 magnete
1449 2981 1475 3025 et
1492 2978 1519 3025 in
1532 2976 1637 3040 planata

278 3046 425 3095 facultates:
446 3045 526 3093 altera
544 3044 694 3099 directionis,
714 3045 794 3095 altera
813 3046 980 3110 appetentiae.
1011 3044 1118 3108 hlagues
1137 3045 1250 3110 dirigitur
1267 3060 1349 3096 sersus
1367 3045 1458 3110 polum,
1477 3048 1569 3097 lenum
1581 3061 1638 3097 sero

279 3119 384 3181 appetit.
422 3115 464 3165 Ita
481 3114 567 3180 globus
585 3115 703 3179 planetae
722 3116 835 3181 dirigitur
853 3118 878 3165 in
897 3115 966 3173 fixas,
987 3117 1082 3179 appetit
1100 3130 1155 3165 sero
1175 3116 1265 3168 Solam.
1303 3116 1455 3167 Ditectionis
1472 3120 1551 3184 igitur
1568 3132 1637 3185 opas.

182 3214 185 3219 .
279 3201 296 3237 a
320 3203 370 3252 qua
397 3188 490 3252 pendet
511 3196 592 3235 motus
620 3195 646 3235 ot
668 3188 736 3236 locus
754 3187 861 3252 aphelii,
892 3189 962 3235 iuitio
981 3189 1006 3236 in
1026 3185 1098 3235 dubio
1117 3187 1241 3254 relinquo,
1265 3191 1330 3239 sitne
1353 3191 1444 3238 mentis
1469 3204 1503 3239 an
1520 3197 1636 3240 naturae.

279 3261 446 3324 Appetentiae
465 3272 534 3322 opus,
552 3271 569 3308 a
586 3272 635 3323 qua
652 3259 745 3322 pendet
754 3260 936 3314 eccentricitae,
955 3265 1060 3309 naturae
1070 3261 1219 3309 transscribo
1232 3267 1258 3310 et
1268 3261 1371 3310 ostendo
1388 3262 1502 3311 crassiori
1511 3258 1635 3316 Ismene.

279 3345 421 3379 mensnram
439 3326 577 3379 llbrationis
596 3330 747 3379 observando
767 3330 933 3394 deprehensae
953 3336 1145 3379 consentaneam
1164 3344 1219 3381 esse
1237 3345 1329 3382 causas
1347 3332 1465 3395 physicae
1483 3347 1527 3396 per
1543 3340 1636 3398 partes

280 3399 309 3462 4)
328 3402 421 3451 Postea
440 3404 581 3451 accuratius
600 3403 648 3449 ista
666 3408 777 3451 mactans
796 3404 866 3450 initio
885 3402 952 3450 iacto
971 3416 987 3450 a
1005 3401 1148 3450 directionis
1166 3416 1248 3466 opere,
1267 3412 1293 3453 et
1312 3416 1442 3460 concesso,
1466 3403 1532 3470 quod
1551 3406 1575 3454 ei
1593 3404 1636 3454 de·

280 3481 352 3538 roget
371 3474 464 3537 aliquid
482 3473 618 3521 declinatio
637 3487 666 3521 ex
686 3475 830 3538 appetentia
848 3472 913 3522 Solis
932 3479 1002 3521 orta:
1030 3474 1095 3520 sicut
1119 3487 1222 3538 magnes
1247 3477 1272 3524 in
1299 3475 1380 3539 polum
1399 3475 1507 3527 directas
1525 3475 1638 3526 declinat

281 3553 367 3594 tamen
387 3545 496 3594 nonnihil
516 3545 546 3592 oh
566 3545 656 3592 ferrum
674 3551 700 3593 ot
718 3552 813 3594 montes
833 3558 849 3593 a
867 3544 946 3593 latere
964 3545 1070 3597 ricinos:
1090 3545 1237 3602 demonstro.
1256 3560 1326 3609 posse
1344 3546 1453 3595 naturali
1470 3561 1638 3613 corporeaque

282 3617 412 3675 facultate,
433 3618 508 3664 etiam
527 3618 582 3664 sino
599 3617 690 3664 mentis
708 3617 860 3672 ministerio,
888 3615 977 3664 salvari
996 3614 1076 3664 locum
1096 3623 1121 3666 et
1139 3616 1305 3666 tardissimam
1334 3617 1524 3668 translations·
1543 3618 1636 3684 aphelil

281 3691 307 3737 in
336 3688 519 3751 consequentia
559 3685 587 3745 b)
612 3689 779 3751 Appetentiae
803 3701 859 3736 vero
885 3700 1025 3736 mensuram
1052 3686 1191 3736 demonstro
1217 3695 1302 3739 unere
1326 3691 1449 3738 rationem
1466 3696 1594 3742 mae:
1612 3696 1639 3738 et

281 3760 429 3822 specialius.
456 3759 537 3805 sinum
563 3763 658 3806 rectum
690 3759 830 3808 anomaliae
856 3765 1010 3822 coaequatae
1036 3760 1115 3807 metiri
1144 3758 1312 3809 tortitudinem
1336 3761 1497 3825 appetentiae
1528 3761 1638 3827 qnalibet

282 3838 374 3894 puncto
394 3831 517 3892 temporis.
556 3826 584 3890 o)
622 3829 694 3879 Circa
711 3830 865 3881 librationem
884 3844 940 3878 sero
959 3835 1085 3892 peractam
1103 3829 1211 3893 quolibet
1235 3839 1343 3895 tempore
1362 3831 1465 3881 amende
1482 3832 1563 3884 Iactor
1578 3831 1638 3898 qnid

283 3902 458 3951 demonstrem.
494 3901 531 3948 Ea
550 3915 604 3964 cap.
624 3900 690 3950 LVI.
718 3909 789 3966 patet
806 3904 860 3963 ejus
878 3910 1005 3951 mensura:
1030 3915 1117 3964 nempe
1140 3903 1208 3951 sinus
1233 3917 1317 3953 sersus
1334 3903 1476 3954 anomaliae
1492 3918 1545 3954 noa
1563 3917 1637 3955 eoas-

283 3982 376 4038 quatae
404 3972 446 4020 sed
473 3973 589 4020 eccentri.
633 3972 671 4021 Ea
689 3987 804 4023 mensura
822 3972 1033 4022 observationibus
1051 3974 1172 4021 innititur.
1208 3973 1257 4024 Hic
1281 3976 1355 4040 igitur
1372 3977 1398 4023 in
1417 3975 1442 4024 ld
1460 3975 1639 4026 elaborast-

283 4044 344 4094 mibi
363 4045 424 4098 init.
444 4050 472 4091 ut
491 4059 521 4092 ex
540 4043 609 4093 dicta
627 4058 744 4095 mensura
760 4044 911 4094 tortitudinis
931 4043 1039 4107 quolibet
1057 4044 1109 4094 loco
1123 4041 1191 4105 (erat
1203 4053 1287 4095 antem
1305 4049 1372 4095 ainus
1390 4054 1474 4096 metus
1494 4047 1639 4098 stemaha

285 4111 451 4179 coaequatae)
481 4115 673 4164 demonstrarem
702 4119 777 4166 etiam
801 4115 867 4166 hano
886 4126 1025 4164 mensuram
1045 4115 1127 4166 lineae
1146 4116 1257 4166 librando
1276 4117 1418 4177 conlectae,
1438 4118 1537 4169 scilieet
1554 4121 1639 4168 siau

283 4202 380 4237 sertum
399 4187 538 4236 anomaliae
557 4189 673 4236 eccentri.
700 4187 734 4236 Ut
751 4188 797 4237 hoc
816 4189 968 4237 obtineretur
986 4186 1164 4236 ostendendum
1183 4188 1238 4245 luit,
1257 4188 1395 4253 quadrante
1413 4189 1491 4239 diriso
1505 4191 1531 4239 ia
1543 4189 1639 4257 aliquas

283 4268 369 4322 partes
397 4259 512 4322 aequales
537 4260 618 4306 sinum
646 4272 740 4307 versum
768 4259 872 4321 alicujus
898 4271 970 4307 arom
999 4258 1134 4308 insensibili
1159 4262 1279 4310 minorem
1296 4259 1387 4309 habere
1405 4262 1589 4325 proportionem
1605 4261 1640 4310 ad

283 4333 364 4379 sinum
384 4343 479 4378 versum
497 4331 573 4377 totius
591 4330 744 4392 quadrantis.
764 4344 837 4392 quam
855 4329 931 4378 babet
949 4343 1044 4378 summa
1062 4331 1157 4381 sinuum
1182 4333 1207 4381 in
1227 4345 1287 4382 arca
1306 4331 1338 4380 td
1355 4345 1478 4382 mmmam
1494 4335 1595 4383 sinum
1612 4334 1640 4381 h

285 4403 430 4465 quadrante.
468 4398 494 4459 7)
513 4401 570 4454 llic,
589 4414 635 4464 quo
658 4403 739 4447 minus
758 4401 901 4450 cohaereret
918 4400 981 4449 haec
1000 4403 1136 4464 praemissa
1154 4416 1209 4451 cum
1227 4404 1271 4452 illa
1289 4402 1454 4459 conclusione.
1471 4404 1521 4455 dno
1539 4405 1639 4454 chatate

285 4473 439 4521 ridebantur.
477 4471 582 4520 Primum
610 4471 673 4535 qnod
706 4471 830 4519 anomalia
858 4471 979 4525 eccentri.
1006 4471 1141 4521 librationis
1160 4488 1300 4524 mensuram
1321 4474 1452 4529 exhibens.
1475 4477 1501 4526 in
1518 4475 1639 4540 mertui

285 4545 440 4593 somicIrcnlc
467 4547 545 4604 maior
568 4553 622 4591 erat
639 4543 768 4606 pluresque
787 4543 854 4591 sinus
872 4542 1004 4592 exhibebat
1022 4545 1147 4593 anomalia
1166 4553 1317 4609 coaequata.
1336 4545 1487 4596 fortitudinis
1504 4546 1639 4597 uhlbsats

286 4630 433 4665 mensnram.
480 4613 634 4676 Responsum
660 4619 744 4662 sutem
762 4622 812 4671 est,
839 4615 864 4663 id
882 4613 1030 4670 materiari,
1050 4627 1078 4663 eo
1096 4617 1160 4679 quod
1178 4620 1204 4666 ln
1222 4618 1265 4687 illp
1283 4624 1422 4681 coaequata
1439 4617 1543 4682 planeta
1561 4621 1641 4669 sti·

287 4688 341 4749 plus
360 4689 476 4750 temporis
496 4693 641 4742 consumat.
666 4698 742 4748 quara
760 4692 786 4734 et
803 4686 857 4749 plns
875 4687 960 4734 sirium
979 4684 1100 4735 effundat.
1136 4685 1166 4749 8)
1184 4688 1297 4738 Alterum
1314 4689 1484 4746 obstaculamc
1508 4692 1580 4741 sin·
1596 4704 1641 4741 aa·

229 4762 232 4767 '
289 4768 411 4820 aequatae
439 4759 561 4806 breviores
584 4772 639 4806 esso
656 4757 758 4805 sluuhm
777 4759 884 4806 eccontsi
901 4758 928 4806 in
945 4759 1069 4821 superiore
1091 4772 1126 4807 sc·
1145 4761 1308 4811 semicirculo.
1346 4758 1480 4811 Οιιιιιιιιι
1497 4763 1575 4828 igitar
1591 4768 1641 4817 m

288 4829 368 4890 ipsum
392 4830 467 4878 etlam
491 4831 571 4877 sinum
595 4843 690 4878 sarsum
713 4827 823 4876 nonnihil
841 4828 947 4879 deficere
966 4842 982 4877 a
999 4842 1096 4878 summa
1114 4832 1210 4881 sinuum
1228 4845 1300 4882 arcus
1317 4832 1357 4881 aul
1374 4839 1401 4881 et
1417 4834 1455 4882 sic
1472 4833 1642 4899 “pipella

288 4913 400 4949 summae
428 4902 563 4951 breviorum
590 4902 696 4951 unum.
739 4896 768 4961 l)
794 4898 867 4965 Quae
890 4900 963 4967 obiici
986 4906 1089 4963 possum
1111 4902 1221 4968 exemplo
1245 4903 1369 4970 magnes&
1396 4905 1487 4968 pub
1504 4902 1641 4961 CM·
