<?xml version="1.0" encoding="UTF-8"?>
<!DOCTYPE html PUBLIC "-//W3C//DTD XHTML 1.0 Transitional//EN"
    "http://www.w3.org/TR/xhtml1/DTD/xhtml1-transitional.dtd">
<html xmlns="http://www.w3.org/1999/xhtml" xml:lang="en" lang="en">
 <head>
  <title>
</title>
<meta http-equiv="Content-Type" content="text/html;charset=utf-8" />
  <meta name='ocr-system' content='tesseract 3.04.00' />
  <meta name='ocr-capabilities' content='ocr_page ocr_carea ocr_par ocr_line ocrx_word'/>
</head>
<body>
  <div class='ocr_page' id='page_1' title='image "./joanniskepleria05frisgoog/joanniskepleria05frisgoog_0681.png"; bbox 0 0 3368 5534; ppageno 0'>
   <div class='ocr_carea' id='block_1_1' title="bbox 233 290 1039 375">
    <p class='ocr_par' dir='ltr' id='par_1_1' title="bbox 233 290 1039 375">
     <span class='ocr_line' id='line_1_1' title="bbox 233 290 1039 375; baseline 0.001 -17"><span class='ocrx_word' id='word_1_1' title='bbox 233 316 238 324; x_wconf 95' lang='lat'>·</span> <span class='ocrx_word' id='word_1_2' title='bbox 294 299 361 375; x_wconf 73' lang='lat'>080</span> <span class='ocrx_word' id='word_1_3' title='bbox 668 326 671 331; x_wconf 94' lang='lat'>·</span> <span class='ocrx_word' id='word_1_4' title='bbox 896 305 936 359; x_wconf 79' lang='lat' dir='ltr'>tte</span> <span class='ocrx_word' id='word_1_5' title='bbox 959 290 1039 359; x_wconf 77' lang='lat' dir='ltr'>tuna</span> 
     </span>
    </p>
   </div>
   <div class='ocr_carea' id='block_1_2' title="bbox 200 481 1641 3680">
    <p class='ocr_par' dir='ltr' id='par_1_2' title="bbox 293 481 1641 1190">
     <span class='ocr_line' id='line_1_2' title="bbox 295 481 1640 569; baseline 0.002 -20"><span class='ocrx_word' id='word_1_6' title='bbox 295 486 452 549; x_wconf 90' lang='lat' dir='ltr'>retinenda</span> <span class='ocrx_word' id='word_1_7' title='bbox 475 493 522 569; x_wconf 81' lang='lat' dir='ltr'>est</span> <span class='ocrx_word' id='word_1_8' title='bbox 545 483 755 547; x_wconf 87' lang='lat' dir='ltr'>eccentriaitas</span> <span class='ocrx_word' id='word_1_9' title='bbox 778 481 876 559; x_wconf 73' lang='lat'>4362,</span> <span class='ocrx_word' id='word_1_10' title='bbox 901 494 933 547; x_wconf 90' lang='lat' dir='ltr'>et</span> <span class='ocrx_word' id='word_1_11' title='bbox 955 485 1119 547; x_wconf 78' lang='lat' dir='ltr'><strong>distantiae</strong></span> <span class='ocrx_word' id='word_1_12' title='bbox 1143 487 1183 547; x_wconf 90' lang='lat' dir='ltr'>ad</span> <span class='ocrx_word' id='word_1_13' title='bbox 1205 505 1333 567; x_wconf 73' lang='lat' dir='ltr'>unguem</span> <span class='ocrx_word' id='word_1_14' title='bbox 1356 487 1486 549; x_wconf 85' lang='lat' dir='ltr'>eaedem</span> <span class='ocrx_word' id='word_1_15' title='bbox 1508 508 1529 550; x_wconf 94' lang='lat' dir='ltr'>a</span> <span class='ocrx_word' id='word_1_16' title='bbox 1545 487 1640 565; x_wconf 68' lang='lat' dir='ltr'>Terra,</span> 
     </span>
     <span class='ocr_line' id='line_1_3' title="bbox 295 571 1641 656; baseline 0.004 -19"><span class='ocrx_word' id='word_1_17' title='bbox 295 596 370 656; x_wconf 91' lang='lat' dir='ltr'>quas</span> <span class='ocrx_word' id='word_1_18' title='bbox 404 575 515 654; x_wconf 88' lang='lat' dir='ltr'>reperit</span> <span class='ocrx_word' id='word_1_19' title='bbox 537 575 672 635; x_wconf 87' lang='lat' dir='ltr'>Braheus</span> <span class='ocrx_word' id='word_1_20' title='bbox 696 574 725 635; x_wconf 92' lang='lat' dir='ltr'>in</span> <span class='ocrx_word' id='word_1_21' title='bbox 750 574 887 654; x_wconf 87' lang='lat' dir='ltr'>quadris,</span> <span class='ocrx_word' id='word_1_22' title='bbox 922 575 1038 636; x_wconf 86' lang='lat' dir='ltr'>scilieet</span> <span class='ocrx_word' id='word_1_23' title='bbox 1061 595 1080 635; x_wconf 90' lang='lat' dir='ltr'>a</span> <span class='ocrx_word' id='word_1_24' title='bbox 1102 571 1145 638; x_wconf 83' lang='lat'>59</span> <span class='ocrx_word' id='word_1_25' title='bbox 1172 577 1202 638; x_wconf 92' lang='lat' dir='ltr'>in</span> <span class='ocrx_word' id='word_1_26' title='bbox 1227 572 1400 640; x_wconf 69' lang='lat' dir='ltr'>attentat</span> <span class='ocrx_word' id='word_1_27' title='bbox 1428 577 1555 640; x_wconf 82' lang='lat' dir='ltr'>Terrae.</span> <span class='ocrx_word' id='word_1_28' title='bbox 1598 580 1641 642; x_wconf 85' lang='lat' dir='ltr'>Sit</span> 
     </span>
     <span class='ocr_line' id='line_1_4' title="bbox 294 663 1640 749; baseline 0.003 -23"><span class='ocrx_word' id='word_1_29' title='bbox 294 665 387 745; x_wconf 84' lang='lat' dir='ltr'>igitur</span> <span class='ocrx_word' id='word_1_30' title='bbox 403 663 462 725; x_wconf 88' lang='grc' dir='ltr'>ΑΗ</span> <span class='ocrx_word' id='word_1_31' title='bbox 485 664 564 724; x_wconf 90' lang='lat' dir='ltr'>linea</span> <span class='ocrx_word' id='word_1_32' title='bbox 587 671 684 724; x_wconf 89' lang='lat' dir='ltr'>motus</span> <span class='ocrx_word' id='word_1_33' title='bbox 702 664 728 734; x_wconf 77' lang='grc'>)</span> <span class='ocrx_word' id='word_1_34' title='bbox 746 682 838 743; x_wconf 86' lang='lat' dir='ltr'><strong>prope</strong></span> <span class='ocrx_word' id='word_1_35' title='bbox 863 664 936 735; x_wconf 85' lang='lat' dir='ltr'>veri,</span> <span class='ocrx_word' id='word_1_36' title='bbox 951 672 981 725; x_wconf 87' lang='lat' dir='ltr'>et</span> <span class='ocrx_word' id='word_1_37' title='bbox 997 663 1086 727; x_wconf 87' lang='lat' dir='ltr'>DAH</span> <span class='ocrx_word' id='word_1_38' title='bbox 1110 666 1237 744; x_wconf 84' lang='lat' dir='ltr'>angulus</span> <span class='ocrx_word' id='word_1_39' title='bbox 1260 666 1433 728; x_wconf 86' lang='lat' dir='ltr'>anornaliae</span> <span class='ocrx_word' id='word_1_40' title='bbox 1452 678 1640 749; x_wconf 82' lang='lat' dir='ltr'>coaequatae,</span> 
     </span>
     <span class='ocr_line' id='line_1_5' title="bbox 296 752 1638 838; baseline 0.001 -23"><span class='ocrx_word' id='word_1_41' title='bbox 296 765 328 815; x_wconf 89' lang='lat' dir='ltr'>et</span> <span class='ocrx_word' id='word_1_42' title='bbox 342 754 426 815; x_wconf 87' lang='lat' dir='ltr'>DFH</span> <span class='ocrx_word' id='word_1_43' title='bbox 449 752 599 814; x_wconf 88' lang='lat' dir='ltr'>anomalia</span> <span class='ocrx_word' id='word_1_44' title='bbox 622 752 762 824; x_wconf 87' lang='lat' dir='ltr'>eccentri,</span> <span class='ocrx_word' id='word_1_45' title='bbox 788 752 939 831; x_wconf 86' lang='lat' dir='ltr'>quaeritur</span> <span class='ocrx_word' id='word_1_46' title='bbox 953 753 1061 813; x_wconf 83' lang='lat' dir='ltr'>media.</span> <span class='ocrx_word' id='word_1_47' title='bbox 1088 752 1217 823; x_wconf 69' lang='lat' dir='ltr'>,Quodsi</span> <span class='ocrx_word' id='word_1_48' title='bbox 1241 755 1369 835; x_wconf 79' lang='lat' dir='ltr'>simplex</span> <span class='ocrx_word' id='word_1_49' title='bbox 1386 766 1475 818; x_wconf 86' lang='lat' dir='ltr'>esset</span> <span class='ocrx_word' id='word_1_50' title='bbox 1496 759 1638 838; x_wconf 84' lang='lat' dir='ltr'>aequatiq</span> 
     </span>
     <span class='ocr_line' id='line_1_6' title="bbox 295 841 1640 924; baseline 0.003 -20"><span class='ocrx_word' id='word_1_51' title='bbox 295 860 471 923; x_wconf 75' lang='lat' dir='ltr'>quaererem</span> <span class='ocrx_word' id='word_1_52' title='bbox 493 860 593 903; x_wconf 89' lang='lat' dir='ltr'>aream</span> <span class='ocrx_word' id='word_1_53' title='bbox 617 841 730 902; x_wconf 85' lang='lat' dir='ltr'><strong>DFHA</strong></span> <span class='ocrx_word' id='word_1_54' title='bbox 753 859 807 920; x_wconf 90' lang='lat' dir='ltr'>per</span> <span class='ocrx_word' id='word_1_55' title='bbox 833 851 936 920; x_wconf 89' lang='lat' dir='ltr'>partes</span> <span class='ocrx_word' id='word_1_56' title='bbox 969 862 1039 903; x_wconf 87' lang='lat' dir='ltr'>suas</span> <span class='ocrx_word' id='word_1_57' title='bbox 1061 841 1164 916; x_wconf 87' lang='lat' dir='ltr'>DHB,</span> <span class='ocrx_word' id='word_1_58' title='bbox 1188 843 1285 906; x_wconf 85' lang='grc' dir='ltr'><strong>ΗΒΑ.</strong></span> <span class='ocrx_word' id='word_1_59' title='bbox 1332 844 1394 906; x_wconf 88' lang='lat' dir='ltr'>Sed</span> <span class='ocrx_word' id='word_1_60' title='bbox 1425 846 1498 924; x_wconf 94' lang='lat' dir='ltr'>quia</span> <span class='ocrx_word' id='word_1_61' title='bbox 1532 848 1640 908; x_wconf 86' lang='lat' dir='ltr'>accedit</span> 
     </span>
     <span class='ocr_line' id='line_1_7' title="bbox 295 927 1640 1014; baseline 0.001 -21"><span class='ocrx_word' id='word_1_62' title='bbox 295 941 449 993; x_wconf 88' lang='lat' dir='ltr'>menstrua</span> <span class='ocrx_word' id='word_1_63' title='bbox 478 929 636 1009; x_wconf 88' lang='lat' dir='ltr'>aequatio,</span> <span class='ocrx_word' id='word_1_64' title='bbox 671 930 753 990; x_wconf 92' lang='lat' dir='ltr'>illam</span> <span class='ocrx_word' id='word_1_65' title='bbox 784 929 879 991; x_wconf 87' lang='lat' dir='ltr'>habeo</span> <span class='ocrx_word' id='word_1_66' title='bbox 911 930 940 991; x_wconf 93' lang='lat' dir='ltr'>iu</span> <span class='ocrx_word' id='word_1_67' title='bbox 971 950 1044 992; x_wconf 90' lang='lat' dir='ltr'>area</span> <span class='ocrx_word' id='word_1_68' title='bbox 1068 927 1154 991; x_wconf 87' lang='lat' dir='ltr'>CHA</span> <span class='ocrx_word' id='word_1_69' title='bbox 1184 933 1353 1014; x_wconf 90' lang='lat' dir='ltr'>adjicienda</span> <span class='ocrx_word' id='word_1_70' title='bbox 1376 933 1416 994; x_wconf 89' lang='lat' dir='ltr'>ad</span> <span class='ocrx_word' id='word_1_71' title='bbox 1440 933 1575 1008; x_wconf 81' lang='lat' dir='ltr'>DFHA,</span> <span class='ocrx_word' id='word_1_72' title='bbox 1604 937 1640 996; x_wconf 90' lang='lat' dir='ltr'>ita</span> 
     </span>
     <span class='ocr_line' id='line_1_8' title="bbox 293 1017 1640 1103; baseline 0.003 -21"><span class='ocrx_word' id='word_1_73' title='bbox 293 1021 448 1083; x_wconf 82' lang='lat' dir='ltr'>corrficitur</span> <span class='ocrx_word' id='word_1_74' title='bbox 472 1017 623 1079; x_wconf 87' lang='lat' dir='ltr'>anomalia</span> <span class='ocrx_word' id='word_1_75' title='bbox 645 1019 757 1090; x_wconf 84' lang='lat' dir='ltr'>media,</span> <span class='ocrx_word' id='word_1_76' title='bbox 782 1020 968 1097; x_wconf 88' lang='lat' dir='ltr'>respondens</span> <span class='ocrx_word' id='word_1_77' title='bbox 992 1023 1101 1100; x_wconf 80' lang='lat' dir='ltr'>angulo</span> <span class='ocrx_word' id='word_1_78' title='bbox 1127 1021 1231 1096; x_wconf 86' lang='lat' dir='ltr'>DAH,</span> <span class='ocrx_word' id='word_1_79' title='bbox 1255 1041 1322 1083; x_wconf 90' lang='lat' dir='ltr'>cum</span> <span class='ocrx_word' id='word_1_80' title='bbox 1352 1022 1433 1084; x_wconf 89' lang='lat' dir='ltr'>inter</span> <span class='ocrx_word' id='word_1_81' title='bbox 1456 1023 1596 1103; x_wconf 85' lang='lat' dir='ltr'>apsidum</span> <span class='ocrx_word' id='word_1_82' title='bbox 1615 1038 1640 1086; x_wconf 89' lang='lat' dir='ltr'>et</span> 
     </span>
     <span class='ocr_line' id='line_1_9' title="bbox 293 1108 998 1190; baseline -0.004 -19"><span class='ocrx_word' id='word_1_83' title='bbox 293 1110 466 1190; x_wconf 89' lang='lat' dir='ltr'>copularum</span> <span class='ocrx_word' id='word_1_84' title='bbox 491 1108 586 1167; x_wconf 86' lang='lat' dir='ltr'>lineas</span> <span class='ocrx_word' id='word_1_85' title='bbox 611 1117 660 1167; x_wconf 88' lang='lat' dir='ltr'>est</span> <span class='ocrx_word' id='word_1_86' title='bbox 682 1108 729 1167; x_wconf 91' lang='lat' dir='ltr'>hic</span> <span class='ocrx_word' id='word_1_87' title='bbox 753 1109 880 1187; x_wconf 88' lang='lat' dir='ltr'>angulus</span> <span class='ocrx_word' id='word_1_88' title='bbox 905 1108 998 1171; x_wconf 85' lang='lat' dir='ltr'><strong>DAF.</strong></span> 
     </span>
    </p>

    <p class='ocr_par' dir='ltr' id='par_1_3' title="bbox 293 1197 1640 1364">
     <span class='ocr_line' id='line_1_10' title="bbox 381 1197 1640 1281; baseline 0.003 -22"><span class='ocrx_word' id='word_1_89' title='bbox 381 1198 458 1259; x_wconf 87' lang='lat' dir='ltr'>Esto</span> <span class='ocrx_word' id='word_1_90' title='bbox 481 1197 568 1259; x_wconf 92' lang='lat' dir='ltr'>Luna</span> <span class='ocrx_word' id='word_1_91' title='bbox 591 1197 620 1257; x_wconf 92' lang='lat' dir='ltr'>in</span> <span class='ocrx_word' id='word_1_92' title='bbox 644 1197 690 1271; x_wconf 89' lang='grc' dir='ltr'>Κ,</span> <span class='ocrx_word' id='word_1_93' title='bbox 719 1197 821 1275; x_wconf 86' lang='lat' dir='ltr'>anguli</span> <span class='ocrx_word' id='word_1_94' title='bbox 844 1197 945 1270; x_wconf 80' lang='lat' dir='ltr'>FAD,</span> <span class='ocrx_word' id='word_1_95' title='bbox 970 1198 1076 1272; x_wconf 81' lang='lat' dir='ltr'>DAK3</span> <span class='ocrx_word' id='word_1_96' title='bbox 1113 1199 1307 1278; x_wconf 78' lang='lat' dir='ltr'><strong>respondebit</strong></span> <span class='ocrx_word' id='word_1_97' title='bbox 1340 1199 1434 1280; x_wconf 79' lang='lat' dir='ltr'>igitur</span> <span class='ocrx_word' id='word_1_98' title='bbox 1463 1214 1640 1281; x_wconf 77' lang='lat' dir='ltr'>coaequatae</span> 
     </span>
     <span class='ocr_line' id='line_1_11' title="bbox 293 1284 1358 1364; baseline 0 -16"><span class='ocrx_word' id='word_1_99' title='bbox 293 1288 384 1350; x_wconf 82' lang='lat' dir='ltr'>DAK</span> <span class='ocrx_word' id='word_1_100' title='bbox 407 1286 515 1361; x_wconf 89' lang='lat' dir='ltr'>media,</span> <span class='ocrx_word' id='word_1_101' title='bbox 540 1286 707 1364; x_wconf 86' lang='lat' dir='ltr'>composita</span> <span class='ocrx_word' id='word_1_102' title='bbox 731 1304 768 1345; x_wconf 82' lang='lat' dir='ltr'>ex</span> <span class='ocrx_word' id='word_1_103' title='bbox 792 1284 872 1346; x_wconf 86' lang='lat' dir='ltr'>areis</span> <span class='ocrx_word' id='word_1_104' title='bbox 897 1286 985 1348; x_wconf 81' lang='grc' dir='ltr'>ΑΒΚ</span> <span class='ocrx_word' id='word_1_105' title='bbox 1008 1296 1039 1348; x_wconf 91' lang='lat' dir='ltr'>et</span> <span class='ocrx_word' id='word_1_106' title='bbox 1062 1286 1165 1351; x_wconf 54' lang='grc' dir='ltr'>ΛΘΚ,</span> <span class='ocrx_word' id='word_1_107' title='bbox 1354 1300 1358 1313; x_wconf 89' lang='grc'><em>·</em></span> 
     </span>
    </p>

    <p class='ocr_par' dir='ltr' id='par_1_4' title="bbox 291 1373 1638 2153">
     <span class='ocr_line' id='line_1_12' title="bbox 380 1373 1638 1457; baseline 0.004 -21"><span class='ocrx_word' id='word_1_108' title='bbox 380 1376 457 1437; x_wconf 88' lang='lat' dir='ltr'>Esto</span> <span class='ocrx_word' id='word_1_109' title='bbox 478 1375 564 1436; x_wconf 89' lang='lat' dir='ltr'>Luna</span> <span class='ocrx_word' id='word_1_110' title='bbox 588 1374 617 1434; x_wconf 94' lang='lat' dir='ltr'>in</span> <span class='ocrx_word' id='word_1_111' title='bbox 633 1374 655 1447; x_wconf 93' lang='lat' dir='ltr'>l,</span> <span class='ocrx_word' id='word_1_112' title='bbox 680 1373 796 1435; x_wconf 89' lang='lat' dir='ltr'>scilicet</span> <span class='ocrx_word' id='word_1_113' title='bbox 814 1375 893 1436; x_wconf 90' lang='lat' dir='ltr'>inter</span> <span class='ocrx_word' id='word_1_114' title='bbox 915 1375 1088 1454; x_wconf 77' lang='lat' dir='ltr'>perigaeum</span> <span class='ocrx_word' id='word_1_115' title='bbox 1111 1376 1282 1438; x_wconf 86' lang='lat' dir='ltr'>solutumE</span> <span class='ocrx_word' id='word_1_116' title='bbox 1307 1384 1338 1438; x_wconf 91' lang='lat' dir='ltr'>et</span> <span class='ocrx_word' id='word_1_117' title='bbox 1361 1376 1541 1457; x_wconf 76' lang='lat' dir='ltr'>perigaeum</span> <span class='ocrx_word' id='word_1_118' title='bbox 1563 1396 1638 1441; x_wconf 86' lang='lat' dir='ltr'>mea·</span> 
     </span>
     <span class='ocr_line' id='line_1_13' title="bbox 292 1462 1637 1548; baseline 0.001 -20"><span class='ocrx_word' id='word_1_119' title='bbox 292 1476 408 1528; x_wconf 88' lang='lat' dir='ltr'>struurn</span> <span class='ocrx_word' id='word_1_120' title='bbox 432 1462 470 1536; x_wconf 88' lang='lat' dir='ltr'>G,</span> <span class='ocrx_word' id='word_1_121' title='bbox 497 1465 597 1542; x_wconf 82' lang='lat' dir='ltr'>anguli</span> <span class='ocrx_word' id='word_1_122' title='bbox 621 1462 715 1534; x_wconf 85' lang='lat' dir='ltr'>FAD,</span> <span class='ocrx_word' id='word_1_123' title='bbox 742 1462 826 1525; x_wconf 81' lang='lat' dir='ltr'><strong>DAI.</strong></span> <span class='ocrx_word' id='word_1_124' title='bbox 872 1464 930 1525; x_wconf 90' lang='lat' dir='ltr'>Hic</span> <span class='ocrx_word' id='word_1_125' title='bbox 954 1476 1138 1544; x_wconf 76' lang='lat' dir='ltr'>coaequatae</span> <span class='ocrx_word' id='word_1_126' title='bbox 1160 1465 1236 1528; x_wconf 81' lang='lat' dir='ltr'>Dat</span> <span class='ocrx_word' id='word_1_127' title='bbox 1264 1466 1503 1546; x_wconf 87' lang='lat' dir='ltr'>(complemento</span> <span class='ocrx_word' id='word_1_128' title='bbox 1528 1467 1637 1548; x_wconf 88' lang='lat' dir='ltr'>iuquara</span> 
     </span>
     <span class='ocr_line' id='line_1_14' title="bbox 292 1552 1636 1636; baseline 0.001 -19"><span class='ocrx_word' id='word_1_129' title='bbox 292 1557 356 1636; x_wconf 90' lang='lat' dir='ltr'>ejus</span> <span class='ocrx_word' id='word_1_130' title='bbox 380 1554 418 1615; x_wconf 86' lang='lat' dir='ltr'>ad</span> <span class='ocrx_word' id='word_1_131' title='bbox 442 1552 598 1624; x_wconf 89' lang='lat' dir='ltr'>circulum)</span> <span class='ocrx_word' id='word_1_132' title='bbox 622 1552 784 1631; x_wconf 83' lang='lat' dir='ltr'>respondet</span> <span class='ocrx_word' id='word_1_133' title='bbox 807 1554 957 1614; x_wconf 91' lang='lat' dir='ltr'>anomalia</span> <span class='ocrx_word' id='word_1_134' title='bbox 979 1555 1078 1616; x_wconf 88' lang='lat' dir='ltr'>media</span> <span class='ocrx_word' id='word_1_135' title='bbox 1100 1554 1214 1626; x_wconf 81' lang='lat' dir='ltr'>ADKI,</span> <span class='ocrx_word' id='word_1_136' title='bbox 1240 1554 1288 1616; x_wconf 92' lang='lat' dir='ltr'>cui</span> <span class='ocrx_word' id='word_1_137' title='bbox 1310 1563 1413 1616; x_wconf 88' lang='lat' dir='ltr'>tamen</span> <span class='ocrx_word' id='word_1_138' title='bbox 1439 1555 1583 1617; x_wconf 76' lang='lat' dir='ltr'>adetmm</span> <span class='ocrx_word' id='word_1_139' title='bbox 1603 1559 1636 1618; x_wconf 86' lang='lat' dir='ltr'>sit</span> 
     </span>
     <span class='ocr_line' id='line_1_15' title="bbox 292 1640 1635 1723; baseline 0.003 -20"><span class='ocrx_word' id='word_1_140' title='bbox 292 1647 376 1706; x_wconf 90' lang='lat' dir='ltr'>valor</span> <span class='ocrx_word' id='word_1_141' title='bbox 400 1661 488 1704; x_wconf 89' lang='lat' dir='ltr'>areae</span> <span class='ocrx_word' id='word_1_142' title='bbox 511 1640 594 1705; x_wconf 82' lang='lat' dir='ltr'>Act.</span> <span class='ocrx_word' id='word_1_143' title='bbox 642 1641 734 1702; x_wconf 89' lang='lat' dir='ltr'>Porro</span> <span class='ocrx_word' id='word_1_144' title='bbox 759 1641 903 1703; x_wconf 83' lang='lat' dir='ltr'>facillima</span> <span class='ocrx_word' id='word_1_145' title='bbox 926 1650 974 1704; x_wconf 90' lang='lat' dir='ltr'>est</span> <span class='ocrx_word' id='word_1_146' title='bbox 996 1643 1179 1723; x_wconf 87' lang='lat' dir='ltr'>computatio</span> <span class='ocrx_word' id='word_1_147' title='bbox 1203 1644 1296 1705; x_wconf 89' lang='lat' dir='ltr'>etiam</span> <span class='ocrx_word' id='word_1_148' title='bbox 1318 1643 1406 1723; x_wconf 87' lang='lat' dir='ltr'>hujus</span> <span class='ocrx_word' id='word_1_149' title='bbox 1432 1664 1527 1707; x_wconf 85' lang='lat' dir='ltr'>areae</span> <span class='ocrx_word' id='word_1_150' title='bbox 1549 1643 1635 1717; x_wconf 74' lang='lat' dir='ltr'>CllA,</span> 
     </span>
     <span class='ocr_line' id='line_1_16' title="bbox 292 1727 1637 1812; baseline -0.001 -16"><span class='ocrx_word' id='word_1_151' title='bbox 292 1735 318 1796; x_wconf 89' lang='lat' dir='ltr'>si</span> <span class='ocrx_word' id='word_1_152' title='bbox 342 1734 380 1794; x_wconf 88' lang='lat' dir='ltr'>ad</span> <span class='ocrx_word' id='word_1_153' title='bbox 404 1730 506 1810; x_wconf 82' lang='lat' dir='ltr'>anguli</span> <span class='ocrx_word' id='word_1_154' title='bbox 530 1727 620 1791; x_wconf 88' lang='lat' dir='ltr'>GAK</span> <span class='ocrx_word' id='word_1_155' title='bbox 644 1729 739 1810; x_wconf 91' lang='lat' dir='ltr'>sinum</span> <span class='ocrx_word' id='word_1_156' title='bbox 773 1730 926 1791; x_wconf 81' lang='lat' dir='ltr'>addideris</span> <span class='ocrx_word' id='word_1_157' title='bbox 950 1730 1004 1794; x_wconf 84' lang='grc' dir='ltr'>ΒΟ</span> <span class='ocrx_word' id='word_1_158' title='bbox 1035 1732 1063 1793; x_wconf 92' lang='lat' dir='ltr'>iu</span> <span class='ocrx_word' id='word_1_159' title='bbox 1087 1731 1274 1794; x_wconf 83' lang='lat' dir='ltr'>semicirculo</span> <span class='ocrx_word' id='word_1_160' title='bbox 1308 1734 1456 1812; x_wconf 84' lang='lat' dir='ltr'>apogaei,</span> <span class='ocrx_word' id='word_1_161' title='bbox 1491 1734 1543 1795; x_wconf 81' lang='lat' dir='ltr'>rel</span> <span class='ocrx_word' id='word_1_162' title='bbox 1573 1735 1637 1797; x_wconf 82' lang='lat' dir='ltr'>aab·</span> 
     </span>
     <span class='ocr_line' id='line_1_17' title="bbox 291 1818 1637 1900; baseline 0.001 -15"><span class='ocrx_word' id='word_1_163' title='bbox 291 1822 421 1886; x_wconf 83' lang='lat' dir='ltr'>traxeris</span> <span class='ocrx_word' id='word_1_164' title='bbox 451 1822 481 1881; x_wconf 94' lang='lat' dir='ltr'>in</span> <span class='ocrx_word' id='word_1_165' title='bbox 505 1819 658 1899; x_wconf 91' lang='lat' dir='ltr'>opposito,</span> <span class='ocrx_word' id='word_1_166' title='bbox 691 1837 743 1897; x_wconf 91' lang='lat' dir='ltr'>pro</span> <span class='ocrx_word' id='word_1_167' title='bbox 774 1818 933 1880; x_wconf 89' lang='lat' dir='ltr'>altitudine</span> <span class='ocrx_word' id='word_1_168' title='bbox 959 1820 1044 1900; x_wconf 88' lang='lat' dir='ltr'>justa</span> <span class='ocrx_word' id='word_1_169' title='bbox 1074 1821 1215 1900; x_wconf 82' lang='lat' dir='ltr'>trianguli</span> <span class='ocrx_word' id='word_1_170' title='bbox 1239 1819 1343 1896; x_wconf 74' lang='lat' dir='ltr'>cta,</span> <span class='ocrx_word' id='word_1_171' title='bbox 1377 1822 1459 1884; x_wconf 88' lang='lat' dir='ltr'>banc</span> <span class='ocrx_word' id='word_1_172' title='bbox 1488 1824 1521 1885; x_wconf 90' lang='lat' dir='ltr'>iu</span> <span class='ocrx_word' id='word_1_173' title='bbox 1551 1823 1637 1886; x_wconf 81' lang='lat' dir='ltr'>aiauu</span> 
     </span>
     <span class='ocr_line' id='line_1_18' title="bbox 292 1907 1637 1993; baseline 0.001 -19"><span class='ocrx_word' id='word_1_174' title='bbox 292 1907 502 1990; x_wconf 91' lang='lat' dir='ltr'>complementi</span> <span class='ocrx_word' id='word_1_175' title='bbox 525 1908 619 1988; x_wconf 86' lang='lat' dir='ltr'>ipsius</span> <span class='ocrx_word' id='word_1_176' title='bbox 642 1909 726 1970; x_wconf 86' lang='lat' dir='ltr'>FAD</span> <span class='ocrx_word' id='word_1_177' title='bbox 752 1920 783 1969; x_wconf 89' lang='lat' dir='ltr'>et</span> <span class='ocrx_word' id='word_1_178' title='bbox 806 1909 915 1969; x_wconf 85' lang='lat' dir='ltr'>lactum</span> <span class='ocrx_word' id='word_1_179' title='bbox 941 1908 1126 1972; x_wconf 76' lang='lat' dir='ltr'>in‘valorem</span> <span class='ocrx_word' id='word_1_180' title='bbox 1154 1910 1277 1972; x_wconf 81' lang='lat' dir='ltr'>maximi</span> <span class='ocrx_word' id='word_1_181' title='bbox 1305 1911 1452 1989; x_wconf 80' lang='lat' dir='ltr'>trianguli</span> <span class='ocrx_word' id='word_1_182' title='bbox 1475 1931 1571 1993; x_wconf 87' lang='lat' dir='ltr'>anper</span> <span class='ocrx_word' id='word_1_183' title='bbox 1591 1914 1637 1975; x_wconf 82' lang='lat' dir='ltr'>All</span> 
     </span>
     <span class='ocr_line' id='line_1_19' title="bbox 292 1996 1637 2082; baseline 0.001 -19"><span class='ocrx_word' id='word_1_184' title='bbox 292 1996 559 2079; x_wconf 82' lang='lat' dir='ltr'>multiplicaveris:</span> <span class='ocrx_word' id='word_1_185' title='bbox 589 2017 663 2077; x_wconf 88' lang='lat' dir='ltr'>quas</span> <span class='ocrx_word' id='word_1_186' title='bbox 692 1997 953 2077; x_wconf 81' lang='lat' dir='ltr'>multiplicationes</span> <span class='ocrx_word' id='word_1_187' title='bbox 977 1999 1052 2060; x_wconf 91' lang='lat' dir='ltr'>duas</span> <span class='ocrx_word' id='word_1_188' title='bbox 1076 1998 1157 2061; x_wconf 93' lang='lat' dir='ltr'>tollit</span> <span class='ocrx_word' id='word_1_189' title='bbox 1180 1999 1294 2061; x_wconf 89' lang='lat' dir='ltr'>additio</span> <span class='ocrx_word' id='word_1_190' title='bbox 1323 2000 1411 2061; x_wconf 89' lang='lat' dir='ltr'>unica</span> <span class='ocrx_word' id='word_1_191' title='bbox 1442 2001 1536 2063; x_wconf 87' lang='lat' dir='ltr'>trium</span> <span class='ocrx_word' id='word_1_192' title='bbox 1560 2003 1637 2082; x_wconf 73' lang='lat' dir='ltr'>loga·</span> 
     </span>
     <span class='ocr_line' id='line_1_20' title="bbox 292 2090 479 2153; baseline -0.027 0"><span class='ocrx_word' id='word_1_193' title='bbox 292 2090 479 2153; x_wconf 87' lang='lat' dir='ltr'>rithmornm.</span> 
     </span>
    </p>

    <p class='ocr_par' dir='ltr' id='par_1_5' title="bbox 200 2173 1637 3237">
     <span class='ocr_line' id='line_1_21' title="bbox 380 2173 1637 2252; baseline 0.001 -13"><span class='ocrx_word' id='word_1_194' title='bbox 380 2175 567 2240; x_wconf 78' lang='lat' dir='ltr'>variationis</span> <span class='ocrx_word' id='word_1_195' title='bbox 592 2174 705 2236; x_wconf 88' lang='lat' dir='ltr'>calculo</span> <span class='ocrx_word' id='word_1_196' title='bbox 730 2173 844 2235; x_wconf 86' lang='lat' dir='ltr'>servire</span> <span class='ocrx_word' id='word_1_197' title='bbox 865 2184 970 2252; x_wconf 88' lang='lat' dir='ltr'>posset</span> <span class='ocrx_word' id='word_1_198' title='bbox 991 2176 1040 2239; x_wconf 90' lang='lat' dir='ltr'>bic</span> <span class='ocrx_word' id='word_1_199' title='bbox 1063 2176 1141 2243; x_wconf 89' lang='lat' dir='ltr'>idam</span> <span class='ocrx_word' id='word_1_200' title='bbox 1164 2175 1303 2238; x_wconf 88' lang='lat' dir='ltr'>circellus</span> <span class='ocrx_word' id='word_1_201' title='bbox 1325 2176 1390 2251; x_wconf 86' lang='lat' dir='ltr'>BL,</span> <span class='ocrx_word' id='word_1_202' title='bbox 1416 2178 1479 2239; x_wconf 88' lang='lat' dir='ltr'>etsi</span> <span class='ocrx_word' id='word_1_203' title='bbox 1502 2179 1637 2243; x_wconf 75' lang='lat' dir='ltr'>remobe</span> 
     </span>
     <span class='ocr_line' id='line_1_22' title="bbox 292 2262 1635 2345; baseline 0 -16"><span class='ocrx_word' id='word_1_204' title='bbox 292 2277 341 2331; x_wconf 88' lang='lat' dir='ltr'>est</span> <span class='ocrx_word' id='word_1_205' title='bbox 363 2289 381 2328; x_wconf 89' lang='lat' dir='ltr'>a</span> <span class='ocrx_word' id='word_1_206' title='bbox 405 2264 503 2328; x_wconf 90' lang='lat' dir='ltr'>causis</span> <span class='ocrx_word' id='word_1_207' title='bbox 527 2262 669 2345; x_wconf 83' lang='lat' dir='ltr'>physicis.</span> <span class='ocrx_word' id='word_1_208' title='bbox 717 2263 820 2324; x_wconf 91' lang='lat' dir='ltr'>Posito</span> <span class='ocrx_word' id='word_1_209' title='bbox 844 2263 936 2338; x_wconf 89' lang='lat' dir='ltr'>enirn,</span> <span class='ocrx_word' id='word_1_210' title='bbox 967 2265 1079 2326; x_wconf 88' lang='lat' dir='ltr'>lineam·</span> <span class='ocrx_word' id='word_1_211' title='bbox 1100 2274 1197 2328; x_wconf 91' lang='lat' dir='ltr'>motus</span> <span class='ocrx_word' id='word_1_212' title='bbox 1220 2265 1246 2336; x_wconf 66' lang='lat'>3:</span> <span class='ocrx_word' id='word_1_213' title='bbox 1272 2282 1365 2345; x_wconf 89' lang='lat' dir='ltr'>prope</span> <span class='ocrx_word' id='word_1_214' title='bbox 1398 2267 1467 2328; x_wconf 90' lang='lat' dir='ltr'>veri</span> <span class='ocrx_word' id='word_1_215' title='bbox 1489 2286 1562 2329; x_wconf 83' lang='lat' dir='ltr'>eaae</span> <span class='ocrx_word' id='word_1_216' title='bbox 1585 2267 1635 2331; x_wconf 77' lang='lat' dir='ltr'>All</span> 
     </span>
     <span class='ocr_line' id='line_1_23' title="bbox 200 2352 1636 2435; baseline 0 -16"><span class='ocrx_word' id='word_1_217' title='bbox 200 2364 205 2373; x_wconf 94' lang='lat'>&#39;</span> <span class='ocrx_word' id='word_1_218' title='bbox 294 2359 373 2431; x_wconf 86' lang='lat' dir='ltr'>(sine</span> <span class='ocrx_word' id='word_1_219' title='bbox 397 2363 533 2435; x_wconf 89' lang='lat' dir='ltr'>respectu</span> <span class='ocrx_word' id='word_1_220' title='bbox 558 2352 710 2433; x_wconf 81' lang='lat' dir='ltr'>apogaei),</span> <span class='ocrx_word' id='word_1_221' title='bbox 736 2371 810 2431; x_wconf 88' lang='lat' dir='ltr'>qnae</span> <span class='ocrx_word' id='word_1_222' title='bbox 834 2363 918 2413; x_wconf 88' lang='lat' dir='ltr'>secet</span> <span class='ocrx_word' id='word_1_223' title='bbox 941 2354 1091 2415; x_wconf 88' lang='lat' dir='ltr'>circellum</span> <span class='ocrx_word' id='word_1_224' title='bbox 1116 2355 1145 2416; x_wconf 96' lang='lat' dir='ltr'>in</span> <span class='ocrx_word' id='word_1_225' title='bbox 1167 2356 1211 2416; x_wconf 93' lang='lat' dir='ltr'>B:</span> <span class='ocrx_word' id='word_1_226' title='bbox 1242 2354 1390 2433; x_wconf 84' lang='lat' dir='ltr'>quadrata</span> <span class='ocrx_word' id='word_1_227' title='bbox 1414 2355 1539 2419; x_wconf 86' lang='lat' dir='ltr'>sinuum</span> <span class='ocrx_word' id='word_1_228' title='bbox 1562 2376 1636 2419; x_wconf 87' lang='lat' dir='ltr'>con·</span> 
     </span>
     <span class='ocr_line' id='line_1_24' title="bbox 292 2434 1635 2528; baseline -0.001 -21"><span class='ocrx_word' id='word_1_229' title='bbox 292 2448 506 2528; x_wconf 90' lang='lat' dir='ltr'>plementorum</span> <span class='ocrx_word' id='word_1_230' title='bbox 539 2442 668 2504; x_wconf 89' lang='lat' dir='ltr'>omnium</span> <span class='ocrx_word' id='word_1_231' title='bbox 701 2434 794 2522; x_wconf 79' lang='lat' dir='ltr'>usque</span> <span class='ocrx_word' id='word_1_232' title='bbox 822 2441 861 2502; x_wconf 89' lang='lat' dir='ltr'>ad</span> <span class='ocrx_word' id='word_1_233' title='bbox 891 2440 987 2504; x_wconf 87' lang='lat' dir='ltr'>sinum</span> <span class='ocrx_word' id='word_1_234' title='bbox 1019 2441 1075 2505; x_wconf 81' lang='lat' dir='ltr'>CA</span> <span class='ocrx_word' id='word_1_235' title='bbox 1109 2444 1138 2505; x_wconf 93' lang='lat' dir='ltr'>in</span> <span class='ocrx_word' id='word_1_236' title='bbox 1172 2460 1317 2503; x_wconf 88' lang='lat' dir='ltr'>summam</span> <span class='ocrx_word' id='word_1_237' title='bbox 1349 2444 1481 2507; x_wconf 89' lang='lat' dir='ltr'>redacta</span> <span class='ocrx_word' id='word_1_238' title='bbox 1511 2446 1635 2509; x_wconf 86' lang='lat' dir='ltr'>iudicant</span> 
     </span>
     <span class='ocr_line' id='line_1_25' title="bbox 293 2530 1636 2617; baseline 0 -21"><span class='ocrx_word' id='word_1_239' title='bbox 293 2536 457 2617; x_wconf 89' lang='lat' dir='ltr'>portionem</span> <span class='ocrx_word' id='word_1_240' title='bbox 487 2530 714 2605; x_wconf 77' lang='lat' dir='ltr'>accelerationie</span> <span class='ocrx_word' id='word_1_241' title='bbox 743 2531 898 2591; x_wconf 88' lang='lat' dir='ltr'>addendae</span> <span class='ocrx_word' id='word_1_242' title='bbox 928 2531 967 2593; x_wconf 90' lang='lat' dir='ltr'>ad</span> <span class='ocrx_word' id='word_1_243' title='bbox 990 2532 1084 2595; x_wconf 86' lang='lat' dir='ltr'><strong>DAF.</strong></span> <span class='ocrx_word' id='word_1_244' title='bbox 1130 2532 1187 2595; x_wconf 88' lang='lat' dir='ltr'>Hic</span> <span class='ocrx_word' id='word_1_245' title='bbox 1215 2531 1252 2592; x_wconf 91' lang='lat' dir='ltr'>de</span> <span class='ocrx_word' id='word_1_246' title='bbox 1283 2532 1443 2612; x_wconf 88' lang='lat' dir='ltr'>quadratis</span> <span class='ocrx_word' id='word_1_247' title='bbox 1472 2535 1636 2599; x_wconf 81' lang='lat' dir='ltr'>sinuumet</span> 
     </span>
     <span class='ocr_line' id='line_1_26' title="bbox 292 2620 1636 2703; baseline -0.001 -16"><span class='ocrx_word' id='word_1_248' title='bbox 292 2643 407 2687; x_wconf 88' lang='lat' dir='ltr'>summa</span> <span class='ocrx_word' id='word_1_249' title='bbox 430 2640 531 2684; x_wconf 88' lang='lat' dir='ltr'>eorum</span> <span class='ocrx_word' id='word_1_250' title='bbox 555 2622 731 2681; x_wconf 83' lang='lat' dir='ltr'>monuerunt</span> <span class='ocrx_word' id='word_1_251' title='bbox 754 2637 799 2680; x_wconf 91' lang='lat' dir='ltr'>me</span> <span class='ocrx_word' id='word_1_252' title='bbox 823 2637 932 2681; x_wconf 86' lang='lat' dir='ltr'>causae</span> <span class='ocrx_word' id='word_1_253' title='bbox 962 2620 1119 2703; x_wconf 87' lang='lat' dir='ltr'>physicae:</span> <span class='ocrx_word' id='word_1_254' title='bbox 1152 2629 1185 2682; x_wconf 87' lang='lat' dir='ltr'>at</span> <span class='ocrx_word' id='word_1_255' title='bbox 1207 2622 1331 2683; x_wconf 80' lang='lat' dir='ltr'>effectus</span> <span class='ocrx_word' id='word_1_256' title='bbox 1356 2622 1384 2683; x_wconf 93' lang='lat' dir='ltr'>in</span> <span class='ocrx_word' id='word_1_257' title='bbox 1409 2623 1512 2686; x_wconf 81' lang='lat' dir='ltr'>forma</span> <span class='ocrx_word' id='word_1_258' title='bbox 1536 2636 1586 2686; x_wconf 86' lang='lat' dir='ltr'>eat</span> <span class='ocrx_word' id='word_1_259' title='bbox 1605 2623 1636 2685; x_wconf 79' lang='lat' dir='ltr'>at</span> 
     </span>
     <span class='ocr_line' id='line_1_27' title="bbox 291 2708 1635 2793; baseline -0.002 -17"><span class='ocrx_word' id='word_1_260' title='bbox 291 2731 419 2793; x_wconf 82' lang='lat' dir='ltr'>unguem</span> <span class='ocrx_word' id='word_1_261' title='bbox 443 2711 531 2784; x_wconf 86' lang='lat' dir='ltr'>idern,¹</span> <span class='ocrx_word' id='word_1_262' title='bbox 555 2709 605 2790; x_wconf 95' lang='lat' dir='ltr'>qui</span> <span class='ocrx_word' id='word_1_263' title='bbox 628 2709 740 2770; x_wconf 89' lang='lat' dir='ltr'>circelli</span> <span class='ocrx_word' id='word_1_264' title='bbox 765 2708 959 2789; x_wconf 85' lang='lat' dir='ltr'>Tychouiani,</span> <span class='ocrx_word' id='word_1_265' title='bbox 983 2718 1065 2771; x_wconf 89' lang='lat' dir='ltr'>motu</span> <span class='ocrx_word' id='word_1_266' title='bbox 1089 2710 1199 2792; x_wconf 82' lang='lat' dir='ltr'>duplici</span> <span class='ocrx_word' id='word_1_267' title='bbox 1223 2710 1316 2790; x_wconf 88' lang='lat' dir='ltr'>ipsius</span> <span class='ocrx_word' id='word_1_268' title='bbox 1345 2710 1518 2775; x_wconf 85' lang='lat' dir='ltr'>distantiae</span> <span class='ocrx_word' id='word_1_269' title='bbox 1542 2712 1635 2775; x_wconf 84' lang='lat' dir='ltr'>Lauae</span> 
     </span>
     <span class='ocr_line' id='line_1_28' title="bbox 293 2798 1636 2880; baseline -0.002 -14"><span class='ocrx_word' id='word_1_270' title='bbox 293 2802 416 2866; x_wconf 87' lang='lat' dir='ltr'>aSole.</span> <span class='ocrx_word' id='word_1_271' title='bbox 462 2799 587 2872; x_wconf 84' lang='lat' dir='ltr'>Horum,</span> <span class='ocrx_word' id='word_1_272' title='bbox 612 2799 745 2878; x_wconf 89' lang='lat' dir='ltr'>inquam,</span> <span class='ocrx_word' id='word_1_273' title='bbox 776 2798 898 2858; x_wconf 87' lang='lat' dir='ltr'>duomm</span> <span class='ocrx_word' id='word_1_274' title='bbox 921 2798 1133 2880; x_wconf 69' lang='lat' dir='ltr'>principiorum</span> <span class='ocrx_word' id='word_1_275' title='bbox 1162 2799 1385 2862; x_wconf 87' lang='lat' dir='ltr'>consociatione</span> <span class='ocrx_word' id='word_1_276' title='bbox 1417 2801 1553 2865; x_wconf 84' lang='lat' dir='ltr'>efficitur</span> <span class='ocrx_word' id='word_1_277' title='bbox 1574 2812 1636 2863; x_wconf 91' lang='lat' dir='ltr'>tan·</span> 
     </span>
     <span class='ocr_line' id='line_1_29' title="bbox 292 2885 1634 2970; baseline -0.004 -15"><span class='ocrx_word' id='word_1_278' title='bbox 292 2892 431 2964; x_wconf 90' lang='lat' dir='ltr'>tandem,</span> <span class='ocrx_word' id='word_1_279' title='bbox 457 2898 598 2968; x_wconf 88' lang='lat' dir='ltr'>quantum</span> <span class='ocrx_word' id='word_1_280' title='bbox 622 2887 742 2947; x_wconf 87' lang='lat' dir='ltr'>circello</span> <span class='ocrx_word' id='word_1_281' title='bbox 765 2885 935 2967; x_wconf 82' lang='lat' dir='ltr'>Tychonico</span> <span class='ocrx_word' id='word_1_282' title='bbox 960 2887 1130 2962; x_wconf 88' lang='lat' dir='ltr'>libratorio,</span> <span class='ocrx_word' id='word_1_283' title='bbox 1160 2888 1238 2970; x_wconf 90' lang='lat' dir='ltr'>quod</span> <span class='ocrx_word' id='word_1_284' title='bbox 1263 2887 1351 2949; x_wconf 86' lang='lat' dir='ltr'>valde</span> <span class='ocrx_word' id='word_1_285' title='bbox 1375 2908 1423 2951; x_wconf 92' lang='lat' dir='ltr'>me</span> <span class='ocrx_word' id='word_1_286' title='bbox 1448 2891 1634 2954; x_wconf 73' lang='lat' dir='ltr'>exhilaratis</span> 
     </span>
     <span class='ocr_line' id='line_1_30' title="bbox 293 2974 1635 3061; baseline -0.001 -17"><span class='ocrx_word' id='word_1_287' title='bbox 293 2982 328 3044; x_wconf 96' lang='lat' dir='ltr'>In</span> <span class='ocrx_word' id='word_1_288' title='bbox 352 2978 520 3061; x_wconf 88' lang='lat' dir='ltr'>quantitate</span> <span class='ocrx_word' id='word_1_289' title='bbox 543 2976 640 3037; x_wconf 89' lang='lat' dir='ltr'>adhuc</span> <span class='ocrx_word' id='word_1_290' title='bbox 659 2976 764 3037; x_wconf 84' lang='lat' dir='ltr'>differo</span> <span class='ocrx_word' id='word_1_291' title='bbox 783 2996 801 3035; x_wconf 86' lang='lat' dir='ltr'>a</span> <span class='ocrx_word' id='word_1_292' title='bbox 819 2975 970 3055; x_wconf 85' lang='lat' dir='ltr'>Tychone,</span> <span class='ocrx_word' id='word_1_293' title='bbox 994 2977 1043 3058; x_wconf 92' lang='lat' dir='ltr'>qui</span> <span class='ocrx_word' id='word_1_294' title='bbox 1063 2977 1261 3039; x_wconf 86' lang='lat' dir='ltr'>variationem</span> <span class='ocrx_word' id='word_1_295' title='bbox 1281 2977 1359 3051; x_wconf 52' lang='lat' dir='ltr'>,tacit</span> <span class='ocrx_word' id='word_1_296' title='bbox 1375 2974 1446 3053; x_wconf 84' lang='lat' dir='ltr'>tt‘,</span> <span class='ocrx_word' id='word_1_297' title='bbox 1470 2980 1635 3042; x_wconf 78' lang='lat' dir='ltr'>observarit</span> 
     </span>
     <span class='ocr_line' id='line_1_31' title="bbox 292 3061 1635 3150; baseline 0.001 -19"><span class='ocrx_word' id='word_1_298' title='bbox 292 3078 395 3131; x_wconf 87' lang='lat' dir='ltr'>tamen</span> <span class='ocrx_word' id='word_1_299' title='bbox 419 3066 566 3129; x_wconf 91' lang='lat' dir='ltr'>interdum</span> <span class='ocrx_word' id='word_1_300' title='bbox 590 3061 653 3127; x_wconf 74' lang='lat'>46¹.</span> <span class='ocrx_word' id='word_1_301' title='bbox 700 3064 766 3144; x_wconf 79' lang='lat' dir='ltr'>Ego</span> <span class='ocrx_word' id='word_1_302' title='bbox 790 3082 862 3125; x_wconf 90' lang='lat' dir='ltr'>vero</span> <span class='ocrx_word' id='word_1_303' title='bbox 886 3085 904 3125; x_wconf 89' lang='lat' dir='ltr'>a</span> <span class='ocrx_word' id='word_1_304' title='bbox 927 3066 1019 3145; x_wconf 90' lang='lat' dir='ltr'>priori</span> <span class='ocrx_word' id='word_1_305' title='bbox 1052 3067 1169 3128; x_wconf 89' lang='lat' dir='ltr'>invenio</span> <span class='ocrx_word' id='word_1_306' title='bbox 1192 3064 1256 3139; x_wconf 78' lang='lat'>51¹,</span> <span class='ocrx_word' id='word_1_307' title='bbox 1280 3076 1314 3127; x_wconf 85' lang='lat' dir='ltr'>ct</span> <span class='ocrx_word' id='word_1_308' title='bbox 1335 3076 1455 3129; x_wconf 64' lang='lat' dir='ltr'>uatum</span> <span class='ocrx_word' id='word_1_309' title='bbox 1485 3070 1635 3150; x_wconf 84' lang='lat' dir='ltr'>poatalant</span> 
     </span>
     <span class='ocr_line' id='line_1_32' title="bbox 294 3153 1578 3237; baseline -0.001 -17"><span class='ocrx_word' id='word_1_310' title='bbox 294 3160 384 3220; x_wconf 86' lang='lat' dir='ltr'>etiarn</span> <span class='ocrx_word' id='word_1_311' title='bbox 403 3156 478 3237; x_wconf 91' lang='lat' dir='ltr'>justi</span> <span class='ocrx_word' id='word_1_312' title='bbox 502 3154 611 3215; x_wconf 87' lang='lat' dir='ltr'>horarii</span> <span class='ocrx_word' id='word_1_313' title='bbox 635 3153 662 3213; x_wconf 95' lang='lat' dir='ltr'>in</span> <span class='ocrx_word' id='word_1_314' title='bbox 688 3153 801 3231; x_wconf 88' lang='lat' dir='ltr'>copulis</span> <span class='ocrx_word' id='word_1_315' title='bbox 824 3171 878 3232; x_wconf 90' lang='lat' dir='ltr'>pro</span> <span class='ocrx_word' id='word_1_316' title='bbox 902 3155 1073 3234; x_wconf 90' lang='lat' dir='ltr'>eclipsibus,</span> <span class='ocrx_word' id='word_1_317' title='bbox 1098 3173 1134 3217; x_wconf 88' lang='lat' dir='ltr'>ne</span> <span class='ocrx_word' id='word_1_318' title='bbox 1158 3155 1331 3217; x_wconf 87' lang='lat' dir='ltr'>durationes</span> <span class='ocrx_word' id='word_1_319' title='bbox 1354 3157 1430 3217; x_wconf 85' lang='lat' dir='ltr'>fiant</span> <span class='ocrx_word' id='word_1_320' title='bbox 1455 3159 1578 3221; x_wconf 83' lang='lat' dir='ltr'>nimiae.</span> 
     </span>
    </p>

    <p class='ocr_par' dir='ltr' id='par_1_6' title="bbox 295 3241 1635 3412">
     <span class='ocr_line' id='line_1_33' title="bbox 382 3241 1635 3328; baseline -0.002 -20"><span class='ocrx_word' id='word_1_321' title='bbox 382 3247 417 3308; x_wconf 94' lang='lat' dir='ltr'>In</span> <span class='ocrx_word' id='word_1_322' title='bbox 440 3242 670 3325; x_wconf 86' lang='lat' dir='ltr'>Ephemeridum</span> <span class='ocrx_word' id='word_1_323' title='bbox 694 3241 912 3321; x_wconf 85' lang='lat' dir='ltr'>prolegomenis</span> <span class='ocrx_word' id='word_1_324' title='bbox 936 3262 993 3305; x_wconf 90' lang='lat' dir='ltr'>non</span> <span class='ocrx_word' id='word_1_325' title='bbox 1019 3262 1135 3306; x_wconf 89' lang='lat' dir='ltr'>summa</span> <span class='ocrx_word' id='word_1_326' title='bbox 1157 3243 1380 3325; x_wconf 86' lang='lat' dir='ltr'>quadratorum,</span> <span class='ocrx_word' id='word_1_327' title='bbox 1405 3246 1463 3308; x_wconf 90' lang='lat' dir='ltr'>sed</span> <span class='ocrx_word' id='word_1_328' title='bbox 1487 3247 1556 3328; x_wconf 88' lang='lat' dir='ltr'>ipso</span> <span class='ocrx_word' id='word_1_329' title='bbox 1578 3248 1635 3308; x_wconf 86' lang='lat' dir='ltr'>siun</span> 
     </span>
     <span class='ocr_line' id='line_1_34' title="bbox 295 3330 1299 3412; baseline -0.002 -14"><span class='ocrx_word' id='word_1_330' title='bbox 295 3334 349 3398; x_wconf 84' lang='lat' dir='ltr'>BC</span> <span class='ocrx_word' id='word_1_331' title='bbox 374 3334 491 3408; x_wconf 89' lang='lat' dir='ltr'>utebar,</span> <span class='ocrx_word' id='word_1_332' title='bbox 515 3331 563 3396; x_wconf 92' lang='lat' dir='ltr'>ubi</span> <span class='ocrx_word' id='word_1_333' title='bbox 587 3331 685 3393; x_wconf 83' lang='lat' dir='ltr'>defeci</span> <span class='ocrx_word' id='word_1_334' title='bbox 709 3351 728 3392; x_wconf 90' lang='lat' dir='ltr'>a</span> <span class='ocrx_word' id='word_1_335' title='bbox 751 3330 891 3412; x_wconf 80' lang='lat' dir='ltr'>Tychone</span> <span class='ocrx_word' id='word_1_336' title='bbox 916 3342 1059 3411; x_wconf 89' lang='lat' dir='ltr'>quantum</span> <span class='ocrx_word' id='word_1_337' title='bbox 1082 3353 1158 3395; x_wconf 89' lang='lat' dir='ltr'>nuuc</span> <span class='ocrx_word' id='word_1_338' title='bbox 1181 3351 1299 3412; x_wconf 87' lang='lat' dir='ltr'>supero.</span> 
     </span>
    </p>

    <p class='ocr_par' dir='ltr' id='par_1_7' title="bbox 296 3420 1637 3680">
     <span class='ocr_line' id='line_1_35' title="bbox 383 3420 1636 3505; baseline 0.002 -21"><span class='ocrx_word' id='word_1_339' title='bbox 383 3423 492 3485; x_wconf 90' lang='lat' dir='ltr'>Moneo</span> <span class='ocrx_word' id='word_1_340' title='bbox 516 3429 617 3483; x_wconf 90' lang='lat' dir='ltr'>autem</span> <span class='ocrx_word' id='word_1_341' title='bbox 640 3420 745 3493; x_wconf 89' lang='lat' dir='ltr'>obiter,</span> <span class='ocrx_word' id='word_1_342' title='bbox 770 3440 807 3482; x_wconf 88' lang='lat' dir='ltr'>ne</span> <span class='ocrx_word' id='word_1_343' title='bbox 824 3422 1009 3482; x_wconf 81' lang='lat' dir='ltr'>frustraneas</span> <span class='ocrx_word' id='word_1_344' title='bbox 1033 3421 1087 3483; x_wconf 88' lang='lat' dir='ltr'>tibi</span> <span class='ocrx_word' id='word_1_345' title='bbox 1102 3422 1301 3502; x_wconf 77' lang='lat' dir='ltr'>cogitationes</span> <span class='ocrx_word' id='word_1_346' title='bbox 1325 3422 1467 3499; x_wconf 87' lang='lat' dir='ltr'>excitem,</span> <span class='ocrx_word' id='word_1_347' title='bbox 1492 3426 1636 3505; x_wconf 74' lang='lat' dir='ltr'>negoti·</span> 
     </span>
     <span class='ocr_line' id='line_1_36' title="bbox 296 3509 1636 3594; baseline 0 -20"><span class='ocrx_word' id='word_1_348' title='bbox 296 3512 470 3576; x_wconf 85' lang='lat' dir='ltr'>variationis</span> <span class='ocrx_word' id='word_1_349' title='bbox 493 3530 550 3573; x_wconf 92' lang='lat' dir='ltr'>nou</span> <span class='ocrx_word' id='word_1_350' title='bbox 574 3511 653 3572; x_wconf 91' lang='lat' dir='ltr'>nuda</span> <span class='ocrx_word' id='word_1_351' title='bbox 677 3509 829 3571; x_wconf 85' lang='lat' dir='ltr'>additione</span> <span class='ocrx_word' id='word_1_352' title='bbox 852 3511 952 3589; x_wconf 86' lang='lat' dir='ltr'>perlici</span> <span class='ocrx_word' id='word_1_353' title='bbox 982 3511 1221 3584; x_wconf 87' lang='lat' dir='ltr'>accelerationis,</span> <span class='ocrx_word' id='word_1_354' title='bbox 1252 3511 1306 3572; x_wconf 91' lang='lat' dir='ltr'>sed</span> <span class='ocrx_word' id='word_1_355' title='bbox 1330 3512 1412 3590; x_wconf 88' lang='lat' dir='ltr'>prius</span> <span class='ocrx_word' id='word_1_356' title='bbox 1437 3513 1557 3594; x_wconf 86' lang='lat' dir='ltr'>aliquid</span> <span class='ocrx_word' id='word_1_357' title='bbox 1579 3532 1636 3574; x_wconf 81' lang='lat' dir='ltr'>esse</span> 
     </span>
     <span class='ocr_line' id='line_1_37' title="bbox 296 3598 1637 3680; baseline 0 -15"><span class='ocrx_word' id='word_1_358' title='bbox 296 3601 528 3665; x_wconf 90' lang='lat' dir='ltr'>subtrahendum</span> <span class='ocrx_word' id='word_1_359' title='bbox 554 3600 758 3680; x_wconf 89' lang='lat' dir='ltr'>aequabiliter.</span> <span class='ocrx_word' id='word_1_360' title='bbox 796 3598 1020 3662; x_wconf 90' lang='lat' dir='ltr'>Subtrahuntur</span> <span class='ocrx_word' id='word_1_361' title='bbox 1042 3600 1167 3680; x_wconf 85' lang='lat' dir='ltr'>singulis</span> <span class='ocrx_word' id='word_1_362' title='bbox 1190 3599 1333 3680; x_wconf 81' lang='lat' dir='ltr'>gradibus</span> <span class='ocrx_word' id='word_1_363' title='bbox 1356 3600 1527 3665; x_wconf 79' lang='lat' dir='ltr'>distantiae</span> <span class='ocrx_word' id='word_1_364' title='bbox 1543 3604 1637 3665; x_wconf 79' lang='lat' dir='ltr'>Lunae</span> 
     </span>
    </p>
   </div>
   <div class='ocr_carea' id='block_1_3' title="bbox 183 3684 1637 3772">
    <p class='ocr_par' dir='ltr' id='par_1_8' title="bbox 183 3684 1637 3772">
     <span class='ocr_line' id='line_1_38' title="bbox 183 3684 1637 3772; baseline -0.001 -17"><span class='ocrx_word' id='word_1_365' title='bbox 183 3758 189 3769; x_wconf 68' lang='grc'>,</span> <span class='ocrx_word' id='word_1_366' title='bbox 297 3691 409 3755; x_wconf 89' lang='lat' dir='ltr'>aSole</span> <span class='ocrx_word' id='word_1_367' title='bbox 432 3710 524 3771; x_wconf 89' lang='lat' dir='ltr'>prope</span> <span class='ocrx_word' id='word_1_368' title='bbox 548 3708 655 3764; x_wconf 87' lang='lat' dir='ltr'>verae,</span> <span class='ocrx_word' id='word_1_369' title='bbox 680 3688 796 3750; x_wconf 89' lang='lat' dir='ltr'>scilicet</span> <span class='ocrx_word' id='word_1_370' title='bbox 823 3687 851 3748; x_wconf 83' lang='lat' dir='ltr'>l‘</span> <span class='ocrx_word' id='word_1_371' title='bbox 874 3684 1004 3771; x_wconf 75' lang='lat' dir='ltr'>tt¹l,¹‘;</span> <span class='ocrx_word' id='word_1_372' title='bbox 1032 3690 1180 3751; x_wconf 91' lang='lat' dir='ltr'>adduntur</span> <span class='ocrx_word' id='word_1_373' title='bbox 1212 3689 1363 3763; x_wconf 88' lang='lat' dir='ltr'>vicissim,</span> <span class='ocrx_word' id='word_1_374' title='bbox 1389 3690 1418 3751; x_wconf 93' lang='lat' dir='ltr'>in</span> <span class='ocrx_word' id='word_1_375' title='bbox 1444 3691 1516 3771; x_wconf 85' lang='lat' dir='ltr'>ipsa</span> <span class='ocrx_word' id='word_1_376' title='bbox 1538 3692 1637 3772; x_wconf 81' lang='lat' dir='ltr'>copula</span> 
     </span>
    </p>
   </div>
   <div class='ocr_carea' id='block_1_4' title="bbox 243 3775 1638 4933">
    <p class='ocr_par' dir='ltr' id='par_1_9' title="bbox 296 3775 1638 4129">
     <span class='ocr_line' id='line_1_39' title="bbox 296 3775 1638 3861; baseline -0.001 -16"><span class='ocrx_word' id='word_1_377' title='bbox 296 3781 327 3845; x_wconf 77' lang='lat'>3⁴</span> <span class='ocrx_word' id='word_1_378' title='bbox 343 3775 422 3861; x_wconf 65' lang='lat'>34²1,</span> <span class='ocrx_word' id='word_1_379' title='bbox 432 3782 451 3812; x_wconf 82' lang='lat'>‘¹</span> <span class='ocrx_word' id='word_1_380' title='bbox 475 3779 608 3858; x_wconf 84' lang='lat' dir='ltr'>praecise</span> <span class='ocrx_word' id='word_1_381' title='bbox 632 3779 763 3859; x_wconf 89' lang='lat' dir='ltr'>duplum,</span> <span class='ocrx_word' id='word_1_382' title='bbox 786 3776 855 3837; x_wconf 91' lang='lat' dir='ltr'>inde</span> <span class='ocrx_word' id='word_1_383' title='bbox 879 3777 976 3840; x_wconf 90' lang='lat' dir='ltr'>minus</span> <span class='ocrx_word' id='word_1_384' title='bbox 999 3789 1030 3839; x_wconf 89' lang='lat' dir='ltr'>et</span> <span class='ocrx_word' id='word_1_385' title='bbox 1052 3779 1156 3854; x_wconf 90' lang='lat' dir='ltr'>minus,</span> <span class='ocrx_word' id='word_1_386' title='bbox 1179 3786 1267 3858; x_wconf 91' lang='lat' dir='ltr'>prout</span> <span class='ocrx_word' id='word_1_387' title='bbox 1290 3778 1472 3841; x_wconf 88' lang='lat' dir='ltr'>decrescunt</span> <span class='ocrx_word' id='word_1_388' title='bbox 1495 3781 1638 3861; x_wconf 84' lang='lat' dir='ltr'>quadrata</span> 
     </span>
     <span class='ocr_line' id='line_1_40' title="bbox 296 3864 1635 3949; baseline 0 -17"><span class='ocrx_word' id='word_1_389' title='bbox 296 3873 412 3934; x_wconf 89' lang='lat' dir='ltr'>sinuum</span> <span class='ocrx_word' id='word_1_390' title='bbox 420 3888 429 3941; x_wconf 93' lang='lat'>;</span> <span class='ocrx_word' id='word_1_391' title='bbox 454 3870 546 3930; x_wconf 91' lang='lat' dir='ltr'>donec</span> <span class='ocrx_word' id='word_1_392' title='bbox 571 3868 599 3929; x_wconf 89' lang='lat' dir='ltr'>in</span> <span class='ocrx_word' id='word_1_393' title='bbox 616 3867 738 3948; x_wconf 88' lang='lat' dir='ltr'>quadris</span> <span class='ocrx_word' id='word_1_394' title='bbox 760 3867 849 3947; x_wconf 88' lang='lat' dir='ltr'>plane</span> <span class='ocrx_word' id='word_1_395' title='bbox 873 3867 946 3928; x_wconf 93' lang='lat' dir='ltr'>nihil</span> <span class='ocrx_word' id='word_1_396' title='bbox 969 3864 1099 3929; x_wconf 90' lang='lat' dir='ltr'>additur.</span> <span class='ocrx_word' id='word_1_397' title='bbox 1136 3868 1186 3930; x_wconf 90' lang='lat' dir='ltr'>Ita</span> <span class='ocrx_word' id='word_1_398' title='bbox 1200 3868 1229 3929; x_wconf 88' lang='lat' dir='ltr'>iu</span> <span class='ocrx_word' id='word_1_399' title='bbox 1243 3867 1366 3948; x_wconf 88' lang='lat' dir='ltr'>quadris</span> <span class='ocrx_word' id='word_1_400' title='bbox 1389 3887 1446 3949; x_wconf 91' lang='lat' dir='ltr'>pro</span> <span class='ocrx_word' id='word_1_401' title='bbox 1465 3889 1527 3931; x_wconf 89' lang='lat' dir='ltr'>uuo</span> <span class='ocrx_word' id='word_1_402' title='bbox 1551 3870 1635 3949; x_wconf 71' lang='lat' dir='ltr'>grata</span> 
     </span>
     <span class='ocr_line' id='line_1_41' title="bbox 296 3954 1635 4040; baseline -0.002 -18"><span class='ocrx_word' id='word_1_403' title='bbox 296 3958 415 4030; x_wconf 73' lang='lat' dir='ltr'>dist)</span> <span class='ocrx_word' id='word_1_404' title='bbox 447 3978 466 4019; x_wconf 97' lang='lat' dir='ltr'>a</span> <span class='ocrx_word' id='word_1_405' title='bbox 494 3954 533 4033; x_wconf 82' lang='grc' dir='ltr'>Θ</span> <span class='ocrx_word' id='word_1_406' title='bbox 562 3967 708 4038; x_wconf 87' lang='lat' dir='ltr'>aequatae</span> <span class='ocrx_word' id='word_1_407' title='bbox 737 3956 785 4017; x_wconf 92' lang='lat' dir='ltr'>bis</span> <span class='ocrx_word' id='word_1_408' title='bbox 826 3955 969 4017; x_wconf 88' lang='lat' dir='ltr'>sumenda</span> <span class='ocrx_word' id='word_1_409' title='bbox 1005 3966 1076 4018; x_wconf 90' lang='lat' dir='ltr'>sunt</span> <span class='ocrx_word' id='word_1_410' title='bbox 1110 3964 1233 4037; x_wconf 86' lang='lat' dir='ltr'>propter</span> <span class='ocrx_word' id='word_1_411' title='bbox 1268 3955 1391 4018; x_wconf 79' lang='lat' dir='ltr'>tertiam</span> <span class='ocrx_word' id='word_1_412' title='bbox 1427 3960 1635 4040; x_wconf 80' lang='lat' dir='ltr'>aequationem</span> 
     </span>
     <span class='ocr_line' id='line_1_42' title="bbox 297 4040 1223 4129; baseline 0.003 -24"><span class='ocrx_word' id='word_1_413' title='bbox 297 4047 352 4112; x_wconf 86' lang='lat'>58‘</span> <span class='ocrx_word' id='word_1_414' title='bbox 380 4040 496 4129; x_wconf 73' lang='lat'>13²!,“,</span> <span class='ocrx_word' id='word_1_415' title='bbox 520 4047 549 4105; x_wconf 94' lang='lat' dir='ltr'>in</span> <span class='ocrx_word' id='word_1_416' title='bbox 573 4046 687 4125; x_wconf 88' lang='lat' dir='ltr'>copulis</span> <span class='ocrx_word' id='word_1_417' title='bbox 711 4065 764 4124; x_wconf 87' lang='lat' dir='ltr'>pro</span> <span class='ocrx_word' id='word_1_418' title='bbox 787 4062 847 4105; x_wconf 91' lang='lat' dir='ltr'>nno</span> <span class='ocrx_word' id='word_1_419' title='bbox 871 4044 964 4122; x_wconf 86' lang='lat' dir='ltr'>gradu</span> <span class='ocrx_word' id='word_1_420' title='bbox 993 4042 1027 4106; x_wconf 77' lang='grc' dir='ltr'>1ο</span> <span class='ocrx_word' id='word_1_421' title='bbox 1052 4044 1080 4107; x_wconf 81' lang='lat'>1¹</span> <span class='ocrx_word' id='word_1_422' title='bbox 1103 4042 1223 4126; x_wconf 73' lang='grc' dir='ltr'>47“Ι,”.</span> 
     </span>
    </p>

    <p class='ocr_par' dir='ltr' id='par_1_10' title="bbox 243 4133 1635 4933">
     <span class='ocr_line' id='line_1_43' title="bbox 384 4133 1634 4214; baseline -0.001 -16"><span class='ocrx_word' id='word_1_423' title='bbox 384 4135 444 4198; x_wconf 89' lang='lat' dir='ltr'>Sed</span> <span class='ocrx_word' id='word_1_424' title='bbox 478 4136 567 4195; x_wconf 87' lang='lat' dir='ltr'>redeo</span> <span class='ocrx_word' id='word_1_425' title='bbox 590 4137 627 4194; x_wconf 89' lang='lat' dir='ltr'>ad</span> <span class='ocrx_word' id='word_1_426' title='bbox 661 4135 788 4213; x_wconf 88' lang='lat' dir='ltr'>priorem</span> <span class='ocrx_word' id='word_1_427' title='bbox 822 4134 1030 4212; x_wconf 89' lang='lat' dir='ltr'>aequationem</span> <span class='ocrx_word' id='word_1_428' title='bbox 1062 4141 1260 4207; x_wconf 84' lang='lat' dir='ltr'>menstruam,</span> <span class='ocrx_word' id='word_1_429' title='bbox 1293 4133 1405 4214; x_wconf 86' lang='lat' dir='ltr'>inqua</span> <span class='ocrx_word' id='word_1_430' title='bbox 1427 4136 1538 4210; x_wconf 90' lang='lat' dir='ltr'>vides,</span> <span class='ocrx_word' id='word_1_431' title='bbox 1568 4137 1634 4198; x_wconf 88' lang='lat' dir='ltr'>sill</span> 
     </span>
     <span class='ocr_line' id='line_1_44' title="bbox 296 4222 1634 4302; baseline -0.001 -14"><span class='ocrx_word' id='word_1_432' title='bbox 296 4235 431 4289; x_wconf 89' lang='lat' dir='ltr'>centrum</span> <span class='ocrx_word' id='word_1_433' title='bbox 462 4224 619 4285; x_wconf 89' lang='lat' dir='ltr'>eccentrici</span> <span class='ocrx_word' id='word_1_434' title='bbox 644 4223 685 4284; x_wconf 89' lang='lat' dir='ltr'>sit</span> <span class='ocrx_word' id='word_1_435' title='bbox 708 4223 736 4282; x_wconf 95' lang='lat' dir='ltr'>in</span> <span class='ocrx_word' id='word_1_436' title='bbox 761 4223 786 4282; x_wconf 89' lang='lat' dir='ltr'>L</span> <span class='ocrx_word' id='word_1_437' title='bbox 809 4223 858 4282; x_wconf 90' lang='lat' dir='ltr'>vel</span> <span class='ocrx_word' id='word_1_438' title='bbox 882 4222 916 4293; x_wconf 90' lang='lat' dir='ltr'>P,</span> <span class='ocrx_word' id='word_1_439' title='bbox 940 4233 1014 4302; x_wconf 90' lang='lat' dir='ltr'>puta</span> <span class='ocrx_word' id='word_1_440' title='bbox 1036 4223 1065 4283; x_wconf 92' lang='lat' dir='ltr'>in</span> <span class='ocrx_word' id='word_1_441' title='bbox 1090 4222 1222 4302; x_wconf 89' lang='lat' dir='ltr'>copulis,</span> <span class='ocrx_word' id='word_1_442' title='bbox 1245 4223 1323 4302; x_wconf 93' lang='lat' dir='ltr'>quod</span> <span class='ocrx_word' id='word_1_443' title='bbox 1352 4232 1423 4285; x_wconf 90' lang='lat' dir='ltr'>tunc</span> <span class='ocrx_word' id='word_1_444' title='bbox 1447 4224 1541 4287; x_wconf 89' lang='lat' dir='ltr'>Luna</span> <span class='ocrx_word' id='word_1_445' title='bbox 1562 4226 1634 4289; x_wconf 87' lang='lat' dir='ltr'>iull</span> 
     </span>
     <span class='ocr_line' id='line_1_45' title="bbox 243 4310 1634 4398; baseline -0.003 -21"><span class='ocrx_word' id='word_1_446' title='bbox 243 4352 249 4363; x_wconf 92' lang='lat'><strong>·</strong></span> <span class='ocrx_word' id='word_1_447' title='bbox 295 4317 410 4397; x_wconf 87' lang='lat' dir='ltr'>posita,</span> <span class='ocrx_word' id='word_1_448' title='bbox 443 4312 583 4394; x_wconf 88' lang='lat' dir='ltr'>aequatio</span> <span class='ocrx_word' id='word_1_449' title='bbox 607 4313 707 4391; x_wconf 90' lang='lat' dir='ltr'>optica</span> <span class='ocrx_word' id='word_1_450' title='bbox 728 4310 771 4371; x_wconf 90' lang='lat' dir='ltr'>sit</span> <span class='ocrx_word' id='word_1_451' title='bbox 794 4311 895 4371; x_wconf 88' lang='lat' dir='ltr'>futura</span> <span class='ocrx_word' id='word_1_452' title='bbox 924 4312 1051 4391; x_wconf 83' lang='lat' dir='ltr'>angulus</span> <span class='ocrx_word' id='word_1_453' title='bbox 1072 4310 1177 4379; x_wconf 81' lang='lat' dir='ltr'>LHA,</span> <span class='ocrx_word' id='word_1_454' title='bbox 1201 4311 1255 4373; x_wconf 90' lang='lat' dir='ltr'>sed</span> <span class='ocrx_word' id='word_1_455' title='bbox 1278 4311 1403 4392; x_wconf 79' lang='lat' dir='ltr'>physica</span> <span class='ocrx_word' id='word_1_456' title='bbox 1428 4332 1504 4394; x_wconf 85' lang='lat' dir='ltr'>pars</span> <span class='ocrx_word' id='word_1_457' title='bbox 1527 4335 1634 4398; x_wconf 75' lang='lat' dir='ltr'>aequa·</span> 
     </span>
     <span class='ocr_line' id='line_1_46' title="bbox 296 4399 1635 4481; baseline -0.001 -14"><span class='ocrx_word' id='word_1_458' title='bbox 296 4405 387 4469; x_wconf 91' lang='lat' dir='ltr'>tionis</span> <span class='ocrx_word' id='word_1_459' title='bbox 418 4402 599 4466; x_wconf 89' lang='lat' dir='ltr'>desumenda</span> <span class='ocrx_word' id='word_1_460' title='bbox 631 4402 672 4463; x_wconf 89' lang='lat' dir='ltr'>sit</span> <span class='ocrx_word' id='word_1_461' title='bbox 704 4418 741 4460; x_wconf 89' lang='lat' dir='ltr'>ex</span> <span class='ocrx_word' id='word_1_462' title='bbox 774 4419 845 4461; x_wconf 90' lang='lat' dir='ltr'>area</span> <span class='ocrx_word' id='word_1_463' title='bbox 872 4399 960 4461; x_wconf 88' lang='lat' dir='ltr'>LHA</span> <span class='ocrx_word' id='word_1_464' title='bbox 992 4401 1038 4462; x_wconf 88' lang='lat' dir='ltr'>bis</span> <span class='ocrx_word' id='word_1_465' title='bbox 1070 4410 1186 4474; x_wconf 88' lang='lat' dir='ltr'>sumta,</span> <span class='ocrx_word' id='word_1_466' title='bbox 1217 4401 1309 4462; x_wconf 88' lang='lat' dir='ltr'>semel</span> <span class='ocrx_word' id='word_1_467' title='bbox 1341 4420 1395 4481; x_wconf 94' lang='lat' dir='ltr'>pro</span> <span class='ocrx_word' id='word_1_468' title='bbox 1427 4405 1635 4468; x_wconf 84' lang='lat' dir='ltr'>constitueada</span> 
     </span>
     <span class='ocr_line' id='line_1_47' title="bbox 296 4488 1633 4577; baseline -0.001 -21"><span class='ocrx_word' id='word_1_469' title='bbox 296 4494 474 4575; x_wconf 88' lang='lat' dir='ltr'>aequatione</span> <span class='ocrx_word' id='word_1_470' title='bbox 497 4490 720 4572; x_wconf 88' lang='lat' dir='ltr'>inaequalitatis</span> <span class='ocrx_word' id='word_1_471' title='bbox 743 4490 875 4563; x_wconf 88' lang='lat' dir='ltr'>solutae,</span> <span class='ocrx_word' id='word_1_472' title='bbox 898 4488 970 4549; x_wconf 91' lang='lat' dir='ltr'>item</span> <span class='ocrx_word' id='word_1_473' title='bbox 994 4508 1047 4568; x_wconf 93' lang='lat' dir='ltr'>pro</span> <span class='ocrx_word' id='word_1_474' title='bbox 1070 4490 1249 4569; x_wconf 88' lang='lat' dir='ltr'>aequatione</span> <span class='ocrx_word' id='word_1_475' title='bbox 1271 4500 1442 4552; x_wconf 87' lang='lat' dir='ltr'>menstmae</span> <span class='ocrx_word' id='word_1_476' title='bbox 1472 4493 1633 4577; x_wconf 85' lang='lat' dir='ltr'>inaequali-</span> 
     </span>
     <span class='ocr_line' id='line_1_48' title="bbox 296 4577 1634 4664; baseline 0.001 -20"><span class='ocrx_word' id='word_1_477' title='bbox 296 4585 388 4645; x_wconf 90' lang='lat' dir='ltr'>tatis:</span> <span class='ocrx_word' id='word_1_478' title='bbox 413 4581 482 4664; x_wconf 89' lang='lat' dir='ltr'>quia</span> <span class='ocrx_word' id='word_1_479' title='bbox 503 4578 556 4642; x_wconf 81' lang='lat' dir='ltr'>Bc</span> <span class='ocrx_word' id='word_1_480' title='bbox 580 4591 650 4641; x_wconf 89' lang='lat' dir='ltr'>tunc</span> <span class='ocrx_word' id='word_1_481' title='bbox 674 4577 848 4651; x_wconf 89' lang='lat' dir='ltr'>absumitur,</span> <span class='ocrx_word' id='word_1_482' title='bbox 873 4577 997 4639; x_wconf 89' lang='lat' dir='ltr'>redacta</span> <span class='ocrx_word' id='word_1_483' title='bbox 1020 4579 1048 4639; x_wconf 89' lang='lat' dir='ltr'>in</span> <span class='ocrx_word' id='word_1_484' title='bbox 1073 4589 1214 4658; x_wconf 89' lang='lat' dir='ltr'>punctum</span> <span class='ocrx_word' id='word_1_485' title='bbox 1238 4578 1279 4652; x_wconf 84' lang='lat' dir='ltr'>C,</span> <span class='ocrx_word' id='word_1_486' title='bbox 1302 4589 1335 4640; x_wconf 91' lang='lat' dir='ltr'>ut</span> <span class='ocrx_word' id='word_1_487' title='bbox 1358 4581 1399 4642; x_wconf 87' lang='lat' dir='ltr'>sit</span> <span class='ocrx_word' id='word_1_488' title='bbox 1422 4582 1634 4663; x_wconf 82' lang='lat' dir='ltr'>triangulorum</span> 
     </span>
     <span class='ocr_line' id='line_1_49' title="bbox 296 4665 1634 4752; baseline -0.002 -18"><span class='ocrx_word' id='word_1_489' title='bbox 296 4671 545 4752; x_wconf 89' lang='lat' dir='ltr'>aequatoriorum‚</span> <span class='ocrx_word' id='word_1_490' title='bbox 569 4669 655 4731; x_wconf 90' lang='lat' dir='ltr'>unius</span> <span class='ocrx_word' id='word_1_491' title='bbox 678 4686 732 4748; x_wconf 94' lang='lat' dir='ltr'>pro</span> <span class='ocrx_word' id='word_1_492' title='bbox 756 4665 869 4739; x_wconf 89' lang='lat' dir='ltr'>solnta,</span> <span class='ocrx_word' id='word_1_493' title='bbox 896 4667 1021 4729; x_wconf 89' lang='lat' dir='ltr'>alterius</span> <span class='ocrx_word' id='word_1_494' title='bbox 1043 4686 1098 4747; x_wconf 93' lang='lat' dir='ltr'>pro</span> <span class='ocrx_word' id='word_1_495' title='bbox 1121 4677 1275 4731; x_wconf 89' lang='lat' dir='ltr'>menstrua</span> <span class='ocrx_word' id='word_1_496' title='bbox 1304 4670 1502 4748; x_wconf 81' lang='lat' dir='ltr'>aequatione,</span> <span class='ocrx_word' id='word_1_497' title='bbox 1535 4673 1634 4735; x_wconf 83' lang='lat' dir='ltr'>eadem</span> 
     </span>
     <span class='ocr_line' id='line_1_50' title="bbox 296 4757 1632 4841; baseline 0 -20"><span class='ocrx_word' id='word_1_498' title='bbox 296 4759 378 4821; x_wconf 89' lang='lat' dir='ltr'>basis</span> <span class='ocrx_word' id='word_1_499' title='bbox 402 4760 470 4822; x_wconf 80' lang='lat' dir='ltr'>AL.</span> <span class='ocrx_word' id='word_1_500' title='bbox 516 4757 658 4820; x_wconf 85' lang='lat' dir='ltr'>Vicissim</span> <span class='ocrx_word' id='word_1_501' title='bbox 682 4775 739 4837; x_wconf 94' lang='lat' dir='ltr'>quo</span> <span class='ocrx_word' id='word_1_502' title='bbox 762 4774 863 4815; x_wconf 88' lang='lat' dir='ltr'>mense</span> <span class='ocrx_word' id='word_1_503' title='bbox 888 4757 1065 4818; x_wconf 90' lang='lat' dir='ltr'>centrnt</span> <span class='ocrx_word' id='word_1_504' title='bbox 1089 4758 1172 4819; x_wconf 90' lang='lat' dir='ltr'>venit</span> <span class='ocrx_word' id='word_1_505' title='bbox 1194 4758 1224 4819; x_wconf 93' lang='lat' dir='ltr'>in</span> <span class='ocrx_word' id='word_1_506' title='bbox 1246 4757 1388 4838; x_wconf 84' lang='lat' dir='ltr'>quadras,</span> <span class='ocrx_word' id='word_1_507' title='bbox 1413 4760 1454 4822; x_wconf 92' lang='lat' dir='ltr'>ibi</span> <span class='ocrx_word' id='word_1_508' title='bbox 1478 4762 1632 4841; x_wconf 82' lang='lat' dir='ltr'>perpendi·</span> 
     </span>
     <span class='ocr_line' id='line_1_51' title="bbox 296 4844 1632 4933; baseline 0.003 -24"><span class='ocrx_word' id='word_1_509' title='bbox 296 4847 406 4911; x_wconf 86' lang='lat' dir='ltr'>colaria</span> <span class='ocrx_word' id='word_1_510' title='bbox 429 4866 467 4909; x_wconf 87' lang='lat' dir='ltr'>ex</span> <span class='ocrx_word' id='word_1_511' title='bbox 489 4855 592 4909; x_wconf 87' lang='lat' dir='ltr'>centro</span> <span class='ocrx_word' id='word_1_512' title='bbox 616 4845 788 4910; x_wconf 75' lang='lat' dir='ltr'>carlittus</span> <span class='ocrx_word' id='word_1_513' title='bbox 812 4852 949 4906; x_wconf 79' lang='lat' dir='ltr'>centrum</span> <span class='ocrx_word' id='word_1_514' title='bbox 962 4844 1084 4919; x_wconf 77' lang='lat' dir='ltr'>Tenue,</span> <span class='ocrx_word' id='word_1_515' title='bbox 1108 4846 1208 4927; x_wconf 88' lang='lat' dir='ltr'>itaqua</span> <span class='ocrx_word' id='word_1_516' title='bbox 1221 4844 1272 4908; x_wconf 87' lang='lat' dir='ltr'>illo</span> <span class='ocrx_word' id='word_1_517' title='bbox 1290 4864 1394 4909; x_wconf 88' lang='lat' dir='ltr'>menae</span> <span class='ocrx_word' id='word_1_518' title='bbox 1416 4850 1483 4921; x_wconf 87' lang='lat' dir='ltr'>(vel</span> <span class='ocrx_word' id='word_1_519' title='bbox 1500 4851 1632 4933; x_wconf 74' lang='lat' dir='ltr'>quamdis</span> 
     </span>
    </p>
   </div>
   <div class='ocr_carea' id='block_1_5' title="bbox 0 0 1690 5534">
    <p class='ocr_par' dir='ltr' id='par_1_11' title="bbox 0 0 1690 5534">
     <span class='ocr_line' id='line_1_52' title="bbox 0 0 1690 5534; baseline 0 0"><span class='ocrx_word' id='word_1_520' title='bbox 0 0 1690 5534; x_wconf 95' lang='lat' dir='ltr'> </span> 
     </span>
    </p>
   </div>
  </div>
 </body>
</html>
