3368 5534
172 307 239 382 400
653 321 694 374 Da
711 323 819 374 Motibus
838 320 931 374 Stellas
947 321 1036 373 Martis

173 494 304 577 ellipses,
330 498 448 560 omnino
468 498 653 576 existimans,
678 503 782 565 mesic
802 503 890 582 longe
914 499 1150 564 diversissimam
1167 497 1413 561 alibratiouibus
1436 498 1518 580 sequi

173 584 364 667 hypothesin,
392 607 457 649 cam
484 589 571 669 plane
596 591 779 667 coincidant,
809 602 843 653 ut
866 591 965 672 eapite
989 597 1131 671 sequente
1160 587 1436 650 demonstrabitur:
1465 587 1517 649 nisi

171 674 260 755 quod,
283 694 360 756 quae
382 695 577 757 peccaveram
600 680 683 759 prius
706 682 736 742 in
760 681 909 754 methodo,
933 681 989 742 hac
1012 699 1046 740 ra
1062 679 1075 757 Ἰ
1114 752 1118 759 Ι
1152 680 1271 740 fuerunt
1292 677 1467 750 emendata,
1487 686 1517 738 et

169 764 272 843 Fpro
296 765 327 838 1,
354 765 401 826 ita
423 775 456 826 ut
484 765 599 836 debuit,
631 778 814 850 usurpatum.
859 766 1073 848 Argumentati
1095 794 1098 799 ·
1121 786 1190 828 mea
1216 765 1288 827 talis
1315 765 1389 842 fais,
1424 765 1517 847 qualis

51 856 58 871 ⁹
171 871 236 933 cap.
266 854 383 916 XLIX.
407 855 442 915 L.
467 863 499 916 et
524 856 607 918 LVI.
668 859 804 922 Circulus
838 878 904 938 cap.
933 857 1048 920 XLHl.
1084 865 1192 935 peccat
1225 872 1368 928 excessu,
1406 854 1518 935 ellipsis

170 961 236 1023 cap.
260 943 359 1004 XLV.
384 952 491 1022 peccat
514 945 642 1007 defectu.
681 948 722 1009 Et
747 955 816 1010 sunt
839 967 981 1009 excessus
1005 946 1056 1006 ille
1080 953 1110 1006 et
1134 945 1182 1006 hic
1206 944 1342 1005 defectus
1367 943 1517 1025 aequales.

170 1030 254 1091 Inter
277 1031 418 1093 circulum
441 1052 512 1094 vero
537 1041 568 1095 et
590 1035 711 1116 ellipsin
734 1037 806 1098 nihil
829 1037 950 1110 mediat,
976 1035 1033 1096 nisi
1053 1035 1169 1113 ellipsis
1193 1033 1263 1095 alis.
1301 1032 1384 1111 Ergo
1404 1031 1518 1112 ellipsis

170 1124 219 1180 est
239 1118 378 1200 planetae
403 1122 475 1195 iter;
507 1131 539 1183 et
566 1122 668 1186 lunula
699 1126 926 1187 asemicirculo
957 1132 1076 1186 resecta
1105 1124 1198 1184 habet
1228 1120 1385 1183 dimidiam
1414 1121 1519 1202 prioris

169 1207 367 1281 latitudinem,
391 1211 508 1272 scilicet
531 1207 605 1274 429.
667 1260 671 1269 ,

257 1295 373 1370 Quodsi
397 1299 454 1360 iter
481 1300 622 1379 planetae
650 1311 733 1364 esset
763 1301 893 1383 ellipsis,
927 1301 1004 1363 satis
1031 1300 1145 1381 patuit,
1177 1318 1235 1360 nou
1265 1317 1358 1379 posse
1382 1298 1519 1379 Iprol'

168 1387 323 1466 usurpari:
355 1387 434 1468 quia,
466 1389 491 1448 si
521 1389 577 1451 hoo
610 1391 660 1464 fit,
693 1392 751 1453 iter
782 1393 923 1469 planetae
958 1384 1281 1471 bnccoaumauffitlr.
1322 1366 1412 1453 M
1440 1387 1519 1450 aaa

169 1474 298 1558 auquls's
328 1474 425 1551 GBD,
448 1477 537 1539 ΗΑΚ
571 1479 719 1561 aequales
747 1481 839 1561 iufra
869 1479 961 1553 QBP,
975 1478 1093 1542 ··SAR:
1125 1485 1154 1541 et
1183 1476 1340 1565 ceatroR
1362 1477 1518 1540 scribatur

167 1584 296 1627 rurscam
328 1565 486 1648 epiaystas
514 1568 566 1629 PT
595 1570 701 1651 puori
731 1569 892 1651 aequalis:
924 1577 953 1631 et
984 1588 1023 1630 ea
1052 1569 1085 1639 P,
1118 1569 1254 1630 sectioue
1285 1563 1423 1649 spissat
1452 1586 1518 1628 aaa

166 1656 352 1728 eceeatriso,
382 1655 663 1739 perpendiculares
689 1660 725 1721 ia
746 1658 812 1732 BQ,
837 1658 896 1720 AR
926 1657 1044 1720 cadant
1065 1657 1131 1729 PV,
1155 1656 1231 1718 PM:
1265 1663 1296 1719 et
1317 1661 1517 1733 metam

168 1743 194 1804 Ρ
219 1763 289 1806 cum
311 1745 348 1816 Β,
371 1753 399 1806 et
423 1754 526 1808 aeuus
550 1749 589 1818 A,
618 1748 803 1810 diastemate
827 1749 899 1819 AM,
927 1767 1022 1810 arcels
1048 1746 1206 1808 scribatur
1228 1745 1307 1818 MN,
1329 1763 1444 1806 secans
1465 1738 1517 1804 PV

169 1833 205 1894 ia
230 1829 267 1905 Ο,
293 1832 343 1894 ΡΒ
366 1835 402 1895 ia
423 1836 461 1895 N.
508 1835 569 1898 Est
591 1839 688 1917 iqitor
710 1836 881 1920 aaaloqum
902 1836 1126 1918 superioribus,
1149 1842 1185 1897 ut
1206 1835 1236 1895 si
1252 1853 1315 1916 pro
1335 1834 1362 1893 F
1383 1852 1516 1914 usurpa·

170 1942 241 1984 m¹⁴8
264 1922 288 1994 1.
303 1922 376 2007 jam
394 1944 455 2005 pro
479 1921 506 1983 Ο
529 1944 717 2006 usurpemus
739 1928 778 2000 N,
798 1934 1002 2008 putemusque
1024 1925 1100 1998 AN,
1124 1930 1158 1985 ut
1180 1930 1225 1985 est
1250 1922 1337 2003 justa
1366 1921 1517 1984 aiam

168 2008 376 2092 louqs'tudiua
400 2014 447 2074 sic
469 2021 497 2074 et
519 2015 583 2075 situ
601 2004 721 2097 justam
738 2036 812 2077 esse.
851 2016 951 2095 Atqui
969 2021 1089 2094 puueta
1108 2013 1176 2085 I,N
1201 2019 1230 2073 et
1244 2008 1366 2073 similia
1389 2011 1517 2094 efficiant

167 2099 229 2162 iter
249 2099 398 2180 plauetae
421 2104 592 2164 lucrosum.
639 2106 727 2167 Nam
750 2103 897 2184 aequales
919 2110 993 2166 suast
1016 2121 1111 2164 arcus
1127 2099 1186 2163 GD
1203 2109 1231 2163 et
1246 2097 1311 2174 ΟΡ,
1335 2107 1366 2162 et
1381 2098 1449 2175 BD,
1467 2097 1516 2161 BP

167 2208 207 2252 eu
230 2191 387 2252 communi
418 2199 521 2253 centro
553 2191 666 2273 ejectae
695 2202 801 2256 seaaat
829 2200 981 2256 resectam
1009 2190 1161 2253 lassatam.
1208 2189 1307 2270 Atqui
1333 2187 1380 2250 DI
1402 2195 1433 2250 et
1455 2186 1515 2261 ΡΝ,

167 2277 354 2341 latitudines
375 2278 522 2353 lunulae,
549 2301 657 2343 uasta
680 2290 820 2346 smmum
850 2291 1011 2354 ealeasae,
1034 2287 1106 2342 suat
1127 2277 1328 2360 inaequales,
1363 2285 1393 2340 et
1413 2277 1516 2340 aanor

166 2366 221 2439 DI,
245 2369 349 2450 major
370 2368 435 2430 ΡΝ.
483 2368 561 2431 Oura
584 2373 667 2433 enim
689 2371 745 2432 En
769 2379 798 2433 et
819 2372 879 2433 MP
901 2373 965 2433 siat
987 2367 1143 2450 aequales,
1167 2376 1196 2431 et
1218 2367 1300 2439 EDI,
1317 2366 1408 2428 ΜΡΝ
1431 2366 1514 2437 reati,

165 2456 210 2518 EI
222 2475 293 2518 uero
317 2455 455 2521 circulus
475 2461 587 2540 major,
610 2467 715 2543 utpote
737 2459 878 2543 louqiore
900 2461 996 2523 radio
1017 2459 1084 2532 ΑΕ,
1109 2466 1137 2520 et
1157 2458 1219 2520 MN
1243 2453 1384 2519 circulus
1404 2456 1515 2525 minos

166 2552 273 2628 utpote
302 2546 440 2608 &miore
471 2548 566 2610 radio
589 2548 670 2610 AM:
705 2552 830 2612 cumino
862 2552 964 2635 mayor
986 2550 1046 2610 erit
1068 2547 1132 2621 ΡΝ,
1160 2548 1265 2609 minor
1286 2545 1340 2606 DL
1387 2542 1515 2607 Bes‘lt'or

167 2641 213 2697 est
235 2634 334 2717 iqitur
364 2643 485 2697 resecta
513 2636 630 2699 lunula.
653 2640 800 2721 superius
823 2638 910 2722 apud
932 2639 970 2711 D,
994 2637 1092 2700 latior
1122 2636 1260 2718 inferius
1281 2632 1373 2717 apud
1394 2632 1432 2694 Ρ.
1477 2633 1516 2694 Al

100 2724 103 2729 ’
166 2725 202 2786 iu
224 2720 332 2808 ellipsi
352 2722 464 2789 trulla
486 2726 564 2789 haee
587 2726 731 2809 aequalis
753 2736 798 2790 est
825 2727 1008 2791 latitudiuis
1030 2729 1064 2789 s'a
1085 2726 1216 2808 paucas
1246 2719 1424 2804 aequaliter
1446 2717 1513 2783 αθ

165 2820 196 2875 et
224 2808 254 2883 Q
284 2812 449 2898 opsidibus
476 2818 614 2878 raucas.
670 2816 761 2877 Patet
788 2818 894 2896 igitur,
923 2816 1001 2877 viam
1029 2816 1190 2876 buccosam
1218 2831 1302 2884 essm
1338 2829 1398 2873 nou
1428 2809 1513 2890 igitur

166 2901 301 2983 ellipsin,
334 2921 370 2964 ac
393 2922 459 2966 cam
482 2905 597 2983 ellipsis
622 2905 768 2986 praebeat
785 2906 887 2984 justas
912 2904 1116 2984 aequationes,
1140 2903 1218 2964 hanc
1241 2901 1334 2980 igitur
1357 2901 1513 2962 bucaosau

163 2991 228 3072 jure
259 2990 387 3071 injustas
417 2993 570 3072 praebere.
623 2994 688 3056 Nec
717 3003 782 3056 erat
812 3014 903 3073 opus,
939 2992 1133 3075 aequationes
1167 3010 1205 3053 ex
1238 2989 1337 3071 ellipsi
1370 2989 1407 3050 de
1440 3006 1512 3051 noro

165 3088 348 3159 computare.
404 3081 542 3144 Sciebam
576 3082 654 3145 ultro
687 3084 819 3145 iacturas
853 3083 991 3144 officium.
1048 3081 1096 3143 De
1124 3078 1278 3142 distantiis
1309 3077 1512 3140 tantummodo

165 3168 313 3231 sollicitus
337 3190 428 3242 eram,
452 3192 487 3232 ne
513 3173 591 3233 forto
615 3192 652 3232 ex
672 3173 770 3253 ellipsi
795 3173 949 3233 desumtae
974 3170 1126 3251 negotium
1150 3169 1219 3231 mihi
1239 3168 1438 3231 lacesserent.
1473 3167 1513 3228 At

165 3258 300 3338 quamvis
325 3259 380 3320 hoo
404 3261 562 3335 accideret,
588 3270 725 3340 paratum
751 3270 816 3322 erat
839 3261 909 3323 mihi
934 3261 1098 3333 latibulum,
1123 3256 1304 3320 incertitudo
1327 3253 1396 3319 200
1418 3255 1510 3338 parti·

166 3347 297 3409 cularum
329 3348 358 3409 in
393 3349 556 3412 distantiis.
610 3353 715 3430 ltaque
749 3371 785 3411 ne
816 3350 863 3411 hic
897 3350 1014 3429 quidem
1047 3347 1135 3410 valde
1168 3346 1264 3409 haesi.
1311 3346 1413 3409 Multo
1446 3362 1510 3407 vero

165 3437 311 3498 maximus
335 3447 401 3499 erat
424 3441 594 3518 scrupulus,
620 3440 697 3519 quod
721 3458 795 3518 pene
824 3459 916 3518 usque
941 3440 978 3500 ad
1007 3438 1154 3500 insaniam
1178 3436 1375 3498 considerans
1398 3444 1433 3496 st
1455 3434 1509 3496 cir·

165 3525 361 3605 cumspiciens
384 3528 515 3588 invenire
539 3547 597 3588 non
621 3536 765 3607 poteram,
791 3547 841 3589 cur
864 3530 994 3608 planeta,
1021 3529 1066 3590 cni
1090 3536 1177 3588 tanta
1196 3543 1261 3587 cnm
1285 3524 1507 3604 probabilitate,

166 3624 250 3676 tanto
283 3634 429 3678 consensu
465 3617 689 3679 observaturum
723 3618 951 3690 distantiarum,
983 3617 1101 3681 libratio
1133 3615 1186 3677 LE
1217 3615 1246 3675 in
1280 3613 1429 3676 diametro
1459 3611 1508 3675 LK

164 3702 360 3773 tribuebatur,
384 3707 484 3784 potius
498 3706 541 3767 ire
561 3706 653 3766 vellet
676 3706 838 3787 ellipticam
854 3707 942 3780 viam,
968 3704 1196 3785 aequationibus
1221 3703 1380 3766 indicibus.
1414 3700 1509 3765 Orus

164 3792 340 3854 ridiculum!
365 3794 487 3874 perinde
512 3794 597 3874 quasi
622 3794 739 3856 libratio
764 3796 792 3856 in
810 3796 955 3857 diametro
978 3815 1035 3856 non
1061 3791 1158 3876 possit
1176 3811 1243 3852 esse
1259 3791 1309 3853 via
1323 3793 1364 3853 ad
1384 3791 1507 3874 ellipsin.

163 3884 269 3961 Itaque
293 3900 350 3942 non
379 3901 473 3961 parvo
502 3883 573 3945 mihi
601 3885 738 3946 constitit
761 3885 821 3945 ista
849 3885 973 3959 notitia,
1002 3885 1094 3964 juxta
1124 3880 1313 3944 librationem
1345 3881 1507 3945 consistam

164 3969 293 4050 ellipsin,
317 3980 351 4031 ut
369 3974 503 4053 sequenti
524 3972 623 4052 capite
647 3982 804 4052 patescet:
831 3974 877 4033 ubi
894 3974 979 4035 simul
995 3974 1086 4035 etiam
1108 3970 1376 4043 demonstrabitur,
1400 3970 1506 4033 nullu

162 4059 303 4140 planetae
327 4061 452 4141 relinqui
476 4063 600 4141 liguram
629 4063 744 4124 orbitae
772 4071 982 4143 praeterquam
1010 4062 1142 4143 perfecte
1171 4058 1357 4138 ellipticam
1389 4057 1504 4139 coaspi-

163 4149 299 4211 rantibus
329 4150 494 4212 rationibus
519 4172 538 4212 a
560 4151 712 4231 principiis
743 4152 875 4232 physicis
909 4151 1054 4212 derivatis
1084 4169 1150 4211 cum
1184 4149 1374 4230 experientia
1405 4149 1503 4211 obser·

162 4239 315 4300 vationum
338 4247 369 4300 et
391 4239 596 4321 hypotheseos
620 4241 750 4302 vicariae
774 4241 829 4301 hoc
854 4241 952 4321 capite
977 4241 1118 4321 allegata.
1133 4233 1177 4309 ⁹²)
