3368 5534
644 317 684 372 De
701 315 809 371 Motibus
828 318 922 372 Stellae
940 316 1029 371 Martia

669 551 790 651 Caput
814 549 1000 628 XXXIII.

309 713 472 788 Virtutem,
496 731 577 796 quac
595 709 743 796 planetas
764 721 869 788 movet,
894 713 1036 777 residere
1056 712 1093 776 ira
1115 731 1246 796 corpore
1268 712 1367 780 Solea.
1463 802 1475 818 ·

250 855 326 920 Cum
341 873 413 936 ergq
428 852 666 916 demonstratum
687 853 728 916 sit
743 854 841 934 capite
866 853 1022 934 superiori,
1046 872 1147 916 moras
1162 854 1303 935 planetae
1327 857 1359 919 in
1375 857 1514 940 aequali·

160 947 217 1012 bus
239 944 376 1027 partibus
405 943 508 1006 circuli
532 943 692 1005 ecceutrici
715 943 795 1016 (sive
824 943 854 1015 iu
878 943 1053 1025 aequalibus
1086 943 1195 1023 spatiis
1223 964 1315 1008 aurae
1338 946 1514 1020 aethereae)

163 1054 231 1098 esse
249 1035 279 1096 iu
303 1033 496 1115 proportione
521 1052 572 1106 ea,
606 1033 718 1114 inqua
742 1033 874 1093 suntad
904 1032 1031 1094 invicem
1056 1032 1218 1096 eomudem
1251 1037 1419 1115 spatiorum
1443 1035 1514 1097 abs-

161 1143 267 1188 cessus
290 1143 309 1183 a
331 1129 452 1203 puncto,
476 1122 553 1183 unde
577 1127 766 1203 computatur
782 1121 1007 1196 eccentricitas;
1032 1139 1086 1182 seu
1110 1121 1291 1202 simplicius:
1316 1145 1376 1207 quo
1399 1125 1515 1203 lougius

162 1214 249 1277 abest
271 1213 393 1293 planeta
416 1232 435 1273 a
456 1218 566 1291 puncto
591 1210 654 1285 illo,
678 1210 756 1291 quod
780 1228 834 1288 pro
859 1219 962 1272 centro
985 1209 1087 1272 mundi
1109 1211 1283 1288 assumitur,
1306 1214 1364 1277 hoc
1388 1213 1516 1278 debilius

163 1303 248 1367 illum
271 1300 391 1362 incitari
415 1300 496 1362 circa
518 1299 594 1361 illud
616 1307 776 1380 punctum:
811 1299 1016 1361 necessarium
1038 1306 1087 1360 est
1109 1297 1217 1379 igitur,
1249 1309 1284 1363 ut
1305 1322 1400 1366 causa
1428 1302 1517 1384 hujus

163 1390 382 1454 debilitationis
406 1388 480 1451 insit
502 1396 554 1450 aut
576 1389 606 1450 iu
630 1388 697 1468 ipso
720 1389 861 1470 planetae
886 1407 1010 1469 corpore
1033 1387 1119 1469 eique
1142 1387 1235 1451 insita
1256 1389 1287 1451 m‘
1306 1391 1444 1468 motrice,
1468 1399 1518 1453 aut

163 1480 283 1560 inipso
308 1486 448 1558 suscepto
472 1477 573 1539 mundi
597 1486 711 1540 centro.

250 1570 310 1632 Est
333 1568 478 1650 siquidem
502 1566 733 1628 usitatissimum
756 1565 875 1626 axioma
903 1583 957 1645 per
980 1565 1151 1631 universam
1173 1566 1400 1651 philosophiam
1428 1579 1515 1631 natu·

164 1660 276 1724 ralem:
310 1675 449 1731 eorum,
474 1675 568 1738 quae
593 1655 706 1716 simul
731 1656 918 1716 eteodem
941 1654 1048 1715 modo
1072 1655 1175 1720 fiunt
1197 1666 1234 1719 et
1256 1659 1408 1722 easdem
1439 1659 1515 1721 ubi·

164 1769 234 1832 que
251 1747 511 1809 dimensiones
535 1745 743 1823 accipiunt,
759 1743 920 1805 alterum
944 1743 1105 1807 alterius
1124 1766 1275 1809 causam
1291 1757 1358 1810 aut
1381 1757 1515 1811 utrum-

164 1858 229 1921 que
253 1836 420 1917 ejusdem
444 1853 582 1896 causae
607 1833 787 1894 eflectum
810 1851 911 1907 esse;
936 1840 970 1893 ut
991 1832 1040 1894 hic
1064 1833 1192 1897 intentio
1207 1843 1238 1897 et
1260 1837 1400 1900 remissio
1419 1848 1515 1900 motus

164 1947 231 1990 cum
254 1944 379 1988 accessu
408 1931 440 1984 et
462 1924 583 1985 recessu
606 1943 625 1983 a
647 1930 751 1983 centro
782 1921 884 1983 mundi
912 1922 941 1982 iu
969 1926 1163 2002 proportione
1190 1934 1335 2006 perpetuo
1367 1926 1516 1988 coincidit

164 2016 267 2089 Quare
290 2014 338 2076 vel
363 2012 532 2075 debilitatio
557 2011 617 2073 ista
640 2011 699 2072 erit
721 2029 813 2072 causa
828 2009 1024 2072 discessionis
1049 2012 1156 2076 sideris
1174 2024 1309 2078 aceutro
1332 2016 1448 2091 muudi,
1472 2014 1516 2075 rel

164 2105 314 2169 discessio
327 2101 554 2175 debilitationis,
579 2101 627 2162 vel
651 2100 804 2181 utriusque
821 2099 885 2160 ¹erit
907 2098 1008 2179 aliqua
1031 2119 1123 2164 causa
1146 2105 1320 2166 communis.
1354 2104 1402 2168 At
1424 2122 1516 2185 neque

109 2246 112 2253 .
165 2193 284 2276 opinari
300 2191 458 2275 quisquam
481 2197 593 2271 potest,
618 2189 739 2251 tertium
763 2187 874 2269 aliquid
890 2206 1075 2266 concurrere,
1100 2191 1178 2273 quod
1195 2193 1311 2256 duobus
1334 2193 1420 2256 hisce
1436 2212 1516 2256 com·

165 2283 264 2348 muuis
280 2301 373 2345 causa
397 2281 453 2356 sit3
479 2288 510 2341 et
532 2279 562 2340 in
587 2277 780 2359 sequentibus
796 2277 946 2357 capitibus
968 2279 1095 2361 patebit,
1119 2300 1178 2343 uon
1197 2301 1265 2345 esse
1284 2282 1372 2346 nobis
1396 2300 1517 2345 necesse

165 2374 230 2437 tale
253 2371 406 2454 quippiam
429 2370 608 2448 confingere,
633 2387 699 2429 curu
723 2367 870 2428 sufficiant
894 2365 952 2427 duo
976 2366 1036 2429 ista
1059 2370 1116 2432 sibi
1141 2370 1224 2451 ipsis.

254 2463 349 2525 Porro
373 2477 468 2540 neque
492 2467 540 2518 cst
562 2465 687 2519 naturas
711 2463 953 2530 consentaneum,
978 2457 1184 2521 fortitudinem
1208 2461 1257 2522 vel
1280 2458 1471 2523 debilitatem
1492 2460 1518 2522 iu

167 2560 250 2616 motu
272 2546 470 2628 longitudinis
493 2565 561 2608 esse
576 2564 698 2607 causam
715 2543 879 2606 distantiae
902 2565 921 2605 a
943 2553 1055 2609 centro.
1093 2549 1250 2612 Distantia
1272 2551 1351 2612 enim
1375 2569 1395 2611 a
1418 2558 1519 2612 centro

166 2644 249 2726 prior
272 2645 321 2701 est
342 2635 526 2717 cogitatione
549 2644 581 2697 et
603 2643 712 2696 natura
734 2653 823 2714 quam
845 2640 944 2695 motus
967 2635 996 2696 iu
1020 2636 1151 2717 longum.
1197 2637 1346 2721 Equidem
1368 2648 1471 2702 motus
1493 2638 1519 2700 iu

167 2733 289 2812 longum
312 2744 461 2808 uunquam
486 2731 535 2786 est
556 2725 633 2786 citra
655 2723 832 2785 distantiam
856 2742 875 2783 a
897 2731 1018 2800 centro,
1051 2745 1117 2789 cum
1147 2729 1281 2809 requirat
1308 2727 1461 2809 spatium,
1492 2727 1519 2789 in

168 2840 226 2903 quo
250 2817 439 2881 conficiatur:
473 2813 620 2876 distantia
647 2831 719 2874 vero
747 2832 766 2874 a
795 2819 898 2873 centro
927 2812 1005 2874 citra
1033 2824 1146 2878 motum
1177 2817 1249 2899 fingi
1280 2826 1393 2899 potest
1440 2818 1520 2897 Ergo

169 2907 325 2973 distantia·
340 2907 397 2968 erit
415 2923 508 2966 eausa
531 2902 644 2982 ulgoris
670 2902 700 2963 iu
723 2908 819 2975 motu,
852 2908 883 2961 et
905 2902 1001 2982 major
1030 2905 1183 2987 minorque
1214 2906 1361 2969 distantia
1402 2906 1524 2988 majoris

170 2997 353 3077 miuorisque
382 3013 492 3057 morae.
538 2992 670 3054 Etcum
693 2990 838 3052 distantia
867 2990 907 3051 sit
937 3009 974 3052 ex
1003 2993 1164 3057 relatorum
1188 3015 1315 3078 genere,
1348 2995 1436 3077 eujus
1461 3013 1524 3057 esse

170 3087 278 3152 recidit
308 3085 339 3147 iu
368 3083 527 3155 terminos,
560 3080 716 3142 relationis
741 3097 810 3141 vero
838 3097 892 3158 per
916 3098 983 3141 sese
1007 3082 1100 3154 (citra
1123 3086 1317 3148 terminorum
1340 3086 1524 3165 respectum)

169 3184 300 3260 nequeat
322 3192 391 3236 esse
414 3173 478 3234 ulla
500 3169 674 3232 efficientia:
707 3167 841 3249 sequitur
864 3167 970 3247 igitur,
996 3173 1075 3251 quod
1099 3172 1296 3250 dictumest,
1327 3174 1357 3236 iu
1381 3174 1524 3237 alterutro

170 3266 364 3331 terminorum
385 3263 511 3324 haerere
534 3277 657 3321 causam
680 3257 835 3319 variantis,
852 3257 964 3336 vigoris
987 3259 1017 3320 iu
1042 3270 1133 3324 motu.

261 3354 380 3434 Corpus
394 3369 465 3412 vero
480 3349 621 3430 planetae
645 3365 677 3407 se
698 3346 762 3427 ipso
779 3364 874 3426 neque
889 3347 1012 3425 gravius
1026 3349 1163 3414 discessu
1187 3370 1280 3432 neque
1295 3350 1395 3413 levius
1414 3370 1524 3433 appro-

172 3442 344 3529 pinquando
360 3441 493 3502 efficitur.
532 3436 703 3500 Animalem
719 3453 833 3516 quoque
849 3434 919 3508 vim,
944 3456 1019 3517 quae
1035 3450 1147 3502 motum
1164 3441 1255 3502 sideri
1280 3439 1400 3514 inferat,
1418 3441 1526 3502 sedeu-

172 3544 235 3597 tem
258 3532 288 3593 iu
312 3530 414 3593 mobili
437 3528 580 3610 planetae
604 3543 743 3604 corpore,
775 3524 867 3584 toties
890 3523 1003 3587 intendi
1027 3537 1058 3591 et
1080 3530 1193 3592 remitti
1217 3531 1294 3592 citra
1318 3528 1525 3609 fatigationem

173 3634 205 3686 et
228 3621 352 3694 senium,
376 3619 407 3679 id
430 3619 533 3679 forsan
548 3615 607 3677 erit
629 3613 790 3676 absurdum
805 3613 895 3673 dictu.
933 3615 1032 3691 Adde,
1056 3618 1135 3698 quod
1158 3617 1287 3697 intelligi
1311 3618 1426 3698 nequit,
1452 3638 1524 3700 quo·

175 3713 263 3779 modo
290 3710 337 3771 vis
367 3709 441 3770 haec
471 3704 610 3768 animalis
633 3722 742 3783 corpus
771 3721 855 3763 suum
886 3720 940 3781 per
973 3708 1071 3785 spatia
1094 3708 1195 3769 muudi
1225 3715 1428 3782 transvectet,
1463 3725 1525 3768 eum

175 3802 249 3866 nulli
277 3799 340 3863 sint
367 3797 455 3860 orbes
480 3794 584 3871 solidi,
617 3801 651 3855 ut
673 3791 776 3874 Tycho
800 3790 900 3852 Brahe
928 3792 1160 3859 demonstrarit:
1195 3796 1248 3858 sed
1280 3813 1377 3877 neque
1410 3796 1524 3858 alarum

175 3901 229 3955 aut
250 3888 358 3972 pedum
381 3884 562 3948 adminicula
584 3881 835 3946 adsint.rotuudo
859 3882 986 3962 corpori,
1011 3904 1134 3966 quorum
1156 3884 1320 3948 motatione
1344 3884 1447 3947 anima
1470 3885 1524 3946 hoc

177 3999 263 4045 suum
285 3995 394 4058 corpus
415 3995 471 4055 per
498 3993 602 4036 auram
625 3971 811 4041 aetheream,
844 3987 897 4030 ceu
921 3991 995 4034 ares
1017 3992 1071 4054 per
1094 3982 1209 4050 adrem,
1242 3973 1309 4035 uiso
1341 3974 1473 4057 quodqm
1496 3982 1525 4035 et

178 4067 350 4135 coutrauisu
374 4065 456 4128 illius
479 4083 569 4126 aurae
592 4066 787 4142 transportet.

266 4155 458 4237 Relinquitur
481 4153 586 4232 igitur,
615 4159 650 4214 ut
672 4167 765 4210 causa
786 4147 875 4227 hujus
900 4147 1115 4213 debilitationis
1138 4160 1170 4213 et
1192 4149 1372 4214 intensionis
1395 4152 1528 4215 resideat

179 4247 360 4313 iutermIno
383 4244 494 4318 altero,
526 4242 644 4305 scilicet
666 4240 696 4300 iu
718 4237 785 4318 ipso
809 4246 948 4318 suscepto
971 4240 1072 4302 mundi
1096 4250 1217 4318 centro,
1242 4264 1260 4304 a
1283 4258 1341 4320 quo
1365 4240 1527 4304 distantiae

179 4343 398 4420 computantur.

269 4420 386 4499 Quodsi
418 4423 519 4501 itaque
552 4417 704 4497 elongatio
735 4414 829 4476 centri
867 4415 969 4476 mundi
1000 4436 1023 4483 a
1050 4437 1176 4499 corpore
1214 4419 1355 4500 planetae
1392 4425 1530 4501 praestat

179 4520 321 4604 planetae
335 4511 521 4584 tarditatem,
537 4505 786 4590 appropinquatio
802 4504 1008 4583 velocitatemg
1029 4504 1098 4571 Inus
1118 4509 1218 4591 ita'que
1245 4507 1368 4570 sirtutis
1393 4507 1529 4571 motricis

182 4609 212 4672 iu
236 4608 291 4670 illo
313 4609 453 4682 suscepto
471 4598 572 4661 mundi
597 4603 699 4658 centro
723 4592 795 4655 insit
817 4613 940 4655 necesse
963 4602 1021 4658 est.
1058 4597 1123 4660 Hoc
1144 4597 1222 4659 enlm
1243 4597 1344 4678 posito
1369 4604 1402 4658 et
1425 4597 1529 4659 modus

183 4716 292 4761 causae
315 4692 440 4775 patebit
481 4685 679 4765 Intelligimus
694 4682 772 4743 euim
795 4683 873 4757 hinc,
896 4685 974 4765 quod
997 4685 1137 4765 planetae
1159 4704 1235 4767 pene
1259 4686 1376 4747 ratioue
1396 4695 1529 4748 staterae

184 4806 237 4849 seu
261 4782 357 4855 vectis
379 4787 565 4842 moveantur.
603 4775 681 4857 liam
706 4772 732 4833 si
754 4772 887 4851 planeta,
911 4793 968 4854 quo
992 4774 1150 4855 longiora
1172 4784 1284 4850 centro,
1309 4774 1365 4836 hoc
1381 4775 1529 4837 difficilius

185 4875 302 4957 (utique
325 4869 457 4944 tardius)
472 4887 492 4930 a
506 4862 600 4929 centri
615 4861 725 4924 vlrtutc
741 4867 893 4925 movetur:
918 4862 1055 4943 equidem
1077 4863 1201 4946 perinde
1216 4871 1265 4927 est
1287 4883 1323 4926 ac
1345 4862 1373 4926 ai
1389 4862 1528 4937 dicerem
