3368 5534
165 307 229 379 352
645 314 811 373 De.liotibur
830 282 924 368 sartae
940 315 1029 369 Martie

251 491 304 556 Sic
326 493 417 574 igitur
439 494 514 555 data
537 493 720 573 longitndine
742 494 799 559 DC
822 495 930 576 prioris
955 495 1129 570 schematis,
1154 512 1230 577 quae
1244 493 1432 574 respoudeat
1446 493 1515 555 dato

164 582 291 664 tempori
323 582 384 645 DG
415 590 447 644 et
479 583 642 645 distantiae
677 582 756 660 GA,
789 586 845 647 hoc
868 593 917 647 est
940 583 1012 661 CA,
1036 591 1157 665 oportet
1175 586 1239 665 jam
1263 585 1357 647 etiam
1381 583 1514 646 inuenire

82 666 86 677 '
165 673 305 754 angulum
329 672 415 736 GAD
439 672 604 734 anomaliae
629 683 824 754 coaequatae.
872 654 1078 762 Qenndctatur
1103 674 1128 738 Ο
1152 693 1218 736 cum
1240 673 1275 747 B,
1302 680 1334 734 et
1357 672 1516 735 continue-

164 772 214 824 tur
235 761 293 826 AO
316 762 346 823 in
369 761 413 836 Ε,
443 762 492 823 ubi
515 770 599 823 secet
622 762 780 839 circulum,
814 764 868 828 BC
892 783 963 826 vero
986 764 1015 825 iu
1039 765 1065 826 F
1087 764 1259 826 sectionem.
1306 762 1377 825 Nou
1402 761 1520 823 snll'ecit

165 853 256 932 igitur
292 834 369 912 scire
398 850 613 930 longitudinem
640 850 714 926 DC,
756 854 890 932 oportuit
918 854 1009 915 etiam
1040 852 1217 932 investigari
1250 852 1394 931 angulum
1426 849 1518 914 CBD.

44 978 48 991 ·
165 941 244 1006 Nam
269 939 338 1020 quia
361 936 417 1001 OD
441 939 559 1017 brevior
583 951 631 1002 est
654 960 741 1022 qnam
765 942 827 1016 FD,
854 962 911 1005 non
936 942 1058 1004 metitur
1081 941 1171 1021 igitur
1193 939 1248 1005 CD
1265 940 1410 1020 angulum
1428 939 1519 1012 FBD,

165 1031 223 1094 hoc
247 1038 296 1091 est
319 1028 412 1092 CBD.
458 1026 500 1089 Et
523 1029 671 1098 vicissim,
702 1032 760 1092 etsi
790 1031 845 1095 OD
875 1032 993 1094 brevior
1017 1039 1065 1092 est
1088 1050 1177 1112 quam
1201 1029 1271 1104 BD,
1305 1036 1398 1091 tauta
1421 1038 1519 1090 nmen

166 1138 204 1181 ex
226 1119 251 1180 B
276 1127 420 1199 apparet,
453 1117 478 1178 si
501 1119 596 1197 fingas
621 1121 736 1181 oculum
760 1121 788 1182 in
814 1122 856 1194 B,
894 1130 1008 1203 quanta
1030 1120 1084 1182 FD
1107 1121 1235 1182 metiens
1259 1119 1403 1198 angulum
1426 1116 1519 1180 CBD.

165 1209 208 1271 Et
230 1207 300 1289 qnia
323 1207 499 1281 (secuudum
524 1209 732 1270 demonstrata
755 1229 820 1290 cap.
836 1208 990 1284 XXXII.)
1009 1217 1174 1293 verumest
1189 1209 1226 1272 ad
1243 1227 1361 1270 omnem
1378 1225 1520 1270 sensuum

166 1298 373 1370 subtilitatem,
398 1298 476 1378 qnod
499 1304 612 1378 quanto
637 1319 656 1359 a
678 1299 704 1360 B
727 1300 870 1361 remotior
893 1308 941 1361 est
963 1300 1017 1361 ΡΙ)
1041 1298 1210 1378 quam-'OD
1234 1306 1321 1360 tauto
1344 1304 1378 1358 et
1402 1295 1520 1376 longior

166 1388 207 1471 sit
229 1386 283 1449 FD
305 1404 394 1467 qnam
418 1384 489 1460 CD;
514 1386 584 1467 quia
606 1387 697 1448 etiam
720 1407 822 1450 verum
846 1397 902 1463 est,
927 1390 965 1451 ad
990 1389 1115 1450 eandem
1138 1405 1278 1449 sensnum
1301 1386 1452 1467 hujusque
1467 1403 1518 1446 ue-

166 1474 240 1557 'g'otii
266 1475 464 1555 quantumvis
497 1476 702 1538 acutissimam
726 1478 944 1553 subtilitatem,
982 1476 1060 1557 qnod
1085 1475 1139 1540 OE
1162 1485 1194 1538 et
1216 1474 1355 1543 crant
1378 1474 1518 1555 aequales

168 1564 299 1644 (longior
335 1564 455 1646 quidem
488 1565 517 1626 in
546 1565 589 1626 rei
621 1567 750 1627 veritate
784 1576 831 1628 est
854 1565 908 1629 GE
931 1587 1020 1648 quam
1044 1564 1096 1629 OF
1127 1585 1166 1629 eu
1194 1573 1299 1627 centro
1320 1563 1447 1625 veniens
1471 1582 1519 1644 per

167 1655 252 1717 Encl.
276 1654 332 1726 Ill,
359 1655 409 1728 7):
435 1672 504 1733 ergo
528 1654 613 1733 posui
637 1655 742 1734 primo,
767 1657 845 1736 quod
870 1653 925 1718 OD
948 1665 979 1718 et
1001 1655 1056 1718 FD
1079 1654 1145 1719 sint¹
1162 1654 1315 1736 aequales,
1341 1661 1376 1714 et
1397 1661 1521 1732 utraque

168 1745 209 1805 sit
239 1761 379 1804 mensura
412 1743 511 1821 anguli
541 1741 638 1818 CBD,
669 1744 725 1805 boc
749 1753 798 1806 est
821 1744 902 1807 FBD
926 1746 1089 1819 ueletiam
1112 1744 1214 1818 EBD,
1246 1741 1331 1823 quasi
1356 1761 1448 1804 arcus
1471 1740 1520 1802 EF

168 1831 352 1895 insensibilis
389 1841 482 1892 esset.
538 1832 675 1894 Dabatur
705 1833 795 1912 igitur
828 1854 865 1895 an
909 1832 1073 1915 mauu
1105 1853 1143 1895 ex
1173 1832 1343 1912 cognitione
1373 1829 1443 1893 OD.
1488 1830 1520 1892 Iu

167 1921 318 2001 triangulo
341 1919 432 1999 igitur
453 1920 539 1983 ΕΒΑ
563 1940 600 1981 ex
623 1924 733 2005 angulo
755 1923 840 1985 EBA
864 1943 879 1984 e
917 1922 1064 1985 lateribus
1087 1922 1155 1996 ΕΒ,
1180 1923 1238 1985 BA
1262 1920 1400 2001 quaesivi
1425 1919 1521 1999 longi·

166 2011 300 2074 tudinem
323 2008 391 2081 AB,
414 2010 491 2072 unde
516 2010 652 2073 subtraxi
674 2009 734 2095 AO
750 2012 804 2099 pel
823 2010 886 2076 AG
910 2021 980 2089 ante
1000 2019 1213 2092 computatam,
1237 2006 1520 2090 relinquebaturque

168 2099 221 2164 ΟΕ
245 2100 292 2161 vel
317 2098 369 2163 OB
390 2098 640 2181 appropinquatio
665 2088 790 2163 stultns
813 2100 933 2181 termini
955 2102 992 2165 de
1017 2100 1072 2165 OD
1096 2101 1135 2163 ad
1158 2108 1292 2163 centrum
1313 2099 1352 2160 B.
1399 2097 1521 2160 Bisecto

168 2189 260 2270 igitur
284 2188 336 2253 GE
371 2182 456 2269 (uam
487 2189 543 2250 hoo
576 2191 632 2279 ad
647 2209 766 2265 sensum
790 2184 876 2265 licet)
900 2199 973 2253 nota
996 2189 1055 2263 inb
1075 2187 1324 2270 appropinquatio
1348 2186 1446 2267 ipsius
1472 2185 1522 2251 OD

169 2279 208 2341 ad
229 2280 267 2352 B,
291 2277 317 2340 si
341 2277 538 2358 aequabiliter
562 2274 697 2347 omuibus
720 2278 839 2360 punctis
856 2280 1139 2361 appropinquasset.
1172 2278 1220 2340 Ex
1234 2276 1522 2360 appropinquatione

167 2384 238 2430 vero
263 2373 295 2428 et
317 2366 482 2446 parallaxis
506 2367 607 2448 optica
631 2389 683 2431 sen
707 2369 836 2431 visibilis
860 2370 1014 2450 quantitas
1037 2369 1132 2448 ipsius
1156 2364 1213 2433 OD
1237 2367 1376 2442 dabatur,
1401 2365 1460 2427 boc
1479 2370 1524 2425 est

169 2456 308 2545 angui*
322 2454 404 2521 CBD
427 2456 491 2536 jam
515 2465 684 2532 correctus,
716 2459 763 2540 qui
787 2459 870 2540 prius
894 2458 1105 2523 assumebatur
1127 2458 1215 2537 paulo
1239 2455 1350 2531 minor,
1388 2453 1522 2516 uulloiu

168 2538 297 2608 numeris
332 2544 445 2606 nostris
479 2565 586 2608 errore.
642 2546 723 2610 Dato
755 2547 847 2628 igitur
873 2548 937 2628 jam
970 2553 1105 2609 correcto
1129 2546 1239 2627 angulo
1263 2542 1365 2618 CBD,
1397 2543 1457 2606 boc
1480 2548 1523 2605 est

168 2635 386 2725 complemento
410 2633 504 2716 ipsius
529 2636 621 2710 CBA,
647 2645 679 2698 et
702 2638 797 2700 latere
813 2635 868 2700 CA
892 2646 924 2699 et
947 2630 1260 2711 comminiscens,
1284 2633 1417 2695 dabatur
1431 2650 1523 2714 quao-

168 2720 409 2793 dts·'''u'uomalia
432 2733 598 2805 coaequata
621 2724 716 2790 OAD.

216 2808 322 2907 .·.,'Hoc
344 2822 435 2894 pacto
458 2832 516 2876 nou
540 2824 661 2894 poterat
683 2816 745 2877 nlla
768 2813 908 2897 aequatio
929 2810 1056 2879 aduraim
1081 2809 1233 2886 constitui,
1257 2817 1382 2890 praeter
1394 2811 1522 2891 primam

102 2848 413 3005 ghunomaliam
435 2903 565 2969 medium
590 2902 636 2967 1⁰.
689 2905 835 2987 Reliquae
864 2920 966 2965 omnes
991 2922 1084 2985 usqne
1108 2904 1147 2964 ad
1174 2898 1272 2965 180m
1293 2917 1523 2980 praesuppone-

170 2988 244 3056 bant
266 3009 384 3073 semper
407 2993 631 3074 aequationem,
656 3014 732 3075 qnae
755 2993 889 3074 proxime
913 2991 1123 3069 antecederet,
1147 2990 1313 3070 cognitam.
1356 2988 1429 3052 Nou
1452 2996 1524 3069 puto

121 3116 136 3153 n
170 3101 346 3164 quemquam
379 3082 461 3156 iore,
503 3081 549 3145 cui
581 3083 656 3146 haec
687 3083 798 3163 legenti
826 3082 959 3145 taedium
987 3098 1026 3142 ex
1051 3081 1121 3162 ipsa
1150 3076 1280 3142 lectione
1300 3092 1363 3163 nou
1384 3078 1522 3160 obrepat

101 3230 106 3245 ,
169 3171 265 3254 Atqui
288 3171 428 3255 vellriuc
446 3171 563 3251 judicet
587 3173 690 3247 lector,
716 3178 859 3254 qnantum
882 3166 1089 3234 moledtiamm
1111 3164 1395 3253 hauserim-,tego
1412 3166 1538 3237 etarlv

169 3262 287 3325 culator
309 3265 408 3347 ms)
433 3260 482 3342 qui
505 3261 582 3323 banc
604 3262 778 3324 methodum
799 3279 854 3342 per
881 3256 962 3326 180⁰
984 3258 1152 3325 anomalia
1173 3266 1222 3323 ter
1244 3250 1447 3333 susubium,
1539 3268 1544 3283 '

169 3352 228 3414 ties
252 3344 369 3414 scilicet
391 3358 510 3413 mutata
529 3348 766 3415 eoceutuioitate.
1455 3263 1545 3498 ἓ

256 3441 303 3513 At
330 3440 460 3503 nondum
487 3440 662 3521 principium
684 3441 772 3522 hujus
796 3438 902 3501 calculi
926 3437 1097 3519 expeditum
1120 3444 1178 3499 est.
1224 3433 1297 3496 Dixi
1320 3432 1410 3508 enim,
1433 3450 1456 3514 p
1513 3488 1519 3511 Ι.

171 3529 295 3611 supponi
319 3528 469 3610 cognitam
493 3529 707 3609 longitudinem
731 3529 826 3592 oralia
850 3526 955 3593 totius.
996 3524 1084 3593 Unde
1112 3525 1203 3605 igitur
1221 3523 1296 3586 baec
1311 3516 1540 3603 cognoscin

170 3620 236 3700 Ego
260 3619 396 3700 quidem,
429 3618 481 3700 qui
508 3621 603 3683 semel
633 3621 663 3685 iu
687 3621 764 3683 banc
786 3616 1005 3683 inartbtautem
1026 3614 1200 3679 numerandi
1224 3613 1372 3677 rationem
1395 3612 1525 3675 descen·

171 3709 291 3778 doram,
324 3727 383 3771 uon
407 3707 574 3788 subterfugi
596 3709 681 3772 illam
703 3706 933 3772 inartificialiter
953 3722 1214 3788 praesuppouere,
1244 3709 1370 3782 totoque
1399 3696 1545 3783 negato,

171 3798 312 3860 absoluto
341 3798 457 3873 videre,
489 3816 527 3859 an
549 3799 579 3860 in
607 3795 682 3862 180·
713 3798 887 3881 operatione
909 3795 982 3875 nn'bi
1003 3794 1072 3876 plns
1095 3790 1206 3867 exiret,
1235 3810 1323 3873 qnam
1347 3786 1533 3872 apparenti!

171 3888 315 3968 graduum
343 3884 414 3961 180,
440 3906 477 3947 au
502 3906 572 3949 vero
595 3888 701 3951 miuus.
747 3886 827 3951 Num
849 3887 876 3949 ui
899 3884 988 3967 plane
1015 3878 1095 3949 180⁰
1117 3881 1272 3951 exivisset,
1295 3881 1408 3945 bouum
1431 3878 1525 3969 iutel-

171 3976 302 4056 ligebam
326 3976 539 4039 assumtionem
562 3977 657 4056 ipsius
680 3976 875 4057 longitudinis
899 3976 1011 4050 oralis3
1042 3973 1211 4037 sinautem
1234 3969 1347 4047 minua,
1381 3948 1526 4035 mind

168 4066 268 4147 justo;
292 4065 338 4127 siu
362 4065 440 4146 plus,
465 4066 618 4146 majorem.
1536 4014 1545 4107 l

261 4153 322 4217 Sed
352 4163 453 4216 tamen
482 4174 540 4218 non
565 4155 754 4218 destituimur
776 4152 1005 4216 manuductione
1032 4149 1158 4232 quadam
1178 4144 1363 4229 geometrica
1386 4144 1444 4208 ad:
1531 4226 1538 4241 Ι

173 4244 389 4323 conjiciendum
417 4245 453 4305 de
482 4246 578 4307 ovalis
616 4244 809 4325 longitudine.
855 4241 905 4303 Sit
932 4241 1009 4302 enim
1033 4249 1066 4302 nt
1089 4238 1145 4300 BD
1169 4239 1207 4299 ad
1231 4237 1308 4310 BA,
1339 4232 1465 4301 sicDA
1485 4234 1528 4301 d

171 4335 239 4408 ΒΗ,
265 4354 341 4415 quae
364 4354 384 4394 a
407 4334 434 4395 D
458 4353 562 4397 uersus
586 4336 611 4397 B
636 4335 825 4397 extendatur.
872 4330 954 4409 Ergo
985 4329 1055 4408 quia
1083 4328 1164 4406 (cap.
1193 4326 1328 4400 XLVI.)
1360 4325 1441 4407 quod
1471 4322 1529 4427 ιιὶι

172 4423 333 4487 latitudine
356 4423 475 4485 lunulae
499 4432 531 4485 et
553 4425 775 4487 semidiametro
800 4420 913 4491 circuli,
936 4418 1000 4482 fare
1024 4416 1149 4498 aequale
1173 4427 1222 4479 est
1244 4412 1392 4496 quadrato
1416 4432 1524 4495 accq-

173 4513 334 4577 tricitatis:
353 4531 443 4593 qnare
459 4514 557 4585 (Encl.
575 4515 629 4588 Vl,
651 4513 705 4585 17)
720 4510 931 4575 eccentricitas
948 4516 996 4573 est
1007 4507 1136 4569 medinm
1145 4504 1371 4587 proportionale
1381 4504 1463 4567 inter
1476 4504 1524 4567 lu·

173 4602 332 4666 titudinem
355 4603 474 4667 luuulae
498 4612 529 4663 et
552 4604 811 4666 semidiametrum.
859 4599 904 4661 At
926 4598 974 4660 hic
998 4597 1076 4661 idem
1100 4597 1134 4657 rit
1155 4612 1193 4656 ex
1216 4592 1432 4656 delineatiouis
1450 4594 1523 4675 lagu.

172 4690 255 4770 Ergo
277 4691 338 4753 ΒΗ
360 4699 409 4755 est
430 4691 558 4754 latitudo
582 4693 710 4755 lunulae.
749 4691 895 4755 Sumatur
917 4689 1009 4751 etiam
1032 4684 1183 4748 dimidium
1206 4684 1243 4746 de
1266 4683 1335 4758 HD,
1357 4690 1393 4746 ut
1415 4690 1524 4747 exus

175 4778 263 4843 datur
285 4800 304 4843 a
326 4782 354 4844 Β
376 4798 481 4843 uersus
504 4782 552 4857 D,
586 4782 683 4865 sitque
705 4783 763 4845 DI:
788 4790 821 4843 at
843 4786 946 4841 centro
969 4777 994 4851 I,
1020 4776 1200 4839 diastemate
1223 4774 1283 4848 ID,
1314 4770 1447 4839 circulus
1467 4770 1524 4836 ΒΚ

175 4868 337 4957 scribatur,
368 4877 496 4953 tangens
518 4872 717 4937 eccentricum
739 4872 768 4934 in
790 4866 830 4931 D.
877 4866 1034 4933 Scribatur
1057 4866 1159 4928 autem
1181 4871 1214 4927 et
1227 4870 1330 4927 centro
1342 4864 1381 4935 Β,
1405 4862 1522 4928 diutu-
