3368 5534
162 311 228 383 266
524 313 913 371 nemausensem-sua
948 313 1153 370 mannua

162 492 252 556 facile
273 493 382 576 possit,
405 512 473 558 cnm
495 493 720 562 observationes
741 503 904 579 usurpatae
926 514 985 558 non
1004 495 1140 560 incidant
1153 495 1185 560 in
1199 494 1323 580 apsidas
1337 501 1370 559 et
1383 501 1510 578 quartas

162 591 347 667 octavusque
368 591 544 667 temporum.

547 813 763 886 Conclusio,
782 816 963 881 secundae
992 816 1121 899 partie

251 942 408 1005 Hactenus
435 939 537 1023 itaque
566 942 707 1006 traducta
729 940 786 1004 luit
806 940 983 1024 hypothesis
1004 939 1120 1022 primae
1142 939 1351 1024 inaequalitati
1374 939 1513 1004 serviens

164 1029 209 1104 (in
223 1051 282 1112 qna
294 1029 414 1094 Braheo
424 1046 498 1115 ‘cnm
515 1029 682 1112 (lopemico
701 1031 855 1108 convenit3
878 1030 996 1113 utrique
1010 1047 1083 1093 vero
1097 1029 1233 1093 nonnihil
1247 1030 1279 1093 in
1293 1031 1391 1094 forma
1404 1030 1513 1093 aPto-

164 1121 279 1183 lemaeo
294 1120 490 1194 dissentiunt)
509 1140 528 1181 a
541 1120 637 1183 medio
653 1128 736 1184 motu
745 1119 838 1196 Solis,
856 1138 943 1202 quern
958 1136 1062 1182 omnes
1075 1125 1140 1182 tres
1153 1125 1293 1183 auctores
1310 1118 1516 1183 sdhr'buerunt

165 1209 205 1271 ad
227 1217 419 1290 apparentem
441 1217 554 1272 motum
577 1209 668 1273 Solis.
707 1209 823 1272 Deinde
846 1215 999 1273 ostensum
1021 1215 1080 1284 est,
1103 1207 1167 1270 sire
1185 1215 1380 1290 apparentem
1396 1216 1514 1271 motum

165 1298 249 1362 Solis
278 1306 311 1362 et
336 1297 518 1381 hypothesin
545 1317 612 1380 cap.
634 1298 722 1363 XVI.
750 1298 903 1361 inventam
930 1316 1103 1380 sequamur,
1141 1297 1206 1360 sive
1236 1298 1367 1361 medium
1397 1304 1515 1361 motum

166 1387 251 1451 Solis
279 1394 310 1451 ct
331 1387 512 1472 hypothesin
535 1406 600 1470 cap.
624 1389 711 1453 VIII.
736 1408 774 1450 ex
796 1387 985 1450 restitutione
1007 1385 1119 1449 Brahei
1140 1387 1346 1468 promam,
1372 1388 1514 1469 utrinqne

166 1475 250 1558 sequi
272 1477 369 1540 salsas
392 1476 555 1541 distantias
575 1477 716 1558 planetae
739 1498 758 1539 a
780 1483 883 1539 centro
902 1495 955 1539 seu
969 1473 1052 1540 Solis
1066 1474 1250 1557 (Gopsrnico
1264 1472 1445 1551 etBraheo)¹
1461 1494 1515 1538 scu

168 1565 270 1629 mundi
284 1567 498 1642 (Ptolemaeo).
531 1567 638 1649 ltaque
661 1586 736 1650 qnae
759 1566 842 1647 prius
858 1565 1121 1629 aedificaveramus
1137 1584 1175 1628 en
1188 1565 1358 1628 observatis
1372 1565 1513 1629 Brshea·

166 1655 224 1733 nis,
246 1655 397 1736 posteriue
420 1674 459 1717 ex
480 1655 551 1719 aliis
574 1656 706 1736 ejusdem
730 1655 898 1719 observatis
920 1672 1037 1719 rursum
1059 1653 1276 1718 destruximus:
1300 1655 1381 1737 quod
1403 1674 1514 1718 neces·

169 1742 251 1807 sario
273 1744 360 1808 uobis
383 1744 518 1827 contigit,
541 1745 710 1826 probabilia
731 1744 875 1810 nonnulla
897 1744 950 1807 sed
971 1760 1005 1807 re
1027 1759 1100 1808 vcra
1121 1744 1201 1807 ialsa
1224 1743 1409 1818 (imitatione
1430 1745 1515 1826 prio·

165 1853 232 1897 rum
254 1834 416 1909 artificum)
439 1833 561 1898 secutis.

256 1923 406 1988 Tantum
434 1923 577 2006 quidem
608 1943 739 2006 operae
768 1925 892 1987 datum
914 1928 974 1985 est
999 1920 1205 1984 imitatIoni
1237 1919 1319 1984 huic
1351 1922 1514 2001 priorum

55 2056 68 2085 .
168 2011 367 2090 artificum,
392 2033 460 2095 qua
483 2014 676 2078 secundam
696 2012 788 2078 hane
804 2011 1153 2079 Commentariorum
1167 2017 1309 2091 partem
1323 2010 1512 2074 concludo.
