3368 5534
166 321 230 389 lit
544 410 547 415 ¹
704 324 817 377 lmla
831 323 862 375 Τ.
879 324 971 377 arabat

249 500 383 576 Quarto,
408 501 435 562 ιι
456 501 501 563 ιιι
523 521 579 563 ιιι
601 502 718 578 veniat,
742 522 808 565 cum
830 519 954 565 numero
976 518 1121 565 annorum
1143 501 1224 565 iufra
1243 499 1289 567 20
1311 511 1517 585 excerpantur

166 588 304 652 similiter
332 589 365 662 l)
387 598 536 671 tempora,
560 599 592 651 et
613 592 763 654 addantur
786 591 968 672 temporibus
990 591 1149 672 prioribus.
1195 591 1233 666 2)
1255 594 1363 657 Motus
1387 594 1517 675 apogaei

166 687 197 741 et
224 680 354 741 addatur
381 680 512 761 epochae
540 680 703 760 superiori,
735 682 847 761 rejecto
875 681 991 762 integro
1019 681 1141 743 circulo.
1187 679 1225 756 3)
1248 683 1355 746 Motus
1383 684 1458 745 nodi
1485 693 1517 744 et

166 768 361 831 subtrahatur
391 769 430 830 ab
457 768 571 849 epocha
598 769 770 850 superiore,
803 780 837 832 ut
867 770 925 850 ipsi
958 771 1050 833 etiam
1080 771 1160 833 tituli
1188 771 1337 851 adscripti
1369 773 1515 845 indicant,

166 858 301 933 adscita,
326 857 352 918 si
376 875 450 937 opus
473 865 537 931 est,
560 857 677 937 integro
700 858 822 921 circulo.
1337 902 1343 913 ·

254 945 365 1019 Quinto
390 965 534 1009 summam
558 947 671 1008 dierum
694 949 806 1010 mensis
834 947 990 1028 completi,
1019 947 1141 1028 insuper
1163 948 1228 1010 dies
1251 957 1322 1010 tuos
1346 949 1515 1029 completos

164 1054 232 1098 cum
254 1035 336 1097 horis
358 1043 390 1097 et
412 1035 561 1137 scrupulis
584 1037 660 1097 adde
682 1037 869 1121 temporibus
884 1039 1030 1149 hacteuus
1046 1037 1184 1099 collectis
1199 1037 1274 1099 nihil
1296 1037 1434 1118 abjecto,
1459 1038 1515 1099 etsi

166 1125 316 1187 modulum
340 1123 427 1185 unius
450 1124 520 1185 anni
543 1134 694 1206 superent.

252 1213 347 1278 Sexto
373 1213 448 1275 haec
481 1232 596 1275 summa
628 1223 794 1319 temporum
827 1221 1018 1296 comparatur
1044 1215 1083 1289 ad
1117 1214 1260 1279 tabellam
1291 1214 1514 1277 revolutionum

160 1303 358 1384 integrarum.
410 1304 489 1365 Nam
521 1302 598 1365 alias
630 1305 751 1385 propior
782 1303 841 1366 erit
871 1304 1007 1421 proxime
1038 1302 1144 1366 minori
1176 1322 1299 1368 numero
1331 1312 1515 1385 temporum,

166 1392 244 1455 alias
265 1392 400 1493 proxime
423 1391 539 1470 majori.

251 1480 299 1542 De
320 1480 416 1560 primo
440 1500 512 1542 casu
534 1480 626 1561 prius.
673 1481 752 1561 Ergo
776 1481 918 1543 subtrahe
942 1481 1020 1563 quod
1050 1489 1099 1542 est
1126 1480 1263 1560 proxime
1285 1482 1385 1544 minus
1410 1503 1432 1543 a
1455 1484 1515 1546 tuis

164 1571 358 1651 temporibus,
381 1577 493 1632 motum
508 1586 579 1632 vero
601 1570 728 1650 apogaei
746 1572 837 1650 juxta
859 1570 1002 1649 scriptum
1025 1571 1112 1643 adde,
1135 1579 1248 1632 motum
1271 1571 1344 1632 nodi
1368 1572 1515 1657 subtrahe

164 1682 183 1723 a
212 1659 432 1741 superioribus,
465 1667 498 1721 ut
525 1658 607 1739 prius
640 1659 731 1721 etiam
760 1661 881 1721 factum.
929 1658 1004 1722 Cum
1031 1659 1150 1721 residuo
1179 1660 1324 1741 temporis
1356 1662 1515 1743 ingredere

164 1749 297 1811 tabulam
321 1748 547 1830 inaequalitatis
569 1749 692 1828 primae.
738 1750 817 1811 Nam
840 1747 867 1809 si
895 1747 1045 1810 residuum
1074 1756 1158 1811 tuum
1179 1748 1315 1830 praecise
1339 1749 1517 1817 inveniatur

165 1839 221 1901 sub
243 1838 331 1899 titulo
355 1836 517 1917 temporis:
550 1839 628 1917 quod
653 1838 743 1917 juxta
774 1836 892 1907 invenis
914 1838 945 1899 iu
968 1837 1103 1917 margine
1127 1846 1175 1899 est
1197 1839 1338 1919 praecisa
1361 1840 1517 1905 anomalia

165 1934 333 2009 coaequata
355 1926 450 1987 centri
476 1927 611 2008 epicycli‚
635 1927 664 1988 in
688 1928 881 2008 sequentibus
901 1927 1017 1989 duabus
1040 1926 1183 1988 columnis
1207 1936 1305 1990 motus
1329 1933 1463 2011 apogaei
1486 1940 1516 1991 et

166 2017 248 2092 nodi,
279 2034 346 2077 cum
369 2016 474 2097 quibus
497 2035 553 2094 age
578 2017 739 2078 secuudum
761 2015 915 2078 titulorum
937 2015 1098 2118 requisita,
1126 2025 1160 2076 ut
1182 2026 1244 2079 tam
1269 2020 1399 2098 apogaei
1426 2038 1516 2101 quam

117 2100 120 2107 ’
165 2105 333 2168 anomaliae
356 2114 455 2166 motus
479 2105 608 2167 addatur
629 2106 723 2167 motui
747 2105 875 2194 apogaei
899 2106 1035 2186 superius
1058 2106 1199 2181 collecto,
1222 2115 1323 2168 motus
1347 2127 1422 2170 vero
1447 2108 1515 2170 nodi

165 2195 359 2258 subtrahatur
381 2193 474 2256 motui
496 2194 565 2255 nodi
590 2195 725 2274 superius
744 2195 880 2257 collecto.
918 2193 1065 2275 Scrupula
1088 2213 1158 2256 vero
1181 2214 1220 2256 ex
1243 2195 1352 2257 ultima
1374 2198 1516 2260 columna

164 2285 370 2347 adserventur.
417 2282 471 2347 Sin
495 2291 595 2346 antem
623 2284 775 2346 residuum
804 2293 887 2345 tuum
917 2285 1060 2364 temporis
1090 2302 1149 2345 nou
1171 2285 1306 2364 praecise
1331 2285 1513 2360 ιιιιειιιιιιι,

165 2393 221 2454 age
245 2383 279 2436 ut
302 2373 483 2447 sciotheri,
511 2372 793 2453 proportionaliter:
825 2370 962 2434 dividens
990 2374 1068 2454 quod
1097 2373 1153 2435 tibi
1176 2382 1226 2435 est
1247 2373 1411 2437 etiamnum
1437 2377 1514 2438 resi·

165 2465 255 2526 duum
277 2482 331 2543 per
354 2461 554 2525 differentiam
577 2463 720 2565 temporis
739 2463 829 2543 juxta
849 2462 1044 2542 adscriptam.
1055 2461 1090 2535 *)
1125 2463 1158 2523 ln
1181 2471 1263 2526 motu
1287 2482 1361 2525 rero
1384 2467 1514 2546 apogaei

165 2561 196 2615 et
225 2552 295 2614 nodi
325 2550 498 2614 aestimatio
526 2552 575 2613 vel
605 2553 668 2614 sine
697 2552 842 2615 divisione
869 2551 1023 2630 perfacilis
1045 2558 1104 2613 est
1148 2552 1227 2615 Nam
1255 2552 1385 2633 apogaei
1414 2564 1514 2616 motus

164 2641 335 2704 differentia
357 2660 507 2721 uunquam
531 2648 580 2703 est
602 2641 707 2721 major,
733 2661 820 2724 quam
845 2636 909 2703 34”
933 2639 1018 2712 (nodi
1043 2636 1132 2715 l,6“)
1155 2659 1304 2722 uunquam
1325 2642 1428 2705 minor
1451 2642 1513 2706 27¹¹

165 2731 248 2805 (nodi
276 2728 363 2804 13¹¹).

252 2821 287 2882 ln
311 2838 385 2881 casu
407 2818 585 2899 posteriore,
609 2825 698 2899 atque
722 2818 748 2879 si
772 2837 886 2881 summa
906 2826 1073 2898 temporum
1097 2816 1224 2880 collecta
1245 2818 1315 2897 plus
1339 2820 1493 2881 accedit
1485 2841 1513 2881 m

164 2882 268 2973 tabula
290 2907 509 2971 revolutionum
534 2908 572 2968 ad
594 2906 729 2988 proxime
759 2908 902 2987 majorem
925 2926 1071 2970 summam
1100 2906 1263 2986 temporis:
1294 2908 1443 2969 subtrahe
1467 2910 1512 2970 ιι·

164 3000 266 3062 cissim
290 3008 373 3060 tuam
397 3015 543 3060 summam
566 3017 585 3057 a
606 2997 741 3076 proxime
764 2997 883 3076 majori,
913 3016 978 3059 cum
1002 2996 1164 3077 adscriptis
1186 3014 1257 3057 vero
1279 2997 1412 3059 motibus
1438 3017 1512 3078 apo·

164 3089 233 3169 gaei
256 3098 288 3149 et
311 3087 380 3148 nodi
405 3105 460 3166 age
484 3095 517 3148 ut
539 3086 631 3166 prius.
677 3085 748 3147 Jam
770 3104 932 3147 varocum
956 3086 1075 3148 residuo
1097 3093 1168 3167 post
1190 3085 1442 3157 subtractionem,
1467 3087 1513 3148 ubi

164 3197 202 3240 ex
224 3179 329 3240 tabula
352 3175 579 3257 inaequalitatis
601 3177 716 3255 primae
740 3176 926 3255 excerpseris
954 3176 1133 3236 anomaliam
1155 3182 1369 3254 coaequatam,
1402 3185 1514 3238 ruotum

164 3269 289 3348 apogaei
314 3274 345 3327 et
368 3273 481 3327 motum
508 3264 599 3325 nodi:
631 3284 696 3326 cum
723 3264 772 3325 his
800 3264 981 3327 contrarium
1004 3264 1101 3326 titulis
1125 3263 1184 3324 erit
1207 3262 1387 3326 faciendum.
1437 3267 1514 3328 Nam

164 3358 234 3437 quia
255 3356 337 3437 prius
360 3356 428 3435 plus
451 3354 613 3416 addideras
641 3372 794 3435 apogaeo,
826 3354 894 3434 plus
923 3354 1115 3416 subtraxeras
1138 3352 1216 3415 nodo
1241 3371 1330 3433 quam
1354 3362 1410 3414 tua
1434 3366 1513 3416 tem·

163 3466 238 3528 pora
260 3445 407 3520 serebant,
426 3444 490 3524 jam
514 3442 648 3505 vicissim
671 3442 750 3523 quod
773 3443 893 3504 residuo
916 3451 967 3504 tuo
991 3443 1028 3503 de
1051 3441 1202 3503 anomalia
1225 3449 1256 3502 et
1279 3449 1361 3503 motu
1385 3445 1515 3547 apogaei

163 3537 307 3608 debetur,
336 3533 569 3596 subtrahendum
594 3551 744 3613 apogaeo,
775 3533 851 3612 quod
879 3533 916 3592 de
940 3540 1021 3595 motu
1044 3531 1124 3605 nodi,
1149 3531 1318 3592 addendum
1342 3532 1434 3592 uodo.
1482 3533 1514 3594 Si

164 3635 195 3687 te
218 3624 306 3727 hujus
330 3623 488 3685 varietatis
511 3624 625 3697 taedet,
650 3623 738 3684 facile
762 3631 792 3682 te
814 3621 954 3700 expedies
973 3621 1175 3700 duplicatione
1197 3620 1320 3681 tabulae
1343 3620 1514 3702 inaequali·

166 3715 240 3777 tatis
262 3714 391 3794 primae,
424 3720 457 3772 ut
487 3714 632 3793 procedat
660 3730 752 3792 usque
776 3711 815 3771 ad
838 3703 911 3773 360
958 3710 1092 3792 Utroque
1116 3728 1187 3771 vero
1211 3702 1284 3770 casu
1306 3709 1436 3789 colliges
1460 3712 1513 3772 hoc

163 3812 253 3907 pacto
277 3803 374 3864 locum
396 3820 499 3862 rerum
523 3802 619 3862 centri
643 3799 768 3882 epicycli
792 3808 824 3861 et
846 3817 947 3860 verum
979 3799 1075 3861 locum
1102 3798 1188 3872 nodi,
1218 3798 1315 3880 qualis
1340 3817 1411 3860 esse
1437 3802 1514 3862 solet

164 3894 194 3955 in
218 3893 274 3955 ecli
296 3892 389 3953 sibus.

252 3912 396 4063 siptimo.
444 3979 557 4041 Locum
590 3996 692 4039 verum
721 3975 802 4037 Solis
835 3976 897 4049 (vel
927 3976 1058 4055 oppositi
1089 3973 1139 4052 Θ.
1190 3976 1270 4038 Nam
1301 3976 1329 4038 si
1362 3976 1512 4038 distantia

163 4081 286 4152 superat
308 4065 328 4132 6
353 4071 452 4148 signa,
486 4077 555 4129 tuuc
579 4085 616 4127 ex
641 4064 660 4129 6
685 4066 713 4125 in
738 4065 937 4144 duplicatione
960 4064 1035 4125 fiunt
1060 4062 1099 4127 12
1123 4073 1155 4126 et
1178 4066 1371 4145 abjiciuntur)
1396 4086 1417 4125 a
1447 4066 1510 4127 loco

163 4161 258 4224 centri
281 4158 406 4241 epicycli
431 4157 591 4230 subtrahe,
620 4155 770 4216 residuum
794 4155 928 4234 duplica,
961 4163 994 4215 ut
1017 4152 1096 4234 apud
1120 4156 1303 4236 Tychnpem.
1329 4166 1453 4217 etcum
1476 4158 1510 4215 ii.-

163 4270 288 4331 excerpe
303 4268 340 4310 ex
359 4248 463 4310 tabula
479 4245 703 4326 inaequalitatis
723 4252 892 4306 menstruae
906 4243 1103 4306 variationem
1118 4253 1301 4305 menstruam
1315 4254 1349 4305 et
1363 4245 1506 4325 prestha-

164 4425 277 4435 ——--—
291 4425 366 4433 ¹¹—-

251 4531 327 4595 ⁴*lla
345 4540 412 4584 motu
432 4533 536 4616 apogpei
554 4532 611 4581 nodi
630 4538 656 4580 et
678 4529 797 4594 sompniis
820 4528 978 4594 longitudinis
1004 4542 1060 4593 pars
1084 4526 1270 4590 proportionalia
1288 4527 1404 4580 babetur.
1443 4530 1492 4579 Si'
1487 4546 1511 4579 ιιι

162 4606 343 4671 proportionum
361 4605 448 4669 regula
464 4606 541 4668 primo
559 4604 613 4652 loeo
629 4610 734 4666 ponatur
746 4600 885 4651 differentia
896 4603 1020 4664 temporis,
1039 4599 1147 4649 meando
1165 4599 1219 4649 loco
1237 4598 1381 4651 differentia
1398 4604 1509 4681 apogaei.

163 4677 221 4726 nodl
239 4684 265 4726 et
282 4675 457 4740 scrupulorum,
476 4677 549 4725 tertio
567 4674 620 4724 loco
639 4673 762 4722 residuum
780 4680 924 4755 temporum,
944 4672 982 4721 rel
1000 4674 1021 4720 ιι
1040 4669 1187 4721 auomdiam
1206 4673 1285 4721 cauni
1304 4680 1470 4737 coaequatam
1486 4674 1510 4719 ἰι

163 4748 264 4797 minutia
282 4754 309 4797 et
325 4747 465 4796 secundia
458 4747 594 4803 ruransria,
619 4744 666 4794 illis
684 4746 784 4793 minutis
807 4745 888 4806 primia
906 4750 932 4793 et
949 4738 1063 4793 secundia
1081 4754 1171 4807 quaere
1189 4750 1287 4805 partem
1306 4744 1508 4808 proportionalem

164 4826 358 4882 competentem,
378 4818 441 4882 quod
460 4816 609 4868 commodius
627 4824 678 4875 eat,
702 4830 774 4880 quam
793 4815 857 4877 prior
875 4815 973 4875 modus,
1000 4814 1120 4878 reperitur
1136 4829 1161 4862 u.
1173 4827 1237 4884 para
1255 4813 1444 4879 proportionalia
1461 4814 1506 4863 aal-

164 4898 215 4939 tem
233 4889 442 4952 multiplicatione.
