3368 5534
183 297 247 369 190
450 311 455 327 ’
662 301 703 355 De
721 304 830 355 hiatibus
848 302 941 365 Stellas
959 303 1048 356 1111111

181 483 285 546 reete
307 483 420 545 horum
443 480 631 563 uapulorum
653 479 685 544 l‘
710 479 785 558 W,
809 483 945 565 eupitius
967 484 1086 547 scilicet
1109 489 1187 562 adq.
1225 481 1328 551 Multo
1349 484 1457 548 mittor
1479 484 1542 546 erte

183 578 255 647 adr,
282 573 360 653 quio
384 574 547 633 orminos·
569 592 664 652 quom
687 595 743 650 oq,
767 582 873 656 utpote
895 576 1028 637 sectioni
1049 581 1261 637 eooerrtrorum
1281 575 1424 656 propior.

273 660 371 721 Vides
403 659 512 738 igitur,
537 680 625 740 quam
649 662 812 743 propinque
844 663 1028 742 relinquatur
1060 663 1136 723 risui
1160 664 1188 723 in
1213 669 1231 724 d
1259 682 1315 723 sua
1346 661 1538 745 apparentia,

182 750 241 813 etsi
273 768 382 811 novum
414 750 474 810 iter
505 750 648 828 planetae
674 751 702 810 iu
728 751 810 810 coelo
835 771 887 831 per
916 752 1145 813 translationem
1176 751 1258 813 visus
1281 759 1313 812 et
1340 750 1540 813 mutationem

182 839 387 922 hypotheseos
411 848 607 918 supponatur.
656 840 696 899 Et
720 849 820 900 tamon
846 841 1021 920 relinquitur
1049 840 1146 901 adhuc
1170 841 1199 901 in
1222 848 1377 920 potestate
1401 840 1540 913 artificis,

183 939 216 991 ut
247 936 361 990 motum
395 928 523 987 medium
548 936 579 988 et
602 929 825 1006 proportionem
858 930 1114 990 eccentricitatunr
1147 948 1212 990 cum
1246 931 1325 990 inter
1346 949 1380 991 se
1410 940 1476 991 tum
1501 930 1540 989 ad

181 1018 298 1080 radium
323 1017 404 1078 orbis
429 1016 562 1077 nonnihil
587 1018 698 1088 variet,
722 1018 869 1096 siquidem
892 1019 921 1078 id
945 1019 1004 1097 ipsi
1036 1020 1165 1079 futurum
1189 1019 1231 1080 sit
1255 1018 1338 1092 utile,
1362 1018 1401 1079 ad
1425 1018 1541 1078 oblite-

182 1107 308 1169 randam
332 1107 409 1167 hauc
435 1106 668 1185 qualemcunque
694 1105 725 1168 5¹
750 1108 995 1187 discrepantiam.
1043 1108 1092 1168 Ita
1119 1109 1194 1168 haec
1222 1107 1458 1189 aequipollentia
1482 1126 1541 1186 pu-

181 1196 331 1258 tissimum
363 1195 493 1256 refertur
522 1196 560 1255 ad
593 1195 842 1275 inaequalitatem
872 1196 1028 1275 primam,
1051 1196 1187 1258 nimirum
1216 1188 1333 1268 adea,
1366 1216 1444 1277 qnae
1468 1197 1542 1258 ind

183 1293 332 1366 apparent
363 1302 455 1363 prope
488 1292 624 1344 centrum
657 1285 825 1346 eccentrici.
873 1287 919 1348 At
950 1287 977 1346 in
1011 1286 1144 1349 secunda
1175 1286 1391 1368 inaequalitate
1424 1305 1478 1346 sen
1510 1286 1541 1347 in

182 1372 504 1454 prusthaphaeresibus
537 1372 618 1432 orbis
648 1373 737 1434 annui
768 1374 891 1435 multum
924 1375 1016 1435 refert
1040 1377 1141 1447 (utet
1165 1394 1256 1454 supra
1286 1375 1397 1436 dictum
1423 1375 1452 1434 iu
1479 1375 1542 1434 alia

182 1463 442 1544 aequipollentia),
452 1469 550 1523 utrum
560 1463 720 1541 planctaiu
732 1461 943 1535 incircumeat
952 1483 989 1524 an
1000 1464 1029 1524 in
1045 1486 1095 1542 ορ.
1120 1464 1162 1526 Et
1174 1482 1264 1542 supra
1274 1464 1393 1544 quidem
1413 1468 1451 1536 (p.
1474 1469 1541 1531 131)

186 1549 250 1615 tta
274 1550 440 1631 particulas
465 1551 680 1622 (differentium
705 1552 783 1613 inter
798 1553 1015 1614 Ptolemaicam
1037 1560 1067 1613 et
1084 1551 1321 1633 Capernicanam
1339 1553 1541 1636 hypothesin)

182 1651 371 1704 contemnere
396 1661 453 1701 non
477 1648 651 1719 poteramus
662 1660 671 1714 ;
705 1643 798 1702 multo
831 1642 926 1704 minus
951 1642 998 1702 hic
1025 1642 1089 1721 jam
1113 1640 1179 1705 880
1207 1643 1255 1703 vel
1279 1643 1307 1703 in
1333 1643 1394 1703 alia
1418 1643 1539 1703 dimen-

182 1732 265 1792 sione
293 1726 376 1791 t3tt
400 1729 671 1809 praeteriverimus.
720 1732 754 1792 ld
779 1742 880 1792 autem
903 1739 1045 1811 quantum
1075 1730 1261 1792 diversitatis
1289 1731 1391 1810 pariat
1415 1733 1445 1793 in
1470 1731 1537 1790 riso

183 1822 248 1882 loco
273 1820 391 1891 Martis,
417 1820 555 1897 sequenti
578 1820 677 1897 capite
702 1819 879 1881 videbimus.

272 1908 524 1988 Trarrsposuimus
555 1908 701 1968 hactenus
733 1909 828 1969 risum
858 1929 895 1968 ex
923 1916 940 1970 d
965 1909 992 1969 in
1017 1934 1046 1969 u.
1098 1910 1329 1970 Demonstretur
1348 1909 1427 1987 jam,
1460 1911 1539 1990 quod

183 2000 289 2060 eadem
313 2000 375 2058 fere
400 2005 562 2077 sequantur
584 1997 651 2057 visu
675 2007 829 2073 manente,
863 1998 1047 2077 transposito
1071 2016 1141 2058 vero
1165 2007 1274 2077 puncto
1299 1998 1475 2079 aequantia,
1507 2010 1542 2060 ut

183 2096 342 2167 appareat,
371 2087 449 2146 idem
478 2087 533 2146 hoc
558 2086 657 2165 capite
688 2088 752 2148 fieri
776 2106 864 2165 posse
888 2087 917 2148 in
942 2087 1126 2160 eccentricc,
1154 2087 1203 2168 qni
1231 2087 1322 2148 habet
1345 2100 1537 2167 aequantem,

185 2176 263 2257 quod
294 2195 386 2255 supra
416 2176 445 2235 in
473 2177 530 2236 fine
562 2175 671 2254 capitis
704 2177 786 2237 tertii
814 2175 876 2237 fieri
905 2176 1004 2257 potuit
1034 2175 1062 2255 in
1092 2176 1258 2238 eccentricu
1282 2175 1422 2256 simplici.
1471 2178 1539 2239 lllic

93 2301 98 2309 ·
184 2265 272 2338 enim,
298 2285 351 2326 seu
375 2265 458 2325 visus
482 2284 535 2325 seu
551 2274 684 2325 centrum
704 2265 861 2327 eccentrici
876 2274 1152 2346 transponerentur,
1178 2265 1395 2345 contingebant
1410 2266 1537 2328 eadem:

184 2355 232 2416 hic
256 2354 404 2427 similiter,
430 2373 483 2414 seu
506 2353 589 2414 visus
613 2373 665 2414 seu
690 2364 824 2416 centrum
841 2357 998 2436 aequantis
1013 2363 1260 2434 transponantur,
1279 2355 1461 2432 contingunt
1476 2357 1538 2417 fere

185 2444 300 2505 eadem.
347 2443 405 2503 Est
429 2452 530 2504 autem
546 2444 756 2518 necessarium,
775 2444 1062 2506 demonstrationem
1077 2443 1154 2506 hanc
1169 2445 1237 2507 huic
1252 2443 1396 2505 varietati
1412 2464 1534 2506 accuru-

185 2534 307 2595 modare
331 2541 453 2612 prqpter
478 2551 617 2611 magnam
641 2533 809 2612 opinionum
825 2533 1110 2613 dissimilitudinem,
1135 2554 1210 2615 quas
1225 2542 1390 2614 sequnntur
1404 2534 1537 2596 11111111

184 2620 214 2683 11
237 2622 473 2684 demonstranda
497 2623 628 2683 secunda
651 2624 840 2702 planetarum
864 2623 1090 2706 inaequalitate,
1116 2644 1190 2704 quae
1215 2624 1301 2684 nobis
1312 2623 1376 2703 jam
1397 2624 1536 2706 sequenti

85 2706 88 2711 ’
185 2713 285 2792 capite
310 2711 461 2773 facessent
484 2712 645 2791 negotium.
1160 2728 1164 2737 ·
1240 2732 1243 2739 ·

857 2799 976 2862 Coeant
998 2805 1060 2873 tad
1082 2808 1194 2879 puncta
1221 2805 1288 2874 (rig.
1308 2804 1354 2870 tt)
1382 2800 1411 2860 in
1437 2821 1535 2872 unum,

769 2899 801 2951 nt
824 2890 906 2951 visus
931 2898 1053 2950 maneat
1085 2892 1149 2951 loco
1181 2890 1302 2951 eodem:
1336 2902 1537 2970 maneantque

775 2985 806 3053 d,
830 2985 869 3052 θ,
893 3003 908 3057 y
930 2981 1025 3058 sigua,
1050 2977 1206 3040 aboleatur
1229 2998 1300 3039 vero
1330 2978 1408 3039 linea
1431 2979 1539 3057 prioris

656 3058 663 3069 ’
775 3070 937 3130 schematis
960 3070 1039 3146 yria,
1065 3069 1117 3128 sed
1143 3068 1208 3148 ejus
1239 3068 1303 3129 loco
1327 3088 1364 3128 11
1388 3073 1540 3146 puuctot

776 3159 822 3218 111
848 3161 877 3220 Α
903 3164 967 3230 (rig.
988 3160 1034 3226 57)
1049 3158 1145 3218 eidem
1161 3157 1322 3238 parallelos
1337 3165 1429 3217 exeat
1445 3160 1538 3231 ,tun

713 3255 726 3284 ⁰
774 3249 894 3328 sintque
917 3249 1070 3325 portiones
1095 3249 1162 3318 AB,
1184 3250 1244 3320 ΑΓ,
1268 3245 1416 3325 prioribus
1441 3250 1491 3323 αβ,
1507 3270 1539 3325 ny

772 3338 933 3416 aequales:
960 3336 1016 3396 erit
1039 3336 1130 3413 igitur
1149 3340 1193 3414 Γγ
1216 3335 1376 3397 translatio
1400 3337 1503 3413 puncti
1525 3361 1538 3413 γ

501 3492 503 3499 ¹
772 3425 952 3505 aequaturii.
987 3426 1120 3504 aequalis
1153 3426 1242 3504 priori
1271 3429 1315 3484 ud
1345 3426 1537 3486 translationi

560 3584 574 3595 l
589 3563 669 3595 ῳ.
709 3516 863 3576 rvisus.
902 3514 1033 3576 Rursum
1057 3515 1208 3593 igiturex
1231 3514 1347 3576 Bet&
1370 3513 1540 3576 scribentur

530 3604 537 3611 ’
714 3670 720 3693 Ι
771 3605 828 3665 duo
868 3604 1026 3665 eccentrici
1064 3623 1115 3664 seu
1160 3604 1267 3664 itinera
1303 3604 1448 3682 planetae
1487 3623 1539 3683 per

771 3714 873 3755 auram
911 3694 1100 3767 aetheream,
1137 3712 1203 3753 cum
1240 3691 1346 3772 quibus
1384 3693 1486 3754 omnia
1509 3693 1537 3753 11

654 3776 677 3843 ,ἴ
771 3784 895 3845 circuitu
907 3784 995 3862 signa
1006 3790 1245 3861 transponentur,
1262 3790 1408 3860 eruntque
1420 3782 1536 3843 dimen-

771 3872 871 3933 siones
896 3873 1039 3932 linearum
1061 3873 1150 3949 plane
1180 3871 1312 3931 eaedem.
1359 3868 1437 3932 Sola
1466 3872 1538 3932 11111

771 3969 819 4023 est
843 3960 1021 4031 differentia,
1046 3961 1122 4041 quod
1138 3959 1208 4020 bina
1227 3959 1362 4020 hiuorum
1387 3961 1536 4021 ecceutri·

770 4071 871 4112 corum
906 4058 1033 4130 puncta,
1064 4049 1093 4109 in
1126 4049 1232 4128 quibus
1269 4048 1393 4128 planeta
1433 4050 1537 4110 eodem

186 4152 336 4208 momento
359 4143 515 4223 ponendus
541 4152 607 4218 est,
631 4145 767 4224 jamnon
792 4141 920 4219 amplius
944 4158 1107 4218 perunum
1133 4139 1251 4211 lineam,
1277 4137 1331 4199 sed
1351 4155 1408 4219 per
1432 4139 1536 4219 paral·

188 4237 262 4297 11111
287 4253 324 4294 ex
347 4237 378 4305 Γ,
402 4256 424 4312 y,
459 4232 573 4294 duobus
604 4234 795 4317 aequantium
819 4229 956 4308 punctis,
985 4227 1125 4291 1111111
1159 4244 1306 4315 quamque
1338 4228 1537 4291 eccsntricnm

190 4325 328 4404 ejectam,
353 4322 604 4387 determinantur.
633 4322 733 4395 ,Verbi
752 4320 852 4401 gratia
868 4317 986 4399 quando
1008 4314 1361 4383 11111111111111111111
1381 4316 1536 4397 planetam

166 4414 217 4493 Ι11
237 4438 260 4485 x,
282 4423 351 4474 tunc
371 4400 911 4489 1111111111111111111
934 4407 963 4469 u
981 4408 1017 4483 1,
1036 4388 1537 4485 1111111111111111111

164 4490 362 4582 ζ1111111111
386 4501 435 4562 ille
459 4498 613 4579 planetam
636 4498 779 4565 hebetia
805 4523 828 4570 1,
854 4496 903 4561 hic
919 4514 992 4558 eum
1013 4494 1140 4559 habebit
1160 4494 1192 4557 11
1217 4499 1246 4568 1,
1279 4492 1328 4554 ubi
1351 4512 1469 4557 rursum
1491 4501 1535 4557 o·

188 4600 220 4652 et
243 4593 298 4655 Bl
318 4599 388 4652 sunt
415 4589 571 4669 paralleli:
599 4598 701 4653 cetera
720 4596 827 4671 putent
852 4606 889 4647 ex
913 4587 1066 4647 schemate
1088 4584 1167 4647 citra
1189 4582 1491 4653 demonstrationem.
1506 4584 1531 4667 ·',''.

279 4681 374 4755 lgitur
396 4679 423 4741 si
446 4698 503 4738 non
528 4677 619 4739 liceat
642 4676 737 4743 111111
759 4678 924 4741 transferre
949 4678 1021 4745 (non
1046 4674 1294 4753 licetautem'per
1308 4690 1371 4743 eos,
1396 4664 1535 4754 quisse-

193 4787 255 4828 ram
288 4768 401 4829 faciunt
424 4775 559 4828 centmm
583 4766 702 4840 mundi,
732 4777 766 4828 nt
794 4764 931 4849 sequenti
960 4764 1058 4843 capite
1087 4765 1218 4836 dicetur)
1247 4770 1279 4821 11
1301 4760 1425 4840 planeta
1449 4762 1480 4823 l'u

190 4857 367 4919 observatus
399 4858 426 4918 iu
459 4856 574 4936 aliquot
604 4846 716 4918 zodiaci
747 4857 821 4917 locis
845 4874 962 4937 semper
985 4853 1141 4935 oppositus
1166 4852 1261 4915 medio
1287 4853 1352 4912 loco
1376 4849 1478 4925 Solis,
1506 4862 1536 4915 et

569 5054 633 5165 11
