3368 5534
65 310 67 315 ’
162 310 206 381 66
579 310 681 369 literae
699 315 802 381 Ksplsri
821 315 973 381 aliorumque
990 320 1094 368 numu

162 514 290 578 sequens
313 494 438 557 multum
463 493 546 556 facit
593 493 660 566 Quo
684 494 713 555 in
737 492 803 554 looo
826 494 980 575 planetam
1004 495 1150 569 videmus,
1175 514 1272 558 exeo
1295 497 1324 559 in
1349 497 1524 579 eclipticam

162 592 247 650 recta
270 585 396 658 ducitur,
422 582 624 645 determinans
648 584 743 644 locum
761 584 827 662 ejus
844 585 1013 663 eclipticum
1021 605 1030 659 ;
1054 585 1130 646 haec
1154 594 1203 646 est
1225 587 1360 650 reductio
1384 588 1444 663 visi
1465 592 1524 655 loci

164 668 204 738 ad
227 673 411 754 eclipticam.
457 673 527 735 Jam
551 673 622 754 quia
643 672 767 753 planeta
790 693 846 735 nec
868 673 898 734 iu
922 693 976 735 suo
1000 674 1066 735 loco
1081 674 1221 754 ecliptico
1236 695 1291 739 neo
1306 696 1377 740 vero
1392 679 1523 756 videtur,

162 765 216 827 sed
240 763 306 825 loco
330 763 507 824 intermedio
532 762 629 835 (visus
658 761 736 822 enim
761 762 843 824 locus
867 763 1016 842 parallaxi
1039 763 1121 825 orbis
1151 784 1267 826 annuae
1293 767 1321 829 in
1353 768 1451 830 latum
1475 780 1525 834 est

163 853 336 933 implicatus
360 853 521 914 etiamnum
545 851 601 923 suh
624 851 720 930 ipsam
744 852 954 933 aoronychiam
984 851 1158 928 visionem),
1183 872 1298 917 rursum
1318 875 1391 938 ergo
1415 860 1524 923 eadem

161 942 277 1006 illaad
302 942 475 1020 eclipticam
498 949 591 1015 recta,
617 960 692 1020 qnae
714 949 799 1000 secat
819 940 949 1003 orbitarn
972 942 1124 1020 planetae,
1150 943 1247 1005 locum
1272 945 1314 1006 illi
1338 948 1525 1012 determinat

164 1032 194 1095 iu
218 1052 273 1094 sua
296 1031 405 1092 orbita.
451 1031 590 1109 Angulns
614 1038 714 1090 rectus
739 1029 777 1089 ab
801 1029 942 1108 ecliptica
965 1039 997 1090 et
1026 1050 1098 1092 arcu
1129 1033 1298 1094 latitudinis
1331 1035 1525 1101 subtenditur

162 1139 233 1183 arcu
257 1120 372 1181 orbitae
388 1121 497 1181 Martis
521 1141 540 1180 a
561 1119 639 1179 nodo
664 1119 702 1178 ad
727 1118 804 1178 huuc
828 1119 934 1193 locum,
960 1129 1008 1180 est
1027 1139 1098 1199 ergo
1122 1120 1180 1182 iste
1195 1142 1283 1183 arcus
1300 1125 1523 1207 longiorquam

163 1232 183 1273 a
206 1211 283 1271 nodo
308 1210 345 1270 ad
368 1217 510 1289 puuctum
536 1209 703 1288 eclipticas.
752 1205 844 1269 Certe
868 1209 1006 1288 nuspiam
1021 1210 1107 1273 Mars
1131 1212 1188 1273 uisi
1208 1211 1237 1271 iu
1254 1213 1353 1275 orbita
1375 1236 1432 1277 sua
1451 1236 1523 1280 ver·

162 1308 262 1373 satur,
286 1298 406 1360 minime
431 1299 459 1358 in
484 1298 645 1359 latitudine
669 1296 789 1370 visibili,
815 1316 870 1358 nec
890 1298 1001 1359 attinet
1014 1300 1053 1360 ad
1067 1301 1202 1380 proprios
1218 1302 1283 1381 ejus
1297 1311 1408 1381 motus,
1433 1325 1523 1386 quarn

161 1391 243 1452 viam
266 1387 352 1449 nobis
376 1388 515 1449 videatur
538 1386 594 1448 sub
617 1387 684 1447 fixis
707 1386 886 1447 describere.
934 1387 1012 1449 Nam
1037 1390 1092 1450 sub
1112 1389 1179 1451 fixis
1193 1409 1248 1452 neo
1264 1403 1312 1453 est
1331 1393 1524 1458 intermixtus

162 1479 223 1543 illis
246 1494 301 1538 nec
324 1484 492 1538 tortuosam
515 1476 596 1537 viam
620 1474 764 1536 describit
791 1494 846 1535 nec
876 1477 1058 1553 regreditur,
1094 1497 1170 1557 quae
1202 1480 1303 1541 omnia
1322 1483 1438 1545 -videre
1467 1504 1523 1547 nos

161 1575 312 1650 putamus.
351 1566 475 1626 Videris
495 1565 616 1626 tandem
630 1582 794 1644 provocare
810 1565 848 1625 ad
864 1565 1090 1628 observationes
1106 1567 1219 1646 rejecto
1230 1570 1344 1648 judicio
1358 1573 1521 1637 rationum.

162 1658 208 1722 At
231 1656 361 1736 iniquum
391 1662 439 1716 est
466 1655 661 1734 postulatum.
709 1651 812 1722 Quid?
845 1655 967 1715 Nihilne
997 1657 1026 1716 iu
1058 1658 1243 1719 astronomia
1274 1679 1437 1740 sequamur
1466 1664 1523 1727 nisi

164 1747 243 1829 quod
272 1744 500 1807 observationes
531 1742 759 1805 monstrarunt?
805 1740 891 1812 Quae
923 1763 994 1823 ergo
1025 1744 1179 1807 subtilitas
1208 1746 1390 1811 observandi
1419 1752 1523 1815 docuit

164 1835 375 1918 aequationem
400 1841 567 1913 temporum
590 1833 679 1911 idque
699 1833 839 1893 veteres?
862 1833 899 1892 de
914 1833 1087 1913 Tychonica
1110 1853 1168 1896 nou
1194 1836 1306 1916 loquor.
1345 1840 1430 1902 Haec
1457 1841 1522 1922 ipsa

163 1944 279 2007 quoque
303 1923 438 1986 reductio
463 1924 540 1983 unde
563 1922 689 2002 primum
713 1918 799 1982 orta?
845 1922 895 1983 Ab
919 1923 1131 1987 observatione
1156 1945 1192 1986 an
1218 1945 1237 1986 a
1260 1928 1397 1989 ratione?
1444 1931 1520 1994 Peto

163 2015 332 2077 aratione.
379 2014 446 2092 Ego
470 2012 563 2073 doceo
587 2011 749 2084 rationem,
774 2028 876 2071 veram
901 2030 1050 2073 essenon
1075 2013 1181 2087 doceo,
1214 2034 1301 2094 qnam
1324 2018 1431 2081 eodem
1455 2040 1522 2082 eum

163 2104 317 2167 veteribus
336 2102 405 2181 jure
430 2119 552 2182 sequor;
586 2100 814 2162 observationes
847 2119 900 2179 per
929 2101 1133 2164 reductionem
1157 2107 1366 2181 accommodo,
1399 2127 1437 2170 oe
1468 2128 1522 2190 pro

164 2193 245 2256 veris
278 2192 404 2254 vitiosas
438 2189 606 2252 adhibeam.
654 2188 723 2260 Qua
752 2198 808 2263 ego
839 2208 892 2250 ceu
926 2191 1011 2251 clave
1045 2193 1247 2254 astronomiae
1279 2205 1403 2274 reperta
1434 2199 1521 2261 unice

164 2281 287 2364 gloriari
310 2300 445 2361 possum,
478 2279 703 2341 eccentricitate
728 2277 813 2339 Solis
836 2279 1008 2354 dimidiata,
1040 2280 1069 2341 id
1093 2301 1188 2361 negas
1212 2293 1242 2343 te
1265 2284 1394 2363 probare
1418 2307 1521 2367 posse.

164 2374 233 2438 Non
249 2381 360 2442 tamen,
386 2370 440 2443 ais,
466 2369 522 2430 abs
541 2387 587 2429 me
602 2368 777 2430 constitutis
802 2367 1025 2429 discedendum.
1063 2371 1130 2433 Non
1152 2371 1229 2432 facio
1249 2381 1372 2447 temere,
1397 2388 1521 2440 auctore

163 2461 305 2544 Tychonc
330 2459 408 2520 facio
432 2477 484 2519 seu
509 2458 640 2519 conscio.
679 2456 762 2518 Nihil
787 2476 887 2518 eorum
910 2460 994 2533 tollo,
1020 2479 1096 2538 qnae
1120 2480 1157 2521 ex
1172 2462 1333 2543 hypothesi
1348 2464 1522 2545 Tyehonica

164 2558 341 2631 sequuntur,
370 2557 400 2609 et
429 2546 484 2610 ch.
515 2545 650 2608 Severini
675 2552 900 2619 (bogomontmnsl
927 2548 995 2608 vivo
1029 2549 1170 2629 Tychone
1199 2550 1228 2611 in
1260 2551 1432 2616 Lunaribus
1465 2556 1519 2617 hoc

166 2660 264 2704 meum
289 2638 403 2716 recepit
427 2644 458 2699 et
480 2637 616 2697 imitatus
640 2642 698 2695 est.
746 2635 849 2715 Tycho
873 2631 961 2699 3600
984 2637 1061 2698 dixit
1084 2638 1287 2720 hypotheseos
1311 2643 1429 2720 gratia,
1463 2664 1520 2707 nou

164 2730 242 2810 quod
267 2728 323 2788 hoc
342 2727 406 2805 jam
430 2735 655 2787 sacrosanctum
677 2722 763 2785 nobis
787 2743 855 2784 esse
879 2726 1003 2800 debeat,
1033 2734 1067 2788 ut
1096 2738 1166 2789 sunt
1196 2729 1436 2796 observationes.
1487 2737 1520 2799 ln

165 2818 294 2880 alienum
318 2836 365 2877 me
390 2835 492 2896 agrum
517 2815 660 2876 invadere
684 2813 794 2892 arguis.
843 2812 964 2885 Quaero
989 2834 1071 2893 ergo,
1095 2836 1182 2896 qnern
1205 2837 1310 2897 agrurn
1332 2819 1520 2901 Copemicue

163 2906 318 2980 invaserit,
343 2907 411 2966 dum
435 2904 536 2967 Solem
560 2905 680 2983 penitus
700 2903 790 2981 jubet
813 2904 986 2982 quiescere?
1027 2905 1176 2987 Numquid
1200 2908 1390 2987 planetarum
1414 2914 1519 2991 paral·

162 2995 269 3061 laxes?
308 2995 420 3057 Eodem
440 2996 506 3074 jure
532 3013 587 3072 ego
612 2993 640 3053 iu
666 3012 737 3053 casu
761 2993 849 3072 plane
874 2994 978 3054 eodem
1003 3003 1079 3056 utor.
1118 2996 1196 3058 Nam
1212 2998 1358 3075 quomodo
1373 3018 1411 3062 ex
1426 2998 1518 3064 Sola-

161 3086 246 3150 ribus
269 3083 530 3146 observationibus
561 3082 621 3143 ista
652 3082 881 3155 deducerentur,
913 3102 998 3163 quae,
1029 3084 1087 3144 etsi
1116 3086 1265 3146 concedas
1297 3106 1374 3162 esse,
1409 3110 1448 3151 ex
1483 3091 1518 3153 iis

163 3175 292 3239 derivari
316 3192 374 3235 non
397 3171 542 3253 possunt?
588 3170 675 3232 Adeo
699 3190 745 3232 me
771 3171 947 3233 destitutum
972 3173 1117 3252 exemplis
1140 3175 1251 3253 putas?
1288 3173 1369 3246 Quid
1393 3180 1519 3258 ergoiu

166 3262 352 3327 'astronomia
375 3270 432 3336 est,
457 3280 623 3341 apogaeum
648 3259 730 3322 Solis
753 3278 808 3340 per
830 3262 958 3340 eclipses
981 3262 1131 3341 probare?
1177 3264 1240 3325 Aut
1268 3265 1334 3345 quis
1366 3266 1397 3329 id
1427 3268 1520 3331 fecit?

164 3355 248 3417 Male
272 3359 382 3432 agatur
405 3370 471 3413 cum
495 3349 692 3416 astronomis,
725 3349 751 3410 si
776 3350 857 3411 circa
880 3350 1034 3430 quodlibet
1067 3352 1149 3413 sidus
1182 3353 1211 3414 in
1234 3355 1385 3433 proprium
1415 3376 1521 3436 agrum

163 3452 306 3525 tanquam
330 3442 359 3502 iu
385 3440 517 3502 ordinem
543 3439 653 3501 luerint
677 3438 802 3500 redacti.

252 3526 319 3606 his,
344 3530 541 3591 variationem
566 3530 649 3590 illam
673 3547 802 3590 annuam
827 3528 903 3588 torte
927 3528 1005 3590 alias
1030 3528 1141 3592 hahere
1165 3548 1289 3604 causae;
1321 3533 1364 3594 ito
1394 3544 1522 3614 ergoet

165 3620 185 3687 5
210 3620 360 3703 epicyelos
384 3619 460 3681 infer
483 3619 512 3680 iu
536 3619 686 3696 planetas,
711 3617 818 3698 quibus
840 3626 946 3678 centra
969 3618 1124 3680 librentur.
1164 3620 1197 3679 ld
1216 3621 1336 3700 quidem
1352 3622 1381 3683 iu
1399 3623 1521 3687 Venere

166 3720 198 3773 et
210 3710 359 3773 Mercurio
375 3709 566 3771 Ptolemaeus
584 3706 826 3786 Copernicusque
841 3707 938 3767 coacti
962 3708 1033 3769 sunt
1055 3709 1093 3769 ob
1117 3708 1193 3770 hanc
1209 3727 1331 3772 oausam
1351 3712 1522 3791 ignoratam

166 3801 285 3870 lacere,
317 3801 346 3860 in
371 3797 501 3860 Saturno
532 3805 564 3859 et
585 3796 662 3858 Jove
687 3797 874 3876 negligentes
898 3798 935 3858 ob
965 3797 1244 3871 insensibilitatem
1276 3799 1304 3860 in
1330 3801 1432 3862 Marte
1456 3822 1523 3865 cunr

168 3891 268 3952 iacere
292 3888 508 3966 neglexissent,
538 3886 757 3948 inobservabile
781 3885 865 3946 sidus
889 3885 1036 3949 dixerunt.
1086 3887 1198 3948 Verum
1228 3895 1260 3948 tu
1289 3889 1406 3951 usitata
1427 3892 1524 3956 uteris

168 3977 336 4060 sophistica
360 3978 438 4048 (scio
463 3996 522 4056 qna
546 3985 645 4038 mente
670 3982 702 4036 et
725 3975 813 4036 credo
845 3975 1024 4052 praefationi
1048 3984 1118 4037 tuae
1142 3996 1177 4037 ac
1200 3995 1306 4054 spero,
1336 3988 1367 4038 te
1395 3982 1521 4043 voculas

167 4068 284 4149 aliquas
298 4065 465 4146 hujusmodi
482 4085 538 4126 oon
555 4084 644 4144 aegre
662 4066 823 4136 latumm);
839 4065 967 4144 exempli
983 4085 1083 4139 cansa,
1108 4066 1134 4126 si
1150 4066 1234 4127 dicat
1248 4066 1366 4147 aliquis,
1382 4069 1522 4148 phasim

168 4158 272 4221 Lunae
296 4174 419 4217 causam
442 4162 555 4216 motum
578 4155 644 4233 ejus
668 4173 736 4214 esse
760 4153 840 4215 circa
863 4153 997 4229 Terram,
1022 4155 1161 4234 sophista
1184 4155 1302 4229 dixerit,
1327 4157 1406 4219 forte
1429 4160 1523 4222 aliam

168 4267 236 4309 esse
260 4264 382 4307 causam
406 4244 553 4324 phasium.

257 4336 305 4396 Ex
327 4332 451 4395 incertis
473 4341 564 4413 putas
582 4331 713 4411 judicari
738 4331 775 4391 de
799 4332 899 4393 certis.
936 4333 986 4394 An
1005 4331 1097 4411 igitur
1111 4331 1270 4412 quidquam
1289 4332 1319 4395 in
1335 4337 1525 4401 astronomia

169 4426 281 4487 rectius
305 4422 567 4485 observationibus
598 4440 651 4483 seu
675 4421 757 4483 Solis
787 4441 839 4482 seu
863 4422 994 4483 Martis?
1038 4421 1086 4482 Ex
1115 4422 1162 4483 his
1191 4421 1268 4482 enim
1295 4424 1412 4502 judico.
1461 4425 1523 4490 Sed

171 4514 247 4577 iorte
271 4515 326 4575 hoc
350 4514 497 4575 incertum
520 4512 598 4592 quod
623 4520 740 4579 statuo,
765 4512 895 4573 Martem
919 4521 989 4591 post
1012 4512 1160 4591 integram
1184 4511 1337 4589 periodum
1361 4514 1391 4575 iu
1416 4516 1524 4579 eadem

172 4622 289 4684 semper
313 4601 473 4664 altitudine
498 4621 516 4660 a
539 4602 634 4662 Terra
657 4609 688 4662 rt
712 4602 815 4662 eodem
840 4603 904 4662 loco
929 4601 984 4662 sub
1008 4601 1073 4662 fixis
1098 4622 1181 4675 esse,
1208 4601 1287 4661 linea
1310 4622 1348 4663 ex
1371 4602 1446 4665 Sole
1469 4623 1525 4685 per

171 4692 252 4754 illum
277 4693 394 4771 ejecta?
430 4691 508 4753 Num
528 4700 560 4752 tu
576 4690 772 4770 Copornicum
788 4699 841 4751 aut
856 4691 1058 4752 Ptolemaeum
1082 4690 1228 4770 sequaris,
1254 4699 1287 4752 ut
1303 4693 1406 4770 potins
1429 4693 1523 4757 libres

173 4793 306 4845 centrum
330 4780 487 4842 eccentrici
511 4781 619 4842 Martis
643 4789 723 4841 motu
748 4799 805 4840 non
830 4781 922 4842 Marti
945 4781 998 4840 sed
1023 4779 1085 4840 Soli
1120 4779 1342 4858 respondente?
1389 4783 1438 4843 lta
1456 4783 1523 4864 jum

173 4888 231 4930 non
255 4870 310 4933 hoc
333 4879 451 4933 tautum
484 4871 594 4931 referet
624 4870 828 4944 considerare,
857 4890 916 4950 quo
945 4870 1010 4930 loco
1039 4869 1086 4930 sui
1109 4870 1190 4931 orbis
1212 4869 1316 4947 dsit3
1351 4869 1410 4933 nisi
1442 4873 1523 4937 enin
