3374 5528
685 328 844 384 lntrcdncdo·
1375 321 1438 393 155

85 508 175 564 larius
196 516 241 563 est
260 526 345 580 super
364 510 557 565 Hensemeron
578 508 728 565 Geneseos.
769 511 838 566 Nam
858 516 891 565 ut
910 509 938 563 in
959 509 1007 563 illo
1028 514 1085 563 tres
1106 507 1185 580 primi
1205 508 1263 562 dies
1284 507 1344 562 dati
1373 514 1439 564 sant

83 589 258 660 separationi
276 590 437 663 regionum,
467 590 570 660 primus
599 589 668 643 lucis
690 606 708 644 a
728 589 849 645 tenebris
871 589 1069 654 exterioribus,
1091 590 1225 643 secundus
1247 604 1379 661 aquarum
1400 589 1438 643 ab

84 669 165 741 aquis
186 666 352 743 interpositu
373 670 500 742 expansi,
521 669 620 724 tertius
642 675 777 727 terrarum
798 687 817 724 a
836 669 965 734 maribus,
986 670 1034 724 ubi
1055 677 1131 725 terra
1143 669 1263 724 vestitur
1279 669 1387 739 plantis
1408 674 1439 722 et

83 749 231 820 stirpibus:
254 758 310 806 tres
331 768 396 805 vero
416 749 583 821 posteriores
607 749 664 804 dies
686 751 828 823 regionum
849 750 889 805 sie
908 750 1098 806 distinctarum
1126 749 1290 821 impletioni,
1322 756 1437 820 quartus

83 829 164 894 coeli,
187 830 298 903 quintus
318 831 433 886 marium
454 837 483 885 et
503 830 585 893 aeris,
608 836 704 885 sextus
726 838 877 887 terrarum:
898 829 937 886 sic
958 831 985 885 in
1006 832 1058 886 hoc
1079 831 1185 901 psalmo
1206 836 1271 884 sunt
1291 828 1440 884 distinctae

83 919 115 965 et
135 926 188 965 sex
208 910 311 966 dierum
332 911 462 983 operibus
484 912 623 982 analogae
644 918 740 982 partes
761 911 883 967 totidem.
918 913 989 967 Nam
1008 927 1089 965 versu
1103 911 1221 966 secundo
1242 911 1339 973 lucem,
1361 924 1438 964 erea-

84 999 211 1046 turarum
231 991 347 1062 primam
367 991 526 1063 primaeque
547 991 600 1047 diei
622 1009 689 1062 opus
711 991 837 1047 Creatori
858 993 1008 1047 circumdat
1028 1009 1077 1062 pro
1098 991 1271 1047 vestimento.
1311 990 1439 1045 Secunda

84 1087 152 1142 pars
171 1070 269 1143 incipit
288 1089 372 1127 versu
391 1072 475 1127 tertio
496 1073 612 1145 agitque
633 1073 667 1126 de
688 1073 766 1144 aquis
787 1090 871 1143 super
890 1073 1066 1138 coelestibus,
1088 1071 1251 1126 extensione
1271 1072 1340 1125 coeli
1359 1072 1437 1125 etde

86 1151 226 1217 meteoris,
248 1169 319 1224 quae
340 1152 449 1207 videtur
468 1153 580 1207 Psaltes
603 1169 749 1208 accensere
780 1152 858 1224 aquis
879 1152 1081 1223 superioribus,
1112 1152 1218 1206 scilieet
1246 1154 1279 1206 de
1309 1150 1437 1213 nubibus,

87 1231 192 1296 sentis,
223 1233 408 1303 presteribus,
437 1233 603 1307 fulguribus.
645 1233 740 1288 Tertia
768 1249 834 1304 pars
864 1233 961 1305 incipit
990 1249 1008 1287 a
1037 1248 1118 1288 versu
1147 1238 1229 1286 sexte
1259 1232 1439 1303 celebratque

83 1314 198 1368 'l’erram
219 1319 251 1367 ut
271 1312 476 1368 tundamentum
497 1329 601 1379 rerum,
633 1330 700 1386 quas
725 1313 771 1368 hio
801 1313 965 1371 considerat.
1006 1313 1105 1369 Omnia
1132 1312 1235 1383 qnippe
1264 1313 1299 1365 sd
1325 1312 1438 1366 Terram

83 1410 200 1465 eamque
221 1393 408 1449 inhabitantia
428 1394 559 1449 animalia
579 1395 679 1457 refert;
710 1395 816 1449 seilicet
836 1394 901 1466 quia
921 1394 1059 1448 oculorum
1076 1392 1181 1462 judicio
1200 1394 1272 1447 duae
1291 1391 1438 1462 primariae

83 1480 151 1528 sunt
169 1478 266 1544 partes
286 1474 387 1539 mundi,
409 1474 521 1529 coelum
536 1482 565 1528 et
579 1476 672 1532 Terra
708 1475 761 1530 Hic
775 1474 862 1548 igitur
880 1475 1042 1538 considerat,
1064 1475 1176 1528 'I'erram
1197 1479 1241 1527 tet
1256 1472 1317 1542 J'am
1337 1471 1437 1526 seculis

87 1571 141 1608 non
163 1552 315 1619 subsidere,
337 1572 391 1609 non
412 1554 556 1619 fatiscere,
582 1572 636 1609 non
657 1572 752 1611 ruere:
784 1573 844 1610 cum
866 1563 957 1610 tamen
978 1554 1079 1610 nemini
1100 1559 1268 1623 compertum
1287 1552 1332 1616 sit,
1355 1566 1439 1623 super

84 1633 150 1705 quid
171 1633 223 1689 illa
244 1634 281 1689 sit
301 1635 424 1690 tundata.
465 1636 527 1690 Non
547 1636 608 1690 vult
628 1628 725 1690 docere
753 1638 823 1709 qnod
851 1636 980 1708 ignorent
1009 1634 1145 1700 homines,
1176 1635 1223 1687 scd
1254 1635 1289 1688 ad
1319 1638 1438 1688 mentem

82 1730 224 1778 resonare,
246 1717 317 1786 qnod
337 1715 389 1786 ipsi
410 1715 567 1790 negligunt,
589 1716 804 1788 magnitudinem
825 1718 931 1770 seilicet
951 1721 981 1770 et
1000 1714 1154 1787 potentiam
1173 1713 1226 1768 Dei
1245 1715 1274 1769 in
1295 1712 1437 1769 nmatione

82 1801 182 1848 tenue
212 1794 305 1860 molis,
336 1803 394 1850 tam
422 1797 517 1850 firmae
539 1804 566 1850 et
588 1797 705 1854 stabilis.
746 1797 775 1852 si
797 1794 969 1852 astronomus
999 1799 1111 1860 doceat,
1142 1795 1254 1849 Terram
1274 1811 1325 1866 per
1345 1793 1438 1848 sidem

83 1873 162 1939 ferri,
185 1873 209 1927 is
228 1892 283 1929 non
304 1876 420 1940 evertit,
450 1893 523 1947 quac
543 1875 588 1930 hic
609 1877 674 1931 dicit
693 1878 817 1941 Psaltes,
849 1896 900 1932 nec
920 1877 1050 1932 convellit
1071 1875 1208 1930 hominum
1229 1872 1439 1946 experientiam.

83 1955 186 2009 Verum
207 1955 279 2009 enim
300 1956 473 2012 nihilominus
495 1963 547 2021 est,
570 1975 624 2011 non
644 1974 724 2012 ruere
738 1960 848 2023 Terras,
870 1958 922 2013 Dei
944 1956 1088 2012 architecti
1105 1973 1184 2026 opus,
1205 1962 1238 2009 ut
1251 1956 1344 2009 solent
1355 1968 1438 2033 ruera

83 2041 181 2089 nostra
201 2035 327 2090 aedificia
345 2043 488 2092 vetustate
509 2045 539 2091 et
559 2038 633 2092 carie
655 2042 811 2101 tousumta,
844 2057 897 2092 non
919 2037 1044 2093 inclinari
1065 2038 1099 2091 ad
1121 2037 1225 2101 latera,
1256 2052 1310 2089 non
1330 2032 1439 2089 turbari

82 2116 163 2169 sedes
185 2115 372 2180 animantium,
394 2117 545 2171 consistere
567 2124 671 2171 montes
692 2126 722 2171 et
742 2119 834 2182 litora,
856 2119 968 2174 immota
988 2124 1086 2173 contra
1105 2117 1223 2187 impetus
1244 2122 1387 2169 ventorum
1408 2121 1439 2168 et

82 2192 229 2259 ductuum,
252 2202 284 2250 nt
303 2203 385 2251 erant
405 2198 441 2251 ab
463 2197 548 2253 initio.
590 2197 741 2270 Subjungit
761 2207 854 2255 autern
875 2200 986 2253 Psaltes
1013 2196 1224 2268 pulcherrimam
1246 2193 1436 2267 hypotyposin

85 2274 270 2345 separationis
291 2279 424 2331 undarum
445 2294 465 2331 a
484 2278 697 2342 eminentibus,
718 2287 891 2351 exornatque
913 2295 974 2333 eam
995 2277 1149 2348 adjectione
1176 2277 1291 2332 fontium
1311 2282 1341 2329 et
1361 2273 1437 2329 utili·

83 2365 182 2419 tatum,
204 2371 273 2426 quas
294 2357 431 2411 exhibent
450 2359 540 2412 fontes
561 2365 591 2413 et
611 2366 709 2429 petrae
730 2360 886 2414 volueribus
908 2358 1189 2430 etquadrupedibns.
1225 2358 1283 2412 Nec
1300 2353 1439 2426 praeterit

83 2435 293 2491 exornationem
314 2437 467 2506 superficiei
488 2439 605 2493 Telluris
627 2456 645 2492 a
664 2440 742 2493 Mose
763 2446 1001 2495 commemoratam
1020 2439 1094 2493 inter
1121 2453 1208 2508 opera
1236 2437 1289 2491 diei
1319 2434 1437 2498 tertiaes

84 2517 214 2571 sedeam
236 2532 255 2570 s
275 2532 361 2572 cansa
381 2533 434 2571 sua
452 2517 556 2588 repetit
576 2519 674 2582 altius,
706 2520 741 2573 ab
771 2520 976 2575 humectatione
1006 2526 1076 2590 puta
1105 2517 1232 2573 coelesti:
1262 2523 1292 2571 et
1319 2521 1441 2571 exornat

69 2597 340 2651 commemoratione
360 2598 527 2669 utilitatum,
554 2615 625 2671 qnae
645 2600 763 2654 redeurm
783 2600 819 2654 ab
841 2600 892 2654 ills
911 2600 1093 2655 exornatione
1114 2600 1149 2654 ad
1170 2599 1271 2654 rictum
1291 2603 1322 2651 et
1341 2593 1446 2651 hilari·'

83 2683 172 2731 tatem
192 2676 308 2732 hominis
329 2685 360 2732 et
379 2677 528 2734 bestiarum
550 2680 720 2735 habitacula.
1404 2684 1407 2689 “

164 2766 273 2829 Quarta
293 2782 358 2836 pars
379 2767 475 2839 incipit
494 2784 575 2823 versu
597 2769 648 2837 20,
674 2768 819 2823 celebrans
841 2775 958 2840 quartae
978 2768 1031 2822 diei
1053 2784 1135 2839 opus,
1162 2769 1253 2823 Solem
1274 2773 1304 2821 et
1322 2766 1438 2829 Lanuui,

84 2848 132 2900 sed
154 2845 304 2917 praecipue
324 2846 490 2912 utilitatem,
520 2864 589 2919 quae
610 2867 645 2903 ex
667 2848 841 2904 distinetione
863 2856 1013 2921 temporum
1042 2851 1160 2904 redeunt
1180 2851 1215 2903 ad
1236 2845 1390 2903 animantia
1408 2851 1440 2900 et

82 2926 236 2991 hominem,
268 2943 340 2997 quae
360 2927 412 2998 ipsi
429 2927 490 2997 jam
511 2935 555 2983 est
575 2928 701 2997 subjecta
721 2930 852 2984 materia:
882 2935 915 2984 ut
934 2931 1009 2984 clare
1031 2937 1180 3000 appareat,
1211 2930 1299 2999 ipsum
1319 2927 1363 2981 hie
1383 2942 1440 2980 non

83 3023 171 3078 agere
193 3012 388 3063 astronomum.
430 3010 491 3064 Nou
513 3009 584 3063 enim
605 3010 740 3065 omisisset
767 3010 932 3065 mentionem
961 3011 1080 3082 quinque
1105 3010 1294 3080 planetarum,
1324 3022 1438 3078 quornm

83 3094 158 3141 motu
179 3086 248 3142 nihil
269 3092 314 3142 es't
339 3088 539 3154 admirabilius,
571 3089 638 3144 nihil
668 3091 827 3160 pulchrius,
858 3091 926 3145 nihil
956 3092 1026 3162 quod
1057 3093 1090 3144 de
1112 3090 1265 3144 conditoris
1295 3085 1438 3158 sapientia

83 3173 206 3222 testetur
225 3167 378 3223 evidentius
399 3171 473 3240 apud
494 3186 541 3223 eos
563 3170 608 3241 qui
629 3171 750 3240 capiunt.
793 3171 897 3234 Quinta
926 3186 992 3241 pars
1022 3176 1066 3224 est
1089 3188 1170 3224 versu
1200 3171 1246 3225 26.
1269 3171 1302 3222 de
1323 3167 1437 3239 quintae

83 3247 136 3302 diei
157 3264 260 3318 opere,
290 3248 439 3320 impletque
460 3250 548 3304 maria
568 3249 688 3320 piscibus
700 3257 739 3316 ,et
759 3259 878 3306 exornat
902 3251 1136 3322 navigationibus.
1177 3250 1266 3304 Sexta
1295 3242 1438 3303 obscurius

82 3328 241 3382 annectitur
261 3344 280 3383 a
298 3345 381 3384 versu
402 3329 449 3385 28.
471 3330 586 3402 agitque
607 3332 641 3383 de
661 3331 807 3386 Terrarum
828 3332 923 3386 incolis
945 3332 1122 3393 animalibus,
1149 3336 1230 3384 sexto
1259 3330 1303 3383 die
1321 3327 1434 3384 creatis.

82 3410 119 3462 Et
139 3407 257 3479 denique
283 3408 309 3463 in
337 3426 441 3481 genere
467 3411 560 3465 subdit
585 3411 736 3465 bonitatem
757 3412 810 3466 Dei
837 3411 1019 3466 sustentantis
1048 3411 1139 3466 omnia
1159 3418 1189 3466 et
1209 3410 1329 3465 creantis
1356 3408 1435 3465 nora.

84 3488 183 3543 Omnia
204 3488 302 3560 igitur,
325 3506 396 3561 quae
417 3492 450 3544 de
471 3494 569 3545 mundo
590 3491 709 3554 dixerat,
732 3493 766 3546 nd
788 3492 940 3547 animantia
959 3492 1057 3546 refert:
1079 3492 1161 3553 nihil,
1183 3493 1254 3563 quod
1274 3509 1329 3545 non
1349 3488 1387 3544 sit
1407 3487 1436 3543 in

83 3568 220 3632 confesso,
242 3577 450 3625 commemorat:
481 3571 586 3625 scilieet
606 3571 671 3642 quia
691 3573 797 3626 animus
818 3573 871 3643 ipsi
892 3582 936 3626 est
956 3573 1093 3627 extollere
1114 3579 1194 3635 nota,
1226 3589 1280 3625 non
1301 3568 1437 3643 inquirere

86 3648 239 3721 incognita,
260 3648 380 3704 invitare
400 3667 466 3706 reso
486 3651 608 3706 homines
629 3654 665 3706 a'd
685 3653 884 3708 consideranda
904 3653 1051 3716 beneficia,
1074 3668 1146 3724 quae
1167 3654 1202 3707 ad
1224 3653 1297 3723 ipsos
1319 3652 1437 3706 redeunt

84 3748 121 3784 ex
142 3729 185 3784 his
207 3729 379 3802 singulorum
399 3731 504 3786 dierum
524 3731 660 3801 operibus.

160 3822 255 3890 Atque
275 3837 330 3890 ego
350 3821 482 3875 lectorem
502 3837 590 3875 meum
611 3838 718 3893 quoque
738 3822 876 3885 obtestor,
907 3827 939 3876 ut
965 3839 1020 3877 non
1047 3822 1149 3877 oblitus
1169 3820 1303 3877 bonitatis
1323 3818 1433 3874 divinae

82 3900 109 3954 in
130 3898 256 3954 homines
276 3900 413 3965 collatae,
444 3903 478 3954 ad
509 3916 590 3970 quam
619 3901 842 3956 considerandam
873 3902 962 3972 ipsum
982 3904 1094 3958 Psaltes
1124 3903 1295 3973 potissimum
1325 3900 1434 3962 inritat,

81 3980 128 4034 ubi
149 3995 168 4033 a
188 3981 293 4049 templo
319 3997 447 4035 resersus
475 3981 501 4035 in
528 3982 650 4036 scholam
678 3982 886 4037 astronomicam
918 3983 1001 4039 luerit
1030 3985 1186 4056 ingressus,
1219 3998 1322 4038 mecum
1350 3979 1434 4034 etiam

81 4062 179 4115 laudet
198 4067 230 4114 et
250 4060 375 4117 celebret
393 4060 558 4131 sapientiam
579 4069 610 4115 et
628 4055 843 4134 magnitudinein
864 4063 1012 4129 creatoris,
1035 4081 1116 4136 quam
1136 4081 1191 4136 ego
1212 4063 1265 4134 ipsi
1280 4061 1378 4133 sperio
1397 4076 1450 4115 ex·

82 4142 186 4196 formae
216 4141 370 4196 mundanae
399 4141 528 4212 penitiori
562 4142 764 4211 explicatione,
799 4158 944 4198 causarum
978 4145 1168 4215 inquisitione,
1205 4144 1279 4198 visus
1313 4154 1435 4196 errorum

82 4218 255 4283 detectione;
276 4227 307 4275 et
327 4222 366 4275 sin
385 4240 440 4276 non
461 4230 569 4276 tantum
589 4222 618 4275 iu
631 4222 749 4276 Telluris
764 4223 927 4278 firmitudine
942 4231 972 4281 et
985 4227 1141 4281 stabilitate
1156 4227 1276 4280 salutem
1289 4223 1436 4277 universae

82 4309 201 4357 natnne
229 4299 392 4367 visentium,
422 4310 456 4356 ut
474 4301 527 4357 Dei
548 4319 644 4356 munus
664 4304 856 4367 exosculetur,
887 4307 935 4358 sed
965 4306 1048 4362 etiam
1080 4307 1108 4362 iu
1134 4306 1258 4376 ejusdem
1278 4310 1353 4358 motu
1375 4307 1432 4355 tam

84 4381 233 4445 recondito,
255 4387 314 4435 tam
333 4381 502 4445 admirabili,
519 4381 658 4437 creatoris
679 4389 816 4454 agnoscat
839 4384 1012 4455 sapientiam.

161 4469 216 4533 Qni
236 4486 302 4524 sero
322 4472 449 4527 hebetior
469 4478 527 4536 est,
559 4490 640 4544 quam
670 4479 703 4527 nt
734 4474 941 4529 astronomicam
964 4475 1106 4530 scientiam
1136 4490 1237 4545 capere
1258 4471 1359 4543 possit,
1389 4472 1436 4527 vei

83 4550 228 4614 infirmior,
251 4567 332 4621 quam
352 4559 384 4607 ut
404 4553 538 4608 inoffensa
557 4554 664 4625 pietate
685 4553 836 4624 Copornieo
857 4557 967 4611 credat:
996 4556 1022 4611 ei
1043 4558 1161 4619 suadeo,
1184 4561 1215 4608 ut
1235 4552 1319 4607 missa
1339 4551 1436 4608 schola
1528 4594 1535 4614 ,

84 4630 283 4696 astronomica,
313 4633 449 4689 damnatis
470 4633 554 4690 etiam
575 4634 598 4688 si
619 4635 713 4705 placet
732 4633 957 4705 philosophorum
976 4637 1181 4709 quibuscunque
1211 4631 1338 4703 placitis,
1369 4649 1434 4688 snas

83 4728 125 4765 res
146 4716 220 4783 ngat
238 4717 270 4766 et
290 4713 327 4767 sb
346 4714 401 4770 hae
420 4715 645 4787 peregrinatione
665 4716 803 4770 mundana
830 4716 977 4782 desistens,
1009 4718 1115 4769 domum
1139 4717 1173 4768 ad
1203 4713 1326 4785 agellum
1356 4728 1435 4768 sunm

85 4792 267 4847 excolendum
290 4808 322 4846 se
348 4795 476 4865 recipiat,
498 4796 651 4868 oculisque,
682 4794 780 4867 quibus
800 4795 868 4851 solis
889 4787 985 4859 ridet,
998 4796 1026 4849 in
1046 4796 1099 4850 hoe
1119 4793 1308 4865 adspectabile
1328 4794 1435 4849 coelam

87 4871 222 4939 sublatis,
253 4877 314 4928 toto
340 4882 453 4946 pectore
474 4876 502 4931 in
521 4875 675 4953 gratianus
695 4875 832 4937 notionem
851 4882 882 4936 et
901 4877 998 4933 laudes
1018 4875 1071 4933 Dei
1091 4873 1244 4933 condem
1262 4872 1434 4935 medam:
