3374 5528
649 346 690 400 De
708 343 816 399 hictibus
835 347 929 400 Stellae
946 347 1036 400 Martis

697 581 818 680 Caput
847 579 986 656 XLIX.

166 741 328 809 Elenchns
356 741 478 824 prioris
509 739 647 803 methodi
675 741 914 823 aequationem,
944 749 973 804 et
994 744 1158 806 methodus
1180 742 1386 817 concinnior,
1408 742 1514 805 inrisa

224 832 408 916 principiis,
430 831 515 894 nom
537 827 656 892 caulem
679 850 719 892 esc
741 833 897 894 senonia
919 832 1035 913 cupitis
1057 830 1169 897 XLV.
1194 831 1455 945 cmmomdpm.

258 974 300 1036 Ut
330 973 421 1052 igitur
453 990 575 1033 causam
607 969 741 1053 ἀτεχνιας
763 973 850 1051 hujus
869 972 935 1051 jam
959 972 1116 1044 absolutae
1140 973 1273 1036 methodi
1297 948 1421 1047 vidend,
1451 990 1515 1053 per-

166 1062 263 1145 pende
296 1062 402 1143 quibus
431 1060 634 1123 fundamentis
657 1060 812 1124 innitatur.
860 1061 999 1140 Ponitur,
1032 1063 1155 1142 planeta
1187 1064 1217 1124 in
1250 1062 1516 1165 epicycquuoveri

166 1151 341 1233 aequaliter,
367 1172 386 1213 a
409 1149 480 1212 Sole
503 1150 568 1230 rapi
592 1150 789 1230 inaequaliter
811 1169 864 1230 pro
888 1140 1005 1212 rationi
1029 1151 1248 1216 distantiarum.
1297 1151 1348 1214 Ex
1376 1150 1423 1214 lns
1446 1150 1516 1212 dua

166 1242 222 1304 bus
252 1249 351 1302 motus
383 1238 538 1318 principiis
570 1240 704 1315 nascitur
733 1241 785 1301 via
817 1240 927 1337 ovaliq
974 1242 1020 1302 At
1047 1242 1150 1322 nequit
1180 1242 1235 1302 hac
1266 1240 1411 1304 methodo
1436 1239 1516 1323 uiri,

167 1339 280 1412 quanta
301 1328 399 1410 portio
423 1329 460 1389 de
483 1329 535 1390 via
557 1329 637 1390 ovali
661 1328 766 1407 cuique
790 1330 861 1391 dato
886 1330 1012 1410 tsrlrpori
1036 1331 1233 1409 respondeat,
1259 1330 1318 1392 etsi
1339 1329 1454 1410 sciatur
1473 1328 1516 1389 di·

167 1419 282 1482 stantia
310 1417 392 1479 illius
421 1410 586 1496 portionis,
616 1417 672 1478 uisi
703 1418 740 1479 ab
765 1418 849 1479 initio
873 1418 987 1480 sciatur
1010 1419 1164 1499 longitudo
1188 1419 1283 1481 totius
1302 1419 1412 1483 ovalis.
1458 1418 1517 1480 Ne-

169 1509 234 1590 quit
257 1515 357 1569 autem
380 1507 450 1568 sciri
475 1506 629 1584 longitudo
654 1506 766 1582 uvalis,
791 1508 848 1568 nisi
872 1527 910 1568 ex
934 1509 1051 1569 modulo
1075 1508 1229 1591 ingressus
1252 1508 1398 1588 planetae
1423 1528 1442 1569 a
1462 1507 1516 1594 ¹cir·

168 1596 366 1661 cumferentia
398 1595 500 1657 circuli
534 1597 572 1657 ad
606 1597 715 1658 latera.
771 1595 832 1658 Sed
861 1615 956 1676 neque
984 1582 1120 1659 modullis
1150 1597 1236 1677 hujus
1269 1598 1429 1676 ingressus
1453 1605 1516 1657 ante

168 1687 316 1759 noscitur,
342 1704 430 1765 quam
455 1693 610 1758 noscatur,
644 1692 758 1765 quanta
790 1687 887 1765 portio
921 1686 958 1746 de
991 1686 1041 1746 via
1069 1687 1148 1749 ovali
1172 1688 1226 1748 sub
1251 1705 1429 1768 quocunque
1452 1686 1518 1747 dato

170 1784 303 1856 tempore
328 1774 510 1835 conficiatur.
568 1774 626 1835 Hic
657 1775 742 1834 vides
772 1774 836 1855 peti
867 1774 1058 1861 principium:
1090 1784 1121 1837 et
1156 1777 1185 1837 in
1220 1776 1399 1855 operatione
1423 1785 1518 1836 uostn

56 1920 60 1928 .
116 1906 121 1919 ·
168 1866 251 1947 prius
275 1883 513 1925 assumseramus
538 1864 614 1943 qnod
639 1865 853 1942 quaerebatur,
888 1860 1006 1941 scilicit
1029 1864 1243 1943 longitudinem
1268 1864 1378 1926 oraha.
1419 1864 1486 1944 Neq

171 1956 228 2018 boc
252 1953 356 2014 vitium
380 1953 489 2013 saltem
513 1936 561 2013 eit
584 1953 796 2014 intellectionis
821 1942 959 2028 nostrie,
992 1954 1044 2014 sed
1069 1953 1107 2015 ab
1130 1954 1196 2033 ipso
1217 1954 1374 2034 primaevo
1403 1952 1468 2015 ordi

170 2053 235 2107 tore
259 2041 494 2122 planetariorum
518 2060 656 2103 cursuum
682 2042 913 2103 alienissimum:
931 2036 1058 2122 qualem
1085 2040 1305 2121 dyonantenses
1329 2040 1518 2125 antiqlpatio·

169 2153 237 2196 nem
260 2134 290 2194 in
312 2131 422 2192 ceteris
447 2131 512 2210 ejus
536 2131 675 2210 operibus
699 2131 845 2192 hacteuus
872 2149 931 2191 non
953 2124 1129 2197 invenimus.
1182 2133 1289 2212 ltaque
1314 2140 1370 2194 aut
1393 2128 1457 2193 alia
1477 2137 1518 2190 est

170 2222 301 2286 ineunda
323 2220 420 2294 ratio,
452 2219 619 2299 opinionem
652 2220 762 2301 capitis
785 2212 948 2282 XLV.'ad
973 2216 1106 2282 calculos
1129 2221 1273 2295 vocandi,
1308 2227 1382 2296 aut,
1422 2220 1449 2283 si
1470 2219 1517 2282 hoc

169 2311 234 2376 lieri
264 2310 384 2390 nequit,
424 2310 524 2399 opinio
552 2310 635 2388 ipsa,
670 2316 774 2390 utpote
798 2310 836 2370 de
859 2309 915 2370 hac
938 2309 1073 2390 principii
1098 2311 1241 2390 petitione
1266 2317 1434 2391 suspecta,
1469 2328 1517 2369 va·

170 2400 297 2465 cillabit.
480 2410 484 2417 ·

260 2486 431 2568 Implicatio
455 2486 554 2547 nobis..
565 2470 643 2548 hinc*
658 2492 706 2547 est
728 2493 815 2560 nata,
847 2486 926 2568 quod
950 2487 1067 2548 evalem
1089 2488 1286 2567 compositam
1309 2487 1409 2563 viam,
1440 2505 1516 2550 meu-

174 2598 246 2643 sura
275 2576 424 2658 aequabili
455 2575 597 2656 temporis
621 2577 681 2648 usi,
717 2575 747 2636 in
776 2584 881 2656 partes
911 2574 1061 2649 senuimus
1089 2574 1280 2659 inaequales;
1310 2572 1415 2655 ett'hlc
1438 2575 1516 2656 hujus

170 2668 267 2731 uvalis
291 2665 474 2745 compositae
498 2673 600 2745 partes
625 2664 808 2746 inaequales,
833 2665 887 2726 sed
911 2662 1121 2739 distantiarum
1146 2646 1516 2747 compensanfflmrsum

72 2784 73 2794 ¹
171 2763 330 2838 aequatas,
360 2754 452 2815 moris
475 2755 619 2833 planetae
643 2754 819 2835 aequalibus
843 2753 1036 2815 circumcirca
1060 2734 1332 2937 admenswus.
1380 2755 1476 2837 Atqui
1491 2754 1517 2814 in

171 2843 416 2927 praesuppositis
444 2843 650 2914 habebamus,
681 2845 809 2903 alteram
842 2843 951 2904 saltem
975 2844 1132 2918 virtutem,
1171 2863 1186 2904 e
1281 2862 1339 2907 uae
1365 2862 1404 2905 ex
1427 2842 1516 2914 Sole,

171 2935 287 3000 intendi
312 2951 367 3012 pro
386 2932 596 2994 distantiarum
616 2932 742 3006 ratione,
766 2933 907 2992 virtutem
929 2933 1101 3011 planetae
1124 2930 1276 3012 propriam
1297 2932 1441 3005 urinime:
1459 2931 1516 3012 jam

172 3025 220 3088 bic
243 3024 273 3085 in
297 3039 387 3101 opere
411 3030 566 3102 utramque
589 3023 649 3083 vim
674 3021 890 3102 quodammodo
914 3022 1073 3084 obnoxiam
1098 3022 1223 3083 lecimus
1246 3022 1314 3083 huic
1337 3018 1516 3102 proportioni

173 3112 404 3184 distantiarum,
434 3111 505 3192 quia
528 3111 681 3192 utriusque
705 3129 857 3172 commune
882 3129 964 3190 opus,
990 3111 1302 3191 ovalem‚1planetae
1337 3111 1462 3186 damus,
1482 3107 1516 3169 ad

167 3202 325 3266 modulum
363 3199 575 3260 distantiarum
608 3200 850 3280 percurrendam.
902 3200 971 3260 Etsi
1001 3201 1091 3280 igitur
1113 3199 1276 3280 propinque
1300 3198 1463 3263 admodum
1483 3197 1515 3257 ad

174 3292 336 3352 veritatem
368 3289 551 3350 accessimus
575 3288 604 3348 in
629 3291 737 3351 effectu
761 3289 847 3368 hujus
871 3290 1020 3358 methodi,
1053 3288 1126 3350 nihil
1149 3297 1248 3350 tamen
1272 3288 1440 3358 habemus,
1467 3304 1516 3368 quo

175 3382 343 3460 gloriemur,
369 3398 552 3458 expressam·
568 3398 635 3439 esse
660 3399 696 3439 ea
720 3378 886 3457 opinionem
911 3397 975 3459 cap.
990 3378 1089 3451 XLV,
1114 3378 1140 3438 si
1155 3399 1174 3439 a
1188 3378 1303 3439 ratione
1321 3368 1512 3441 destituimur.

173 3469 300 3533 Rectius
324 3468 418 3547 igitur
442 3467 617 3531 videbamur
641 3468 752 3540 acturi,
778 3466 804 3526 si
827 3467 919 3527 missa
938 3468 988 3527 via
1008 3467 1087 3528 ovali
1110 3467 1277 3546 composita
1298 3467 1425 3549 ejusque
1442 3462 1515 3546 plani

306 3592 359 3661 pig·
381 3588 440 3641 10³.
571 3557 763 3638 quadratura,
779 3556 910 3634 capitum
924 3555 1041 3617 XLVI.
1064 3555 1197 3618 XLVII.
1221 3555 1369 3619 XLVIII.
1385 3554 1515 3625 materie,

573 3646 611 3706 ad
631 3646 698 3725 ipsa
713 3645 807 3705 ovalis
824 3645 890 3705 viae
908 3645 1063 3725 principia,
1084 3665 1149 3725 cap.
1167 3645 1266 3707 XLV.
1284 3654 1434 3719 assumta,
1456 3643 1513 3706 oal-

300 3722 472 3889 β
573 3735 669 3796 culum
684 3741 933 3795 converteremus.
966 3734 1131 3813 Relegatur
1149 3742 1238 3814 caput
1252 3732 1354 3806 XLV,
1375 3741 1407 3795 et
1423 3739 1515 3795 centro

291 3888 320 3907 Α,
384 3875 388 3883 .
516 3806 536 3863 (l
573 3825 603 3886 A
627 3841 749 3902 corpore
774 3822 866 3894 Solis,
891 3823 1070 3884 diastemate
1091 3825 1165 3897 AD,
1189 3822 1319 3884 circulus
1343 3821 1406 3886 DG
1429 3818 1514 3885 centri

573 3912 697 3992 epicycli
722 3912 886 3985 scribatur3
911 3920 941 3972 et
965 3912 1042 3973 alius
1065 3921 1168 3973 centro
1191 3911 1230 3981 Α,
1254 3912 1438 3977 diastemte
1455 3909 1513 3978 AB.

574 4001 701 4063 circulus
731 4000 861 4078 ephebi,
891 4001 922 4061 iu
945 4020 1002 4081 quo
1027 3999 1068 4061 sit
1090 3999 1177 4062 AGB
1202 4001 1282 4065 linea
1304 4000 1461 4080 apsidum
1489 4006 1514 4056 et

572 4090 711 4170 planeta,
747 4090 864 4168 quando
897 4097 944 4150 est
977 4087 1109 4168 ἀφηλιος,
1143 4089 1183 4150 sit
1209 4088 1239 4149 in
1262 4088 1298 4149 B.
1345 4088 1397 4152 Sit
1424 4094 1513 4150 auten

572 4186 689 4257 tempus
713 4178 834 4258 aliquod
858 4179 993 4257 elapsum
1012 4179 1050 4240 ab
1070 4198 1115 4252 eo,
1139 4196 1196 4259 quo
1216 4177 1343 4257 planeta
1365 4177 1425 4240 fuit
1437 4178 1467 4240 iu
1483 4174 1511 4245 B,

573 4267 656 4344 cujus
688 4287 828 4329 mensura
858 4268 899 4329 sit
922 4266 1004 4329 CDE
1038 4267 1164 4347 angulus
1187 4266 1217 4328 in
1245 4265 1398 4347 epicyclo,
1431 4274 1463 4327 ut
1481 4265 1510 4334 B,

573 4356 691 4435 aplrelio
715 4355 850 4436 epicycli,
874 4356 904 4417 in
928 4354 952 4417 C
976 4356 1136 4431 translato,
1159 4362 1190 4417 et
1214 4354 1243 4417 G
1267 4364 1375 4418 centro
1397 4351 1510 4436 epicych

572 4446 602 4505 iu
625 4447 663 4519 D,
687 4447 810 4525 planeta
832 4436 1018 4526 in‘epieyclo
1042 4443 1105 4508 aC
1129 4445 1158 4506 in
1181 4444 1207 4505 E
1231 4443 1330 4506 iverit.
1378 4438 1510 4524 ergon

573 4534 812 4612 cognoscendum
834 4534 920 4598 ΗΑΒ
944 4530 1099 4613 angulum?
1118 4534 1173 4596 sub
1190 4530 1282 4619 ΟΜ,
1297 4541 1429 4615 ternpus,
1449 4549 1508 4612 per·

571 4623 678 4703 pende,
702 4624 857 4703 planetam
881 4645 899 4684 a
921 4624 947 4684 B
971 4623 999 4682 in
1022 4622 1049 4683 Ε
1073 4621 1246 4702 pervenisse
1280 4622 1398 4685 duabus
1426 4621 1506 4701 virto-

572 4712 672 4787 tibus3
697 4713 809 4786 altera,
833 4733 908 4793 quae
933 4712 1029 4791 ipsum
1053 4711 1124 4774 iecit
1147 4708 1211 4772 Soli
1235 4711 1422 4791 propiorem,
1445 4722 1505 4789 quoe

573 4801 660 4862 simul
684 4801 777 4864 etiam
799 4803 903 4863 eduxit
926 4819 991 4862 eum
1015 4820 1030 4860 e
1054 4798 1135 4862 lines
1157 4797 1213 4862 AC
1238 4797 1288 4861 vel
1310 4801 1387 4877 AD,
1410 4799 1440 4862 in
1460 4811 1503 4877 qua

570 4890 653 4970 prius
673 4891 785 4967 tuerat,
809 4910 876 4953 cum
888 4889 946 4955 Ao
961 4897 1044 4956 esset
1060 4889 1091 4952 in
1103 4889 1181 4973 AB;
1204 4888 1314 4965 altera,
1333 4908 1412 4974 quas
1424 4888 1502 4975 {pauo
