3368 5534
304 299 368 371 392
782 304 949 369 nauseas
967 306 1060 359 sauss
1079 304 1167 359 una

391 485 457 548 Hoc
479 492 569 564 pacto
594 503 733 546 accessus
756 486 807 547 ille
830 487 1003 550 libratorius
1027 487 1104 550 citra
1127 487 1236 548 mentis
1252 505 1373 571 operam
1388 509 1408 548 a
1422 488 1453 548 ri
1469 490 1646 568 magnetica,

302 573 396 637 insita
419 573 537 654 quidem
561 581 591 633 et
615 574 764 650 solitaria,
795 577 962 654 perficitur,
992 577 1045 637 sed
1070 575 1153 654 cujus
1177 584 1277 637 tamen
1301 575 1435 639 delinitio
1460 597 1480 638 a
1504 578 1647 641 forinseco

301 683 426 745 corpore
449 661 531 725 Solis
554 663 711 742 dependet.
757 663 906 727 Definitur
936 666 1011 726 eninr
1040 665 1086 725 vis
1110 664 1192 725 Solis
1224 674 1371 745 appetens
1400 666 1450 727 rel
1474 667 1515 728 ab
1542 686 1578 727 eo
1601 670 1646 729 ln·

302 755 398 834 giens
443 753 490 814 Ac
521 751 579 813 etsi
609 751 655 812 vis
678 751 753 812 haec
776 753 854 813 inter
877 764 1043 833 magnetes,
1067 773 1142 834 quae
1166 754 1235 815 illos
1259 754 1430 834 conjungit,
1469 755 1563 817 debet
1584 775 1646 818 esse

301 850 417 916 mutua,
442 859 497 920 ego
525 858 597 901 vero
628 859 718 920 supra
744 861 808 921 cap.
833 843 986 906 XXXIX.
1012 845 1048 902 de
1071 843 1143 903 Sole
1167 841 1275 921 negavi
1298 843 1359 903 vim
1385 843 1579 922 planetarum
1600 856 1646 907 at-

301 930 488 993 tractricem:
518 929 743 1008 intelligebatur
770 938 869 992 tamen
902 932 1107 993 tantummodo
1131 950 1210 992 mere
1234 932 1408 1006 attractrix,
1443 942 1479 995 nt
1500 953 1539 995 ex
1562 955 1644 997 usur-

301 1029 375 1102 pato
398 1028 573 1099 argumento
596 1027 693 1098 patet.
739 1020 797 1080 llic
821 1030 920 1082 autem
944 1021 1064 1099 ponitur
1088 1020 1175 1080 simul
1199 1019 1369 1095 attractrix,
1394 1020 1483 1083 simul
1508 1022 1569 1083 alio
1591 1024 1644 1083 situ

301 1108 456 1190 rapnltrix.
503 1108 563 1169 Vel
586 1106 679 1168 etiam
701 1107 759 1168 hoc
782 1118 925 1186 ponatur,
950 1118 984 1170 ut
1006 1110 1059 1172 Sol
1082 1109 1179 1169 instar
1203 1110 1273 1170 ferri
1296 1110 1427 1172 nondum
1450 1110 1559 1173 imbuti
1581 1122 1644 1173 tan-

300 1198 454 1261 tummodo
484 1204 620 1276 petatur,
650 1216 709 1257 non
739 1197 873 1259 vicissim
900 1207 1001 1279 petat:
1030 1217 1097 1258 cum
1129 1197 1224 1277 ipsius
1247 1199 1400 1261 filamenta
1423 1218 1519 1280 supra
1542 1200 1644 1262 suerint

299 1287 473 1361 circularia,
500 1287 690 1366 planetarum
713 1305 783 1347 vero
807 1287 854 1348 hic
878 1296 1026 1366 ponantur
1048 1294 1141 1350 recta.

386 1375 505 1438 Sufficit
527 1373 600 1436 mihi
623 1393 661 1435 ex
684 1375 740 1435 hoc
765 1376 900 1457 exemplo
927 1376 1078 1455 magnetis
1101 1375 1326 1436 demonstrasse
1349 1375 1590 1455 possibilitatem
1604 1380 1640 1441 rei

298 1466 329 1527 in
357 1483 476 1544 genere.
525 1462 666 1526 Ceterum
696 1464 732 1524 de
765 1482 796 1523 re
831 1463 898 1544 ipsa
928 1466 957 1526 in
986 1464 1086 1544 specie
1109 1464 1236 1540 ambige.
1283 1464 1361 1526 Nam
1391 1466 1473 1546 qnod
1496 1467 1639 1529 Tellurem

298 1554 422 1628 attinet,
447 1561 560 1616 certum
584 1560 648 1624 est,
671 1544 864 1630 axem‘ejns,
896 1555 980 1632 cujus
1004 1553 1152 1634 aequabili
1176 1561 1208 1613 et
1230 1553 1447 1634 aequidistanti
1482 1555 1640 1618 directione

298 1643 368 1704 anni
413 1653 550 1721 tempora
584 1641 751 1702 efficiuntur
787 1641 818 1702 in
849 1643 968 1721 punctis
999 1642 1219 1716 cardinalibus,
1251 1642 1383 1722 ineptum
1411 1662 1482 1705 esse
1507 1645 1547 1706 ad
1570 1646 1637 1707 banc

298 1730 489 1794 librationem
512 1740 542 1791 et
565 1730 604 1791 ad
627 1730 793 1808 aphelium,
819 1750 885 1792 curn
909 1731 991 1793 Solis
1015 1750 1181 1811 apogaeum
1199 1730 1247 1791 vel
1263 1731 1374 1793 Terrae
1394 1732 1547 1812 aphelium
1562 1735 1639 1796 bodie

298 1839 376 1901 pene
405 1820 556 1883 coincidat
584 1837 650 1880 cum
672 1819 791 1898 punctis
825 1820 1049 1894 solstitialibus,
1079 1839 1137 1881 non
1170 1838 1241 1880 vero
1269 1838 1334 1881 cum
1367 1821 1637 1900 aequinoctialibus,

301 1909 383 1991 quod
405 1908 492 1971 nobis
516 1917 599 1969 esset
622 1915 836 1988 opportunum;
865 1928 919 1970 neo
948 1910 1092 1971 manserit
1116 1909 1145 1969 in
1170 1909 1274 1970 eadem
1297 1910 1465 1971 remotione
1489 1931 1510 1972 a
1530 1915 1638 1993 punctis

301 1998 513 2061 cardinalibus.
562 1994 679 2067 Quodsi
701 1997 750 2058 hic
773 1997 840 2058 axis
864 2017 921 2058 non
945 2007 993 2059 est
1016 1998 1149 2070 idonens,
1174 1996 1271 2058 nullus
1294 1998 1323 2058 in
1347 2007 1412 2061 toto
1431 1999 1566 2063 Telluris
1579 2021 1636 2063 cor-

299 2106 374 2169 pore
396 2088 521 2152 idoneus
545 2106 613 2147 esse
637 2085 763 2160 videtur,
787 2105 853 2146 cum
877 2086 975 2149 nullus
999 2089 1063 2165 ejus
1087 2094 1202 2147 tractus
1217 2087 1268 2157 sit,
1292 2085 1340 2167 qui
1356 2089 1636 2168 quiescatineodem

301 2178 376 2252 situ,
406 2185 472 2239 toto
495 2175 577 2256 globi
601 2193 724 2255 corpore
748 2175 829 2235 circa
851 2176 980 2254 priorem
1003 2176 1087 2237 illum
1110 2194 1196 2235 axem
1220 2175 1326 2236 diurna
1348 2186 1381 2236 et
1402 2177 1570 2258 irrequieta
1589 2198 1636 2261 gp·

300 2266 417 2329 ratione
440 2264 663 2328 circumvoluta.
710 2265 755 2325 At
777 2283 862 2336 vero,
893 2265 918 2324 si
942 2265 1024 2326 nulla
1046 2265 1134 2344 plane
1159 2263 1324 2325 materialis
1347 2275 1377 2326 et
1400 2268 1576 2346 magnetica
1597 2270 1634 2331 Ia

299 2355 400 2418 aalma
423 2355 580 2417 absolvere
603 2360 705 2432 potest
727 2352 827 2413 munia
851 2353 903 2414 illa
925 2353 1055 2431 planetis
1079 2354 1216 2432 privatim
1241 2353 1410 2428 commissa,
1435 2356 1475 2418 ob
1499 2356 1634 2419 delectum

299 2443 477 2518 mediorum,
507 2443 633 2504 idoneae
664 2441 780 2503 scilicet
808 2441 946 2504 diametri
969 2443 1112 2521 corporis,
1136 2442 1193 2505 sibi
1208 2441 1265 2522 ipsi
1285 2442 1313 2502 in
1331 2444 1559 2507 circumlatione
1576 2466 1633 2527 per·

298 2540 389 2614 petuo
412 2531 657 2613 aequidistantis,
683 2530 732 2609 qui
756 2531 891 2593 delectus
911 2532 974 2612 jam
998 2533 1028 2592 in
1052 2550 1109 2592 uno
1131 2532 1337 2610 planetarum,
1362 2532 1392 2593 in
1416 2534 1508 2613 globo
1532 2535 1634 2598 scilieet

297 2621 426 2683 Telluris
449 2619 601 2700 appamit:
626 2628 797 2681 accersatur
821 2639 892 2698 ergo
917 2617 1072 2694 meus,*)
1096 2638 1172 2700 quae
1194 2628 1229 2680 nt
1251 2639 1316 2699 cap.
1341 2620 1495 2686 XXX1X.
1520 2624 1631 2694 dictum,

299 2729 337 2772 ex
370 2709 620 2789 contemplatione
653 2707 792 2770 diametri
816 2708 898 2769 Solis
930 2709 1093 2771 crescentis
1121 2709 1151 2770 in
1175 2708 1374 2788 cognitionem
1398 2713 1505 2775 veniat
1526 2713 1632 2775 distan-

299 2798 418 2874 tiarum,
443 2817 517 2878 quas
541 2796 674 2872 conficit3
703 2807 734 2858 et
756 2797 931 2877 praesideat
967 2797 1105 2859 facultati
1129 2817 1181 2858 seu
1215 2798 1336 2860 aalmali
1359 2817 1413 2861 sen
1442 2802 1577 2864 naturali
1599 2803 1632 2863 sic

300 2886 543 2950 accommodandi
567 2886 613 2947 sui
636 2887 717 2965 globi
739 2886 769 2947 in
794 2887 852 2947 situ
875 2886 1041 2966 parallelo,
1076 2894 1110 2946 ut
1132 2886 1232 2948 debito
1256 2886 1343 2948 modo
1368 2909 1386 2949 a
1409 2888 1512 2952 Solari
1536 2891 1633 2953 virtute

298 2977 470 3056 impellatur
493 2986 525 3038 et
547 2984 684 3056 respectu
709 2974 790 3036 Solis
814 2975 936 3037 libretur
960 2977 1058 3048 (mens
1082 2975 1159 3036 enirn
1183 2975 1262 3037 nuda
1282 2984 1313 3035 et
1328 2975 1476 3039 facultate
1495 2979 1633 3041 inferioris

299 3065 411 3146 gradus
444 3066 591 3128 destituta
614 3085 649 3125 eo
673 3064 737 3143 ipso
761 3085 819 3124 non
842 3074 948 3143 posset
972 3066 1129 3143 quicquam
1153 3065 1181 3125 in
1205 3069 1326 3145 corpus)
1351 3066 1499 3146 slmulque
1519 3069 1632 3131 consilio

301 3164 403 3216 utatur
425 3157 464 3216 ad
489 3154 656 3216 librationis
681 3164 816 3233 tempora
840 3154 1023 3215 restitutioni
1047 3154 1214 3233 periodicae
1239 3174 1296 3214 non
1319 3154 1408 3233 plane
1432 3159 1590 3236 aequanda
1609 3170 1631 3217 et

298 3243 344 3305 sic
381 3245 421 3305 ad
464 3243 691 3305 transferendas
733 3242 866 3321 apsidas.
932 3242 1064 3313 Quarum
1106 3262 1203 3304 rerum
1242 3243 1518 3307 verisimilitudines
1555 3266 1631 3329 snpra

298 3351 363 3413 cap.
387 3332 539 3396 XXXIX.
564 3339 634 3393 sunt
656 3330 834 3409 explicatae.

391 3423 520 3495 Restat,
547 3429 581 3482 nt
603 3421 673 3499 quia
695 3439 732 3481 ex
756 3419 1013 3480 observationibus
1033 3419 1099 3498 jana
1126 3430 1261 3480 tenemus
1285 3420 1368 3498 leges
1391 3431 1424 3482 et
1445 3426 1630 3503 quantitatem

303 3510 392 3590 hujus
417 3509 599 3583 librationis,
623 3530 681 3590 qua
703 3509 839 3570 diametri
865 3506 946 3569 Solis
970 3510 1108 3588 aspectus
1132 3510 1278 3575 variatur,
1303 3528 1376 3587 quas
1400 3528 1468 3590 cap.
1492 3514 1629 3578 XXXIX.

302 3599 399 3660 adhuc
423 3600 675 3679 ignoraveramus,
694 3599 757 3678 jam
781 3599 943 3669 rideamus,
968 3617 1005 3657 aa
1029 3598 1098 3658 illae
1123 3597 1205 3677 leges
1228 3598 1305 3659 tales
1328 3598 1404 3671 siut,
1427 3611 1462 3661 ut
1485 3603 1629 3667 verisimile

302 3688 358 3762 sit,
389 3707 442 3749 eas
471 3688 655 3750 innotescere
679 3689 828 3768 planetae.
876 3688 976 3764 Leges
999 3685 1168 3748 librationis
1191 3695 1276 3748 eraut
1298 3687 1393 3761 istae,
1418 3700 1454 3749 ut
1476 3692 1629 3755 anomaliae

303 3777 434 3839 eccentri
461 3778 544 3838 sinus
575 3796 679 3837 versus
710 3777 865 3838 metIretur
896 3784 1014 3855 partem
1048 3775 1216 3838 librationis
1248 3778 1426 3839 confectam.
1471 3781 1550 3843 Dico
1572 3800 1628 3859 ergo

300 3864 404 3927 initio:
438 3865 509 3926 dato
538 3875 569 3926 et
597 3884 739 3927 concesso
772 3866 841 3936 illo,
875 3865 911 3925 de
942 3884 999 3943 quo
1030 3870 1181 3926 testantur
1210 3865 1456 3941 observationes,
1490 3871 1627 3949 planetam

301 3953 418 4016 scilicet
438 3964 510 4034 post
541 3954 682 4034 aequales
710 3974 797 4015 arcus
825 3953 954 4015 eccentri
983 3953 1108 4014 inveniri
1132 3954 1159 4014 in
1184 3954 1278 4033 signis
1301 3978 1323 4032 y,
1348 3978 1373 4027 s,
1395 3978 1427 4030 μ,
1453 3952 1559 4035 (stag.
1578 3963 1627 4021 tlt)

301 4061 360 4103 non
393 4063 464 4105 vero
495 4043 522 4105 in
557 4043 651 4121 signis
674 4066 697 4121 y,
721 4070 739 4118 ι,
764 4045 790 4115 λ,
815 4039 844 4115 ζ,
880 4051 949 4103 tuac
982 4042 1116 4102 diametri
1141 4042 1223 4104 Solis
1255 4043 1471 4107 incrementum
1503 4048 1627 4110 exhibere

301 4131 463 4211 legitimam
488 4151 655 4193 mensuram
681 4132 764 4193 sinus
789 4131 867 4191 versi
899 4132 1069 4191 anomaliae
1098 4142 1294 4211 coaequatae,
1326 4152 1382 4192 non
1416 4134 1515 4197 miuus
1552 4150 1626 4217 atque

302 4221 422 4295 scimus,
447 4221 614 4282 anomaliae
639 4221 768 4282 eccentri
792 4220 873 4280 sinus
897 4239 1000 4280 versos
1024 4239 1092 4281 esse
1116 4239 1283 4281 mensuram
1306 4220 1550 4299 librationia**)

388 4377 416 4449 ⁶)
437 4382 541 4435 Vereor
561 4381 649 4435 dicere
670 4383 852 4446 rationali,
880 4399 914 4433 ne
935 4382 1071 4436 discursus
1090 4381 1204 4435 rationis
1225 4381 1462 4454 subintelligatur.

832 4462 950 4514 eccentri

808 4549 978 4612 coaequam
1029 4497 1103 4550 sinus
1131 4513 1225 4551 versus

376 4490 419 4567 “)
439 4496 582 4552 Memorat
602 4497 756 4553 momeliae

1278 4800 1345 4852 pore
1354 4785 1488 4855 planetae
1497 4790 1628 4863 appuis

1276 4869 1306 4919 et
1324 4863 1450 4927 vicissim,
