3374 5528
568 900 678 968 PARS
708 898 917 966 SECUNDA.

146 1072 208 1164 ΒΕ
234 1071 383 1165 ΡΒΙΜΑ
415 1069 590 1167 Mtllls
621 1065 824 1163 STELLAE
860 1062 1239 1175 ssltsddlllllll
1271 1063 1337 1156 ll)

450 1209 763 1304 lllllATIONllM
798 1206 1028 1302 VETERUM.

675 1427 811 1437 ——-—-

629 1555 748 1653 Caput
773 1550 855 1626 VII.

326 1714 400 1794 Quae
423 1714 642 1781 occasionem
664 1715 819 1780 theoriam
842 1709 961 1775 Martis
983 1710 1158 1775 inciderim.

151 1851 267 1917 Verum
290 1864 346 1931 est,
371 1856 432 1918 divi
441 1885 446 1911 ι
475 1854 643 1938 μ’,ᾋψι
675 1874 752 1939 qnae
775 1855 890 1917 discere
911 1853 1020 1932 jubeat
1037 1854 1173 1915 homines
1188 1852 1415 1928 astronomiam,

62 1943 91 2006 in
118 1942 228 2006 mundo
252 1942 319 2024 ipso
343 1963 451 2025 expre
483 1950 601 2004 se·
632 1944 731 2008 verbis
755 1952 808 2006 aut
831 1943 966 2026 syllabis,
992 1943 1046 2003 sed
1070 1962 1102 2004 re
1126 1942 1193 2022 ipsa
1216 1950 1248 2004 et
1260 1962 1414 2005 commen-

63 2031 219 2095 roratione
242 2030 364 2097 humaui
386 2022 554 2101 intell
581 2052 781 2115 sensuumque
805 2052 873 2095 cum
897 2031 974 2093 serie
998 2049 1154 2111 corporum
1178 2038 1209 2093 et
1224 2030 1415 2094 affectionum

64 2120 255 2184 coelestium.
302 2122 364 2186 Sed
396 2132 496 2187 tamen
525 2122 617 2187 etism
646 2126 742 2186 iatum
772 2123 930 2204 quodpiam
959 2120 1074 2181 occulte
1107 2120 1242 2182 homines
1272 2121 1350 2183 alios
1375 2122 1414 2182 sd

63 2212 140 2273 alias
165 2216 248 2272 artes
271 2212 400 2294 impellit
422 2222 579 2295 certosque
603 2213 712 2286 reddit,
738 2231 815 2283 sese,
840 2220 873 2272 ut
894 2228 966 2291 pars
990 2219 1060 2271 sunt
1082 2209 1176 2271 creati
1192 2209 1300 2290 operis,
1324 2210 1370 2271 ita
1384 2217 1415 2272 et

63 2301 94 2362 in
118 2306 207 2381 parte
231 2301 351 2364 divinae
374 2303 586 2383 providentiae
610 2323 687 2365 esse.

155 2387 232 2452 Cum
263 2392 390 2471 primum
422 2412 476 2474 per
506 2399 639 2455 aetatem
670 2388 877 2472 philosophiae
906 2387 1092 2450 dulcedinem
1115 2405 1295 2467 cognoscere
1318 2386 1413 2467 potui,

66 2478 237 2540 universam
262 2480 344 2543 illam
362 2480 476 2563 ingenti
498 2482 663 2562 cupiditate
687 2499 751 2542 sum
775 2477 958 2557 complexus,
982 2476 1054 2538 nihil
1079 2477 1237 2539 admodum
1257 2476 1293 2537 ds
1310 2485 1413 2538 astro-

66 2568 167 2630 nomia
193 2567 223 2629 in
247 2570 377 2650 speciem
401 2571 558 2633 sollicitus.
606 2572 726 2647 Aderat,
746 2568 864 2649 quidem
886 2565 1052 2646 ingenium;
1077 2585 1132 2628 nec
1155 2565 1314 2628 difficulter
1336 2584 1412 2645 geo-

65 2656 191 2719 metrica
214 2665 245 2720 et
267 2660 477 2733 astronomica,
501 2679 577 2740 quae
596 2660 766 2722 scholarum
786 2657 857 2719 ordo
881 2654 1105 2735 suppeditabat,
1123 2653 1286 2735 capiebam,
1310 2654 1412 2736 figuris

66 2744 212 2808 subnixus
241 2756 273 2809 et
301 2749 431 2810 numeris
465 2756 496 2809 et
527 2748 778 2833 proportionibus.
826 2743 887 2808 Sed
916 2752 1003 2806 erant
1027 2744 1080 2806 illa
1102 2743 1276 2806 necessaria
1298 2743 1410 2819 studia,

65 2834 140 2897 nihil
177 2836 255 2917 quod
292 2835 515 2900 inclinationem
547 2839 735 2919 potissimam
756 2837 811 2898 'ad
842 2833 1056 2897 astronomiam
1080 2840 1229 2913 argueret.
1277 2830 1411 2917 Cumque

64 2920 215 2987 sumtibus
237 2925 331 2988 Ducis
352 2926 597 3008 wirtembergiui
620 2935 816 3007 sustentarer,
841 2924 973 2985 viderem
995 2941 1067 2985 vero
1087 2921 1304 2985 commilitones
1318 2941 1411 2995 meos,

64 3032 140 3092 quos
168 3013 310 3094 princeps
337 3015 547 3097 interpellatus
570 3017 600 3079 in
625 3023 745 3078 exteras
768 3016 905 3077 nationes
929 3012 1086 3082 mittebat,
1111 3010 1305 3092 tergiversari
1328 3011 1411 3073 varie

63 3121 165 3163 amore
190 3103 319 3183 patriae,
344 3105 444 3167 durior
467 3124 523 3185 ego
547 3113 662 3168 mature
687 3104 844 3166 admodum
868 3121 984 3165 mecum
997 3102 1212 3176 concluseram,
1236 3118 1410 3189 quocunque

63 3190 233 3253 destinarer
255 3193 457 3277 promtissime
481 3195 575 3277 sequi.
612 3195 716 3258 Prima
738 3213 769 3256 se
790 3192 897 3254 obtulit
911 3186 1024 3253 iunctio
1040 3191 1252 3264 astronomica,
1272 3190 1410 3271 adquam

62 3288 164 3341 tamen
189 3281 357 3343 obeundam
381 3285 466 3357 (vere
489 3285 601 3354 dicam)
626 3294 765 3346 extrusus
790 3301 854 3343 sum
879 3281 1058 3343 auctoritate
1081 3286 1325 3360 praecepturum
1350 3298 1408 3342 non

62 3369 282 3450 longinquitate
306 3371 363 3433 loci
388 3372 520 3447 tenitas,
545 3393 632 3455 quem
655 3382 765 3434 metum
788 3371 817 3433 in
844 3372 912 3433 aliis
937 3371 1151 3431 damnaveram
1175 3371 1224 3441 (ut
1237 3369 1302 3449 jam
1320 3368 1406 3444 dixi),

61 3459 114 3518 sed
137 3459 295 3538 inopinato
320 3470 351 3521 et
368 3459 524 3523 'contemto
548 3455 708 3524 functionis
732 3480 840 3542 genere
865 3460 1067 3521 et¹teuuitate
1092 3459 1267 3521 eruditionis
1295 3458 1324 3521 in
1352 3459 1408 3524 hac

61 3547 271 3627 philosophiae
294 3556 392 3630 parto.
416 3551 503 3614 Hanc
527 3552 618 3631 igitur
641 3551 702 3613 adii
725 3550 897 3614 instructior
921 3548 958 3609 ab
982 3548 1100 3628 iugenio
1125 3566 1213 3628 quam
1236 3548 1406 3625 ascientia,

59 3635 185 3697 multum
217 3644 424 3717 protestatus,
458 3660 504 3702 me
524 3641 593 3720 jure
618 3640 746 3703 medad
771 3639 851 3701 aliud
874 3638 955 3700 vitae
980 3656 1089 3716 genus,
1121 3638 1199 3718 quod
1221 3637 1406 3717 splendidius

60 3724 240 3800 videbatur,
274 3747 461 3810 nequaquam
494 3731 610 3793 cedere.
666 3728 797 3801 Quinam
835 3728 943 3789 suerint
970 3726 1067 3808 primo
1099 3725 1219 3788 biennio
1248 3746 1406 3790 successus

58 3814 163 3876 horum
193 3816 375 3889 studiomm,
408 3838 444 3879 cx
468 3820 658 3902 Mysterio
688 3837 754 3880 meo
784 3814 1105 3896 cosmographico
1135 3822 1271 3895 apparet
1322 3814 1407 3886 Quos

57 3914 219 3983 praeterea
242 3906 312 3967 mihi
334 3908 474 3969 stimulos
498 3908 734 3970 Maestlinus
762 3914 938 3986 praeceptor
966 3924 1051 3967 mens
1076 3903 1247 3966 adhibuerit
1271 3905 1309 3966 ad
1333 3905 1406 3968 reli-

18 4072 21 4079 ·
56 4013 147 4072 quam
172 3995 387 4057 astronomiam
416 3997 668 4077 amplectendam,
701 3996 783 4075 leges
812 3996 843 4057 in
871 3994 972 4056 eodem
1005 3994 1106 4056 libello
1130 4002 1162 4055 et
1186 3993 1318 4074 epistola
1341 3996 1404 4075 ejus

55 4083 127 4157 viri,
163 4102 240 4163 quae
270 4093 318 4145 est
340 4085 515 4147 Narrationi
539 4086 657 4148 Rhetici
692 4085 833 4159 praefixa.
880 4092 978 4157 (eomp.
998 4088 1197 4157 vol.1,p.25.)
1246 4084 1403 4146 Inventum

56 4173 129 4234 illud
155 4173 275 4234 omnino
299 4175 419 4236 maximi
444 4175 512 4251 ieci,
536 4176 685 4255 multoque
711 4174 847 4253 majoris,
871 4174 949 4254 quod
971 4174 1114 4245 viderem,
1138 4182 1169 4234 et
1191 4171 1404 4235 Maestlino

56 4263 134 4323 idem
158 4270 319 4342 tantopere
344 4263 472 4342 probari.
527 4265 630 4345 Neque
660 4271 777 4326 tantum
809 4263 858 4325 ille
890 4283 937 4324 me
961 4262 1166 4325 exstimulavit
1190 4261 1404 4344 intempestiva

57 4351 221 4414 lectoribus
253 4353 451 4431 promissione
480 4353 562 4414 iacta
594 4352 724 4414 universi
757 4352 814 4413 mei
847 4356 895 4425 (ut
927 4351 1044 4432 ajebat)
1076 4350 1202 4433 operis
1235 4351 1401 4426 uranici,

54 4450 198 4521 quantum
222 4440 287 4521 ipse
311 4443 467 4508 ardebam.
496 4461 533 4503 ex
556 4443 745 4506 restitutione
770 4442 971 4505 astronomiae
995 4442 1162 4524 inquirere,
1187 4461 1225 4503 au
1248 4441 1403 4504 inventum

54 4529 124 4590 illud
158 4548 260 4593 meum
294 4550 409 4592 omnem
440 4530 679 4593 observationum
713 4532 912 4596 subtilitatem
938 4539 1103 4614 pateretur.
1149 4530 1220 4591 Jam
1244 4530 1323 4592 enim
1346 4531 1402 4593 de·

54 4627 256 4681 monstratum
293 4628 358 4682 erat
391 4620 422 4682 iu
451 4619 516 4700 ipso
541 4620 630 4694 libro,
658 4623 822 4685 consistere
847 4622 902 4686 hoc
926 4622 1007 4685 intra
1036 4620 1236 4683 subtilitatem
1260 4619 1402 4699 vulgatae

54 4708 268 4772 astronomiae.

143 4796 192 4859 Ex
225 4817 260 4858 eo
291 4795 393 4879 itaque
426 4805 560 4879 tempore
583 4799 664 4862 serio
689 4797 725 4859 de
749 4799 1011 4865 observationibus
1034 4794 1243 4879 comparandis
1266 4798 1401 4879 cogitare

131 4903 218 4953 [mort
232 4903 309 4953 open.
324 4904 360 4944 111.
1158 4901 1190 4952 14
