3368 5534
546 312 920 371 amoenante
937 314 1026 372 ιιι..
1043 312 1141 373 nna.
1472 314 1516 385 ιο

163 495 277 559 tabulis
301 494 515 577 asqnahouum
539 495 670 560 eccentri
693 503 725 559 et
747 495 958 560 distantiarum
981 493 1097 571 aSole,
1123 494 1357 559 accommodatis
1380 495 1421 559 ad
1442 515 1518 577 pro,

163 587 262 649 nimos
284 586 478 648 centenarios
506 586 584 648 ultro
613 576 747 666 citroque
780 596 811 648 et
839 586 920 666 aptis
943 584 1074 647 Saturno
1098 593 1131 646 et
1156 584 1246 658 Jovi,
1277 592 1311 646 nt
1339 584 1369 645 in
1393 580 1516 663 b-Pru-

165 675 284 737 tenicae
316 674 435 737 iaciunt
465 675 673 754 aequationem
705 674 835 738 eccentri
868 674 1028 742 maximam
1053 668 1091 736 60
1113 670 1167 736 30‘
1191 671 1267 750 300,
1292 673 1376 753 cujus
1400 674 1515 737 dimidii

166 760 202 827 30
229 761 280 826 150
308 761 371 826 150
395 763 479 825 sinus
503 758 591 827 5678
614 771 662 824 est
693 764 911 827 ecceutricitas.
959 762 1021 825 Sed
1044 762 1114 842 quia
1137 763 1185 824 hic
1213 764 1277 843 ejus
1305 762 1513 824 ecccntricitas

167 858 357 931 computatur
380 872 439 913 uon
463 873 482 913 a
504 861 607 915 centro
632 850 728 926 Solis,
753 854 807 914 sed
831 874 849 913 a
871 860 991 933 puncto,
1016 852 1094 930 qnod
1117 848 1137 930 l)
1162 870 1297 931 apogaeo
1321 861 1369 911 est
1392 852 1514 932 propius

167 961 217 1022 per
240 936 382 1005 360οἰιι
409 941 590 1003 dimensione
621 941 697 1001 radii
729 941 809 1002 orbis
833 942 943 1002 Terrae
971 937 1116 1014 100000,
1151 941 1207 1001 hoo
1239 950 1287 1001 est
1318 959 1372 1019 per
1395 938 1460 1003 300
1483 941 1513 1003 in

170 1031 355 1093 dimensione
385 1029 463 1091 radii
493 1025 617 1107 orbisii
645 1026 773 1093 100000
806 1031 891 1110 (quia
914 1029 940 1090 is
964 1029 1026 1090 fere
1059 1029 1200 1107 decuplus
1224 1029 1263 1091 ad
1286 1028 1402 1091 radium
1432 1029 1512 1091 orbis

169 1120 306 1192 Terrae),
339 1117 424 1201 ideo·
440 1119 541 1181 aufero
574 1112 649 1180 360
671 1118 715 1179 ab·
741 1119 967 1181 eccentricitate
998 1116 1168 1191 Prntenica,
1193 1126 1225 1179 et
1247 1114 1335 1181 5318
1367 1127 1513 1181 remanet

172 1206 263 1287 οιιρίιι
288 1207 382 1287 igitur
404 1206 538 1283 tabulam
560 1207 774 1285 aequationum
796 1227 863 1269 mea
881 1207 1021 1269 methodo
1034 1215 1248 1269 constructam
1272 1207 1311 1267 ad
1326 1207 1381 1268 bas
1405 1226 1515 1269 eccen-

170 1297 338 1358 tricitates:
363 1293 461 1369 5200.
485 1293 582 1370 5300,
605 1291 703 1358 5400.

252 1384 309 1448 Sic
332 1385 361 1446 in
376 1385 408 1459 ll
429 1385 608 1447 Prutenioae
632 1384 745 1447 iaciunt
765 1383 973 1463 aequationem
992 1383 1151 1444 eecentrici
1166 1382 1326 1445 maximam
1340 1379 1379 1444 50
1396 1380 1447 1446 140
1460 1382 1514 1461 00,

172 1474 252 1554 cnjus
275 1474 432 1536 dimidium
452 1469 494 1535 2⁰
516 1470 570 1536 37¹
594 1471 646 1548 0‘¹,
672 1473 794 1553 ejusque
818 1473 900 1534 sinus
924 1468 1031 1536 4565:
1060 1490 1165 1551 parum
1188 1472 1235 1533 hic
1263 1472 1428 1534 mutabitur
1450 1473 1515 1535 aive

173 1583 206 1625 ex
226 1561 303 1626 Sole
326 1562 392 1624 sive
415 1581 452 1623 ex
475 1563 534 1624 alio
557 1561 654 1624 lineae
682 1562 820 1641 apsidum
846 1570 956 1641 puncto
985 1567 1191 1640 computetur,
1224 1561 1294 1641 qnia
1315 1561 1516 1642 apheliumll

172 1660 216 1712 eat
236 1651 269 1713 in
293 1651 380 1714 initio
405 1661 463 1716 ἐξ.
510 1649 605 1731 Cupio
638 1670 709 1730 ergo
743 1651 877 1712 tabulam
910 1651 1120 1730 aequatinnum
1152 1650 1282 1712 eccentri
1310 1651 1348 1711 ad
1381 1649 1515 1731 singulos

173 1741 280 1820 gradus
304 1741 472 1802 anomaliae
496 1741 612 1801 mediae
636 1740 727 1801 etad
756 1739 997 1801 ecoentricitates
1030 1739 1138 1801 hasce:
1172 1735 1270 1808 4400,
1294 1736 1389 1812 4500,
1415 1736 1514 1814 4600,

171 1831 213 1891 rel
234 1830 340 1911 potius
365 1824 461 1904 4300,
478 1825 686 1902 45004700,
712 1836 746 1889 ιιι
760 1839 867 1909 postea
889 1827 1076 1890 verissimam
1098 1828 1363 1909 proportionaliter
1385 1827 1514 1890 investi-

171 1937 238 1998 gare
261 1917 378 2000 possim
400 1936 455 1997 per
478 1937 580 1979 omnes
613 1918 723 1996 gradus
758 1917 933 1979 anomaliae.
978 1910 1044 1997 Ego
1073 1936 1223 1997 nonquam
1253 1916 1350 1979 adhuc
1378 1917 1515 1997 probavi,

171 2018 264 2070 utrum
289 2026 434 2069 excessus
457 2005 628 2086 hujusmodi
661 2005 870 2087 aequationuur
900 2006 1024 2086 majoris
1047 2025 1137 2085 super
1164 2006 1307 2069 minorem
1340 2014 1516 2068 constanter

171 2115 234 2157 sese
257 2096 391 2159 habituri
414 2096 478 2157 sint
499 2097 537 2157 ad
561 2096 687 2157 invicem
715 2096 745 2157 in
769 2095 960 2176 proportione
990 2095 1124 2170 sinuum,
1156 2095 1234 2157 alias
1258 2094 1409 2174 negotium
1433 2105 1516 2157 esset

172 2185 265 2249 lacile.
313 2185 379 2247 Imo
403 2192 474 2249 ve'ro
498 2202 555 2246 uon
580 2192 629 2246 est
650 2185 707 2246 hoo
739 2185 935 2262 sperandum,
968 2203 1037 2245 uam
1066 2202 1121 2263 per
1150 2185 1405 2247 eccentricitatem
1432 2181 1516 2248 1800

168 2275 287 2355 perinde
313 2284 363 2336 est
384 2274 579 2355 qualicunque
603 2282 688 2335 utare
711 2272 861 2347 methodo,
885 2292 1009 2354 quarum
1033 2273 1070 2333 ad
1094 2272 1201 2351 viginti
1226 2271 1351 2336 tentavi.
1388 2275 1514 2354 Aequa·

170 2364 262 2425 tiones
287 2362 369 2425 enim
392 2382 452 2425 non
474 2362 629 2425 variantur
651 2364 690 2424 ad
714 2358 789 2425 30¹⁴.
836 2364 882 2423 At
904 2363 933 2423 in
958 2361 1183 2423 eccentricitate
1208 2358 1296 2425 9300
1318 2362 1515 2442 aequationes
1539 2365 1541 2368 ⁴

168 2452 318 2515 rariarnm
342 2452 504 2514 formarum
518 2451 620 2513 multis
635 2451 781 2529 scrupulis
801 2450 949 2512 differunt.
987 2450 1055 2512 lton
1075 2450 1167 2529 igitur
1185 2460 1218 2513 nt
1233 2448 1350 2513 Solaria
1373 2450 1514 2532 aequatio

170 2536 227 2607 900
250 2542 289 2603 ad
315 2541 461 2605 Martiam
484 2537 553 2616 900,
578 2541 621 2601 sic
645 2539 761 2602 Solaria
785 2534 847 2602 450
869 2540 908 2602 ad
920 2539 1065 2601 Martiam
1078 2540 1212 2619 ejusdcm
1232 2540 1353 2619 gradus.
1387 2541 1516 2616 (Verum

168 2630 283 2710 quidem
309 2631 347 2691 de
370 2624 458 2710 par'te
482 2628 669 2709 aequationis
692 2628 826 2710 physica.
864 2628 942 2692 narn
967 2639 999 2690 ut
1017 2629 1101 2689 sinus
1125 2629 1253 2691 omnium
1267 2629 1422 2709 *graduum
1446 2636 1517 2691 sunt

167 2721 201 2781 ad
222 2719 365 2794 invicem,
380 2720 435 2791 ‚ita
458 2728 489 2780 et
512 2718 654 2799 planities
685 2718 899 2796 triangulorum
920 2718 1007 2780 ΗΑΒ
1034 2722 1100 2792 (Fiq.
1121 2716 1166 2786 12)
1193 2717 1257 2779 sive
1289 2736 1417 2796 magnae
1449 2717 1514 2781 sive

167 2827 286 2888 parvae.
336 2809 381 2869 At
403 2809 432 2869 in
456 2806 553 2869 altera
575 2817 661 2887 parte
687 2807 875 2886 aequationis
899 2827 956 2868 non
980 2809 1064 2869 item.
1101 2807 1181 2870 Nam
1203 2807 1245 2869 ibi
1269 2806 1514 2887 prolongationes

167 2908 194 2958 et
216 2896 447 2960 decurtationes
470 2897 530 2958 AD
554 2905 623 2958 sunt
647 2896 764 2977 quidem
789 2896 817 2956 in
841 2896 1032 2975 proportione
1056 2897 1215 2959 eorundem
1240 2896 1356 2958 sinuum
1370 2894 1453 2958 DBE
1477 2914 1515 2959 ex

166 2985 334 3067 hypothesi,
359 2994 391 3046 et
415 2985 615 3065 multiplicata
629 2985 685 3047 BA
709 2985 737 3045 in
763 2981 805 3048 90
821 2985 903 3046 sinus
928 2994 1036 3046 exeunt
1050 2984 1155 3047 itidem
1178 2985 1425 3065 proportionalia
1450 2982 1514 3048 Sed

165 3075 237 3138 baec
261 3074 372 3137 deinde
396 3074 494 3137 divisa
517 3075 546 3136 in
574 3072 635 3137 180
659 3075 754 3136 lineae
777 3074 851 3148 DA,
876 3074 1019 3138 amittunt
1047 3075 1129 3136 illam
1161 3074 1382 3154 proportionem
1406 3075 1514 3155 (qnare

166 3165 256 3227 etiam
280 3183 372 3227 arens
394 3163 536 3225 exhibent
559 3183 616 3225 non
632 3163 720 3243 hujus
742 3163 969 3243 proportionis),
993 3163 1046 3224 sed
1067 3173 1116 3226 est
1130 3182 1229 3225 eorum
1252 3163 1406 3244 proportio
1430 3183 1514 3225 conn-

164 3253 263 3334 posita
289 3272 328 3315 ex
350 3252 543 3335 proportione
567 3253 681 3315 sinuum
705 3260 736 3314 et
753 3252 948 3333 proportione
972 3252 1256 3315 distantiarnmAD
1278 3252 1409 3315 inversa.
1443 3251 1510 3325 Quo
1625 3316 1632 3327 ,

165 3343 258 3405 miuus
293 3361 366 3422 ergo
388 3341 449 3404 AD
482 3340 634 3405 variantur
667 3348 700 3402 ut
728 3341 757 3402 in
789 3360 884 3422 parva
914 3342 1152 3416 eccentricitate‚
1178 3342 1235 3403 hoc
1256 3341 1352 3405 minus
1375 3350 1409 3404 et
1429 3341 1509 3416 illa.)

164 3431 239 3493 b’am
262 3430 291 3493 si
316 3450 374 3492 uno
397 3431 535 3511 scrupulo
559 3430 714 3497 aberraret
736 3429 808 3493 mihi
832 3430 981 3510 ignoranti
1005 3431 1079 3493 haec
1102 3431 1190 3504 ratio,
1214 3430 1251 3492 id·
1266 3447 1407 3510 maguum
1430 3441 1515 3494 esset

165 3519 393 3583 incommodum.
445 3520 553 3599 Itaque
593 3520 632 3581 ad
674 3520 837 3599 quamlibet
873 3520 1128 3583 ecccntricitatem
1166 3519 1292 3582 seorsim
1328 3520 1512 3600 computatio

164 3609 361 3675 instituenda.
400 3607 462 3670 Sed
486 3617 586 3673 tamen
608 3616 712 3688 potest
733 3609 816 3688 prius
831 3608 894 3670 fieri
916 3610 1078 3690 periculum
1094 3609 1122 3670 in
1136 3609 1279 3689 gradibus
1294 3605 1345 3684 90,
1362 3606 1415 3684 45,
1434 3607 1513 3685 135;

166 3719 230 3763 nam
254 3716 362 3760 rerum
386 3705 419 3760 et
441 3697 497 3759 hoc
521 3705 587 3759 este
620 3698 744 3761 multum
775 3698 890 3759 distant
916 3695 999 3762 1800
1022 3706 1053 3762 st
1076 3694 1176 3773 9300,
1210 3699 1310 3778 itaque
1331 3697 1374 3759 nil
1397 3700 1512 3768 mirum,

165 3787 350 3851 sensibiliter
378 3787 489 3849 mutari
518 3785 725 3868 proportiones
756 3787 984 3867 aequationum3
1017 3796 1050 3850 at
1077 3782 1164 3851 4300
1193 3795 1224 3849 et
1246 3784 1333 3859 4500
1365 3797 1396 3850 et
1419 3785 1508 3853 4700

166 3889 231 3939 sunt
254 3877 386 3939 invicem
410 3876 603 3959 propinquae.
643 3876 679 3937 In
703 3896 828 3950 summa,
851 3875 989 3939 beaveris
1013 3896 1059 3938 me
1082 3870 1178 3938 missa
1197 3877 1302 3939 tabula
1320 3877 1358 3937 ad
1380 3874 1467 3941 5400
1482 3887 1513 3940 et

167 3963 259 4041 4400,
285 3964 338 4027 ubi
368 3963 480 4045 singuli
513 3966 624 4045 gradus
658 3966 787 4029 eccentri
817 3966 956 4028 methodo
986 3965 1174 4047 praescripta
1205 3965 1367 4029 examinati
1392 3967 1510 4031 luerint.

167 4054 252 4118 Tituli
276 4052 328 4117 hi:

246 4165 282 4219 ln
303 4162 442 4229 Sammor
462 4160 661 4217 Ecoantrioitas
683 4162 770 4217 5400.

263 4240 450 4299 Anomalia
468 4241 583 4297 media
678 4241 970 4299 Anumeccentri.
1069 4245 1178 4299 Anum.
1200 4248 1402 4314 coaequata.

317 4323 366 4376 Gr.
387 4320 453 4375 Min.
474 4320 532 4377 Sec.
701 4323 808 4376 Gradus
829 4322 938 4395 integri.
1125 4323 1173 4379 Gr.
1195 4323 1261 4378 Min.
1282 4324 1343 4379 Sec.

248 4406 281 4459 ln
302 4404 390 4457 Jove:
411 4402 610 4457 Eccentricitas
632 4402 718 4458 4400.

308 4481 459 4537 numella
477 4482 545 4538 med.
634 4510 669 4520 —-
762 4482 889 4536 eeceutri.
996 4510 1035 4521 -·
1142 4489 1305 4554 coaequata.

248 4589 359 4671 Spero,
384 4585 526 4668 quidquid
548 4588 660 4651 laboris
683 4589 739 4650 hoo
763 4588 834 4662 erit,
869 4586 1056 4668 compensari
1084 4607 1183 4669 posse.
1230 4589 1264 4649 ln
1290 4587 1314 4660 Ω
1339 4596 1370 4649 st
1393 4591 1414 4666 d
1437 4597 1509 4669 ριιιο

169 4677 238 4769 illus,
263 4698 343 4760 quos
366 4675 517 4758 eplcyclos
538 4678 633 4739 adhuc
657 4678 790 4758 appellat
804 4675 997 4756 Copemicus,
1021 4678 1200 4739 statuendos
1214 4675 1407 4753 eccentricos,
1431 4679 1510 4759 quod

166 4768 221 4846 jam
243 4788 284 4831 ex
305 4774 397 4853 parte
418 4765 576 4847 probatum
599 4767 695 4828 habeo
720 4786 758 4827 ex
780 4766 958 4839 observatis,
983 4774 1062 4828 utet
1085 4765 1285 4829 constantiam
1309 4766 1509 4833 inclinationis

169 4857 325 4921 orbitarum
350 4862 384 4916 et
405 4854 503 4935 ipsum
526 4858 667 4937 angulum
690 4856 890 4921 inclinationis
912 4854 1061 4919 maniimae
1085 4853 1282 4919 mediocriter.
1326 4856 1405 4921 Nam
1428 4858 1459 4921 in
1483 4856 1508 4935 ῼ
