3374 5528
445 320 476 372 a·
491 314 684 375 mannan·
702 320 735 375 'us
752 328 820 375 nos
835 322 926 375 sauss
943 308 1040 381 udo

59 500 181 559 restant
215 494 314 570 KEF,
342 491 442 572 KFE,
473 514 564 578 quare
602 506 634 560 et
673 497 811 561 residuus
846 498 938 575 EKF,
1172 538 1178 550 ·
1236 536 1242 550 ·
1315 544 1318 548 -

60 584 351 657 sentinosum
373 585 412 648 ad
443 585 497 649 EF
520 587 563 650 sie
590 593 661 658 (sin.)
688 586 773 650 KEF
804 588 843 651 ad
873 590 938 653 ΚΡ.
1018 596 1023 605 ’
1046 628 1091 679 s
1177 584 1180 588 ’
1411 604 1418 613 “
1565 610 1568 617 ’

59 672 131 736 Jam
169 675 199 739 iu
246 675 333 738 KFA
381 675 471 739 datur
509 675 604 738 Kus-
630 692 689 753 gex'
727 676 938 739 observatione
1436 672 1440 681 '

60 768 93 825 et
124 762 195 840 ΚΡ,
211 764 281 828 'FA
307 762 418 841 latera,
449 784 540 846 quare
563 764 651 829 KAF
673 765 800 844 angulus
824 776 856 828 et
878 766 953 828 KA.

59 851 209 916 distantia
245 850 358 930 dQ.
414 852 517 923 Seitur
553 862 655 917 autem
677 855 743 918 =AF
774 857 828 918 sub
860 852 938 932 tisis,

60 960 154 1024 quare
177 947 210 1004 et
225 941 300 1009 Ax.
678 1019 683 1031 ι
718 952 725 1001 .'
804 1022 807 1029 Ι
988 966 991 971 ·

152 1029 282 1104 Quaeris
305 1038 337 1093 et
360 1031 401 1093 de
421 1030 673 1113 utilitatsEGF:
699 1030 770 1114 qnia
792 1031 857 1094 sine
880 1032 938 1095 huc

60 1139 120 1183 nou
137 1168 140 1175 .
156 1140 279 1203 possum
315 1120 448 1209 insenius
478 1118 521 1199 Q
558 1118 835 1198 eccentricitatem,
869 1122 939 1201 quia
1063 1184 1067 1193 ,

62 1208 169 1290 auguli
191 1212 223 1274 A
244 1227 304 1291 uon
332 1216 417 1279 stant
439 1200 473 1273 iu'
493 1217 611 1288 tenuo,
639 1211 693 1273 sed
722 1210 829 1292 duplus
852 1208 938 1272 EGF
1424 1282 1429 1291 ¹

61 1298 160 1381 stabit
181 1299 213 1363 iu
236 1307 349 1386 penho,
373 1299 462 1381 hujus
485 1299 577 1381 igitur
605 1300 701 1371 centri
727 1299 876 1362 distantia
898 1299 937 1361 ab
1057 1337 1059 1341 <
1151 1377 1163 1390 ἲ
1223 1286 1228 1314 ’
1294 1316 1298 1325 ·

53 1390 98 1451 Δ·
130 1396 182 1452 est
218 1380 400 1471 quaerenda.
420 1408 423 1413 ·
446 1389 527 1452 Nam
565 1388 660 1451 centri
697 1389 857 1452 ecueutrioi
895 1385 934 1466 Q
988 1444 991 1449 .

58 1478 171 1557 posifio
194 1497 252 1541 non
276 1476 366 1543 datur
388 1477 450 1541 ulia
473 1478 534 1541 alia
556 1478 684 1542 ratione.
1225 1538 1228 1542 .

149 1568 197 1631 De
219 1565 355 1631 Ecuet
383 1567 471 1630 ΕΑΓ
503 1568 641 1648 quaeris·
677 1564 760 1629 EGF
786 1573 840 1627 'est
873 1564 1097 1646 duplusEGF
1127 1568 1416 1645 circumferentiaiis‚

61 1656 133 1738 quis
146 1651 232 1720 EOF
252 1656 282 1737 iu
305 1665 419 1727 centro
435 1662 438 1667 '
455 1656 499 1720 Et
521 1657 591 1739 quia
604 1646 669 1731 ΕΟ,
691 1655 743 1720 CF
771 1672 858 1725 crura
880 1656 1029 1736 aequalia,
1053 1676 1091 1719 ex
1114 1652 1321 1721 subtractione
1334 1656 1416 1720 ECF

62 1745 225 1827 aduobus
246 1744 340 1808 rectis
363 1756 394 1807 et
416 1746 530 1820 residui
556 1745 724 1821 biseotione
755 1743 883 1807 habetur
904 1742 932 1805 E
955 1746 1004 1817 rei
1026 1747 1061 1808 F.
1109 1747 1177 1808 Nou
1200 1747 1245 1808 sie
1267 1747 1298 1809 iu
1320 1746 1417 1823 ΕΑΓ,

61 1828 134 1917 quia
156 1834 225 1910 ΕΑ,
250 1835 307 1898 AF
328 1832 387 1896 nou
411 1844 482 1897 suut
504 1834 769 1916 aequalia-crura,
798 1832 948 1895 residuum
979 1835 1079 1915 igitur.
1094 1842 1151 1897 hon
1174 1844 1278 1916 potest
1300 1852 1439 1919 aequa-¹
1549 1904 1553 1911 ,

61 1923 134 1987 iiter
157 1922 299 1987 bissesri.
344 1923 431 1987 Haeo
453 1930 525 1988 su'ut
547 1933 621 1987 uota
644 1942 681 1985 ex
712 1921 771 2009 leui
801 1922 971 2009 cognitione
1002 1923 1219 2004 triangulorum
1249 1922 1416 1988 doctrinae.

148 2013 226 2077 Tres
257 2012 431 2095 parallaxes
463 2021 497 2086 (v.
517 2008 820 2088 quaestionemvhsbrioii
846 2036 870 2086 p.
891 2017 948 2079 87.)
981 2013 1110 2076 adhibeo
1140 2033 1194 2095 pro
1226 2012 1418 2096 inquisitione

59 2101 309 2178 communitatis,
334 2102 365 2166 e't
382 2102 507 2184 -quiden
529 2111 592 2164 tres
616 2106 704 2164 ‘extra
727 2101 818 2189 situm
841 2101 1062 2184 acmuychium
1086 2111 1120 2164 ut
1138 2122 1176 2164 ex
1189 2103 1285 2167 tribus
1299 2103 1418 2183 punctis
1439 2100 1465 2163 '.
1508 2156 1512 2164 .

59 2192 189 2255 circulus
213 2191 369 2267 habeatur,
393 2192 477 2274 eujus
502 2201 549 2254 est
573 2189 784 2261 eceentricitas
800 2192 982 2272 quaerenda.
1015 2188 1151 2264 (Quarta
1167 2202 1214 2265 est
1232 2191 1419 2275 probationis
1507 2222 1510 2227 ·

59 2280 125 2344 1000
150 2280 184 2344 et
205 2281 255 2345 eb'
268 2280 412 2361 majorem
435 2276 671 2354 certitudinem.)
692 2320 696 2325 -
718 2279 792 2342 Tria
813 2291 925 2362 puncta
947 2288 1063 2364 ponunt
1082 2283 1236 2355 semrom,
1269 2280 1327 2343 duo
1356 2298 1416 2342 non
1488 2336 1493 2343 .

60 2378 175 2451 ponunt
198 2376 321 2433 certum.
363 2376 367 2387 ’
612 2369 626 2397 ·
953 2397 956 2404 ·
1005 2389 1009 2399 ·
1213 2390 1219 2397 ·
1295 2379 1299 2389 ’
1364 2439 1368 2447 ,

150 2456 186 2523 Si
209 2450 301 2522 situm
317 2456 535 2541 ‚amonyehium
558 2474 674 2521 sumam
698 2465 731 2521 et
752 2475 842 2519 uuam
866 2456 1053 2537 paralisxiu,
1087 2456 1176 2521 datur
1208 2459 1328 2539 quidem
1349 2456 1443 2535 iude.
1502 2514 1508 2529 ,

61 2549 212 2612 distantia
235 2536 276 2627 Q
300 2570 319 2611 a
342 2546 454 2623 Te'rra,·
484 2547 540 2609 sed
568 2545 599 2610 in
626 2565 684 2609 uno
709 2554 827 2609 tautum
851 2546 927 2609 1000.
973 2547 1053 2615 Nam
1077 2547 1284 2628 soronyehius.
1306 2545 1418 2610 nullam
1519 2558 1523 2563 ’
1562 2514 1567 2520 ¹

60 2636 113 2700 dat
136 2638 315 2701 distantiam
340 2634 380 2716 Q
406 2639 497 2713 016,
522 2636 592 2719 quia
616 2636 698 2699 nulla
719 2634 886 2716 parallaxis
909 2635 1114 2717 iongituthuis.
1156 2634 1191 2698 Si
1215 2637 1290 2700 duas
1313 2636 1418 2717 parai-

61 2727 147 2790 10100
171 2747 287 2804 sumas,
320 2727 430 2789 dantur
457 2726 576 2807 quidem
601 2725 678 2795 duae
703 2724 867 2787 distantiae
892 2724 999 2805 et‘per
1022 2725 1184 2788 distantias
1208 2720 1418 2801 eboeutricitas

61 2813 111 2896 Θ,
135 2817 192 2880 sed
215 2835 270 2898 per
292 2813 529 2897 suppositionem
552 2813 611 2878 ioci
633 2813 763 2894 apogaei
787 2810 827 2891 Q
851 2814 1099 2894 praecedentem
1124 2814 1241 2896 quaudo
1263 2833 1335 2878 vero
1358 2814 1418 2881 trie
1485 2822 1540 2893 “,·

63 2914 220 2969 sumuntur
242 2907 318 2981 ioca,
345 2922 511 2986 apogaeum
535 2923 593 2966 una
616 2903 848 2966 demonstratur.
1256 2922 1266 2941 ··
1379 2930 1383 2937 ·

148 2993 291 3059 Omnium
313 3012 390 3077 quse
413 2992 560 3055 hacteuus
584 3012 622 3055 ex
645 3012 703 3074 quo¹
727 2992 885 3056 scribimus
909 2991 1057 3072 obiecisti,
1081 2986 1358 3056 artificiosissimum
1382 3000 1416 3056 st

60 3084 332 3166 ingeniosissimum
344 3091 404 3147 ¹est
426 3083 463 3145 de
482 3083 562 3145 oveti
576 3082 672 3171 figura
687 3081 768 3144 orbis
783 3080 876 3145 Sulis.
918 3078 1006 3152 Quod
1021 3080 1113 3161 igitur
1126 3083 1274 3146 caleulum
1290 3082 1414 3158 attinet,

61 3183 227 3257 praesepta
250 3172 329 3237 sane'
347 3172 391 3236 sie
415 3179 487 3234 suut
510 3178 702 3252 comparata,
730 3179 764 3233 ut
794 3171 911 3232 ovalem
939 3170 1070 3234 eliciant.
1116 3170 1179 3234 Sed
1203 3173 1280 3253 quod
1304 3171 1416 3237 attinet
1491 3164 1496 3173 ’

61 3263 297 3327 exstructionem
329 3261 547 3345 hypotheseos,
583 3261 681 3323 fateor
711 3278 759 3322 me
790 3260 1061 3341 praesuppos'uisse
1076 3260 1247 3335 tironium,
1279 3268 1313 3323 at
1341 3250 1417 3324 nihii
1529 3272 1533 3277 '

62 3352 247 3416 sensibiliter
268 3351 407 3434 peceavi,
440 3349 511 3429 quia
533 3348 717 3419 insensibilis
741 3349 775 3411 fit
797 3349 845 3411 hio
868 3349 1023 3430 ingressus
1046 3348 1085 3411 ad
1108 3351 1205 3412 latera
1228 3350 1267 3412 ob
1288 3368 1415 3431 parvam

63 3441 321 3504 eceentricitat'em
345 3437 397 3518 Q.
443 3438 664 3502 Eeceutrieitas
692 3445 741 3499 est
768 3439 830 3500 iere
859 3437 926 3499 loco
954 3438 1051 3500 medio
1079 3437 1312 3520 proportionalis
1335 3440 1415 3502 inter
1496 3454 1499 3458 ·

62 3532 178 3594 radium
201 3514 242 3593 et¹
256 3528 445 3595 latitudinem
472 3528 593 3590 lunulae
617 3527 697 3590 eirca
728 3528 854 3590 evalem.
902 3525 936 3588 Si
969 3523 1098 3592 100000
1128 3529 1188 3591 dat·
1212 3525 1311 3603 1800,
1344 3527 1416 3610 quid
1548 3578 1552 3585 .

66 3611 429 3702 180090001000301,
454 3617 491 3679 de
518 3614 656 3692 100000,
680 3616 732 3677 vix
755 3625 862 3698 quater
888 3615 1049 3679 millesima
1076 3617 1233 3698 particula.
1281 3616 1330 3680 Sit
1509 3632 1513 3639 ’

64 3709 212 3772 distantia
235 3717 261 3791 <5
285 3705 325 3786 Q
355 3704 534 3770 brevissima
566 3702 710 3780 13854ος
741 3705 816 3768 haec
843 3724 951 3767 secans
981 3714 1030 3768 est
1051 3726 1089 3769 au
1112 3706 1153 3769 nli
1176 3704 1239 3771 43ο
1260 3704 1314 3770 47⁴
1337 3637 1413 3771 1511

65 3798 105 3862 Ut
149 3793 427 3879 000010100000
455 3795 495 3858 ad
527 3790 656 3860 138540
695 3794 739 3857 sie
778 3787 945 3877 10003221,
983 3795 1022 3857 ad
1056 3726 1198 3870 133585,
1239 3803 1416 3860 accrescunt

65 3881 115 3961 15,
139 3906 218 3970 quae
242 3887 332 3969 paulo
355 3885 427 3969 plus
454 3883 483 3946 1.’
513 3885 702 3947 subtenduut.
724 3891 755 3946 et
782 3885 905 3967 quidem
928 3893 999 3946 tunc
1022 3885 1132 3958 sulum,
1160 3903 1226 3948 eum
1253 3894 1286 3967 et
1313 3882 1354 3963 Q
1383 3882 1415 3949 iu

64 3976 250 4059 longitndine
272 3974 372 4038 medis
394 3974 524 4036 eceeutri
549 3983 579 4036 et
602 3973 672 4044 diu
694 3972 836 4054 perigaeo
850 3973 1176 4055 etprosthaphaeresis
1198 3981 1249 4038 est
1270 3973 1412 4038 maxima.

65 4066 106 4129 At
127 4067 198 4148 plus
225 4065 254 4128 i‘
278 4055 398 4128 erratus·¹
419 4063 450 4124 iu
474 4062 745 4126 observationibus.
1116 4072 1119 4077 '
1296 4118 1299 4123 .
1445 4070 1448 4077 '

150 4154 187 4219 ln
212 4154 292 4218 ovali
314 4150 498 4233 compendia
513 4152 607 4214 muita
625 4150 732 4228 haheo,
757 4171 834 4233 quae
851 4170 944 4234 prope
962 4170 1063 4217 verum
1076 4151 1200 4215 veniunt
1213 4142 1253 4223 sd
1267 4149 1299 4217 8¹
1313 4158 1345 4215 et
1364 4145 1414 4227 6¹:

67 4262 139 4325 quse
172 4244 295 4326 penitus
327 4260 450 4329 scopum
482 4242 649 4322 attingeret
678 4241 756 4304 ratio
790 4261 809 4303 a
841 4260 888 4302 me
908 4241 1058 4305 ‚noudum
1080 4251 1129 4305 est
1158 4242 1290 4306 inventa.
1336 4239 1414 4326 Utor

67 4331 189 4405 interes¹
203 4331 317 4397 meana
318 4377 393 4397 .....
757 4328 761 4335 ’
903 4338 908 4349 “
1022 4376 1025 4380 -
1206 4350 1209 4355 ·

150 4416 323 4486 Biseetio
355 4417 710 4491 eecentrieitatisd
733 4418 778 4481 sie
794 4417 947 4489 ¹hahetur:
980 4419 1075 4500 primo
1098 4418 1213 4489 vicaria
1235 4413 1411 4502 hypothesis

68 4512 199 4576 ostendit
222 4510 433 4593 aequationem
449 4508 618 4582 maximam,
643 4507 869 4589 sequentisque,
893 4507 949 4570 hoe
968 4516 1018 4570 ost
1036 4516 1133 4572 totam
1156 4507 1413 4571 eceeutricitstem

68 4602 209 4680 proxime.
256 4600 371 4662 Postea
399 4598 449 4660 ubi
481 4599 543 4660 AK
572 4597 718 4677 superiori
740 4596 881 4658 methodo
904 4608 936 4659 et
959 4597 989 4661 in
1018 4598 1136 4680 aphelio
1160 4605 1191 4659 et
1213 4596 1242 4659 in
1265 4594 1411 4679 periheiio

69 4689 153 4755 inerit
174 4688 330 4775 inquisita,
353 4686 491 4771 jungitur
513 4696 641 4769 utraque
663 4695 695 4749 et
709 4685 862 4749 dimidium
884 4705 1017 4750 summae
1034 4692 1231 4769 ,comparatur
1252 4705 1321 4750 eum
1343 4686 1409 4751 eie·

69 4779 172 4845 uentis
181 4798 194 4858 ς
213 4779 286 4843 hine
305 4778 415 4855 existit
423 4794 497 4841 uera
514 4775 722 4840 eeceutrieitas
745 4775 953 4859 iuveniturqus
966 4776 1063 4849 minor
1073 4775 1163 4857 pauiu
1178 4793 1268 4858 quam
1285 4770 1411 4849 dimidia

70 4870 182 4950 posits.
220 4868 389 4952 Utrumque
410 4874 519 4950 postea
532 4866 759 4937 'demonstratur
775 4865 947 4930 ushessario
960 4863 1035 4941 tisri,
1059 4863 1087 4930 si
1104 4863 1229 4948 quidem
1247 4864 1411 4931 0110000οι0
