3368 5534
503 294 565 351 rsa
583 297 673 351 Tertia.
712 297 794 364 caput
810 297 920 354 XXXIX.
1324 291 1388 365 317

37 475 111 540 riter
132 473 176 550 id,
200 474 281 557 quod
297 481 441 538 extranea
464 483 496 538 et
517 476 617 539 bruta.
631 496 668 538 ex
683 475 754 538 Sole
778 477 874 540 virtus
894 485 976 542 esset
999 478 1149 544 effectura
1190 476 1275 550 Quae
1290 477 1390 540 omnia

37 574 107 629 sunt
129 565 274 629 absurda.
321 564 503 631 Praesertim
527 587 608 642 cum,
632 566 799 631 Aristotele
823 575 917 643 teste,
941 569 1049 632 infiniti
1072 569 1154 632 nulla
1176 569 1218 630 sit
1240 567 1389 641 scientia;
1447 564 1450 569 ’

40 654 189 718 inlinitum
212 661 314 716 antem
337 654 499 719 misceatur
521 656 588 719 hnic
611 656 771 718 intensioni
794 664 827 717 et
849 659 1027 721 remissioni.
1414 712 1420 723 ,,

15 773 17 777 ’
124 741 191 808 Sed
205 744 282 806 bene
307 744 408 820 babet,
433 747 510 824 qnod
533 746 618 827 ipsae
633 747 724 808 etiam
738 746 965 810 observationes
987 749 1153 828 perlectum
1168 747 1310 812 circulum
1326 744 1390 809 CI)

38 835 115 899 infra
147 851 216 914 cap.
245 832 364 895 XLIV.
394 853 452 896 non
481 843 551 896 sunt
580 855 743 917 passurae:
779 855 834 897 nec
865 837 1030 899 imbecilles
1058 837 1137 901 istae
1161 841 1210 912 (ut
1231 837 1391 917 putantur)

39 922 263 1019 speculationes
286 923 440 986 solitariae
465 925 648 999 consistunt,
673 933 816 1007 tantoque
839 927 935 987 minus
959 928 1114 989 calumniis
1138 936 1209 991 sunt
1231 925 1390 989 obnoxiae.

38 1013 95 1078 Est
116 1011 224 1093 itaque
247 1012 345 1090 magis
368 1022 617 1090 consentaneum,
650 1015 792 1094 planetae
815 1015 873 1094 ipsi
897 1015 970 1078 nihil
994 1036 1062 1078 esse
1086 1037 1174 1079 curae
1204 1035 1300 1097 neque
1325 1013 1391 1094 epi-

40 1103 154 1186 oyclum
176 1120 275 1183 neque
300 1103 511 1178 eccentrioum,
546 1105 599 1165 sed
622 1122 710 1183 opus,
745 1105 822 1184 quod
851 1103 914 1185 ipse
938 1107 1054 1186 perficit
1085 1108 1198 1169 autad
1223 1105 1302 1187 quod
1325 1103 1391 1165 effi-

40 1192 176 1256 ciendum
191 1191 351 1266 concurrit,
375 1211 444 1254 esse
460 1192 517 1254 iter
532 1191 718 1256 libratorium
737 1193 767 1255 in
784 1194 930 1256 diametro
953 1192 995 1275 γζ
1014 1197 1052 1257 ad
1075 1221 1095 1258 α
1118 1195 1221 1260 Solem
1239 1196 1391 1258 tendente.

124 1279 293 1353 Quaeritur
310 1279 375 1361 jam
394 1301 544 1357 mensura,
567 1303 626 1365 qna
860 1345 864 1357 ,

41 1372 162 1454 planeta
191 1370 295 1450 justas
327 1371 462 1452 quolibet
490 1379 625 1451 tempore
838 1345 891 1411 Q·
911 1341 954 1395 ⁸⁹·

44 1460 205 1525 distantias
219 1459 384 1523 metiatur?
397 1460 494 1523 Nobis
509 1461 627 1542 quidem

42 1569 180 1615 mensura
217 1555 305 1630 patet
334 1568 371 1611 ex
403 1550 568 1630 geometria
596 1559 629 1614 et

43 1640 205 1704 schemate.
254 1635 382 1709 Quoties
402 1639 481 1700 enim
503 1639 628 1719 planeta

42 1727 184 1793 aSolari
213 1725 327 1789 virtute
349 1737 504 1808 promotus
528 1731 627 1792 estin
657 1744 677 1784 τ

43 1819 150 1882 lineam
173 1815 250 1891 DA,
274 1836 331 1880 uos
353 1824 423 1879 tunc
452 1817 627 1899 inquirimus

44 1907 184 1989 angulum
216 1903 318 1982 CBD,
355 1906 440 1988 eique
471 1909 628 1989 aequalem

45 1997 278 2076 ruimusyrm
312 2003 344 2057 et
374 1997 419 2058 sic
449 2003 492 2059 ud
521 1998 570 2059 vel
600 1998 627 2059 ei

44 2085 199 2170 aequalem
221 2108 257 2146 αι
279 2085 406 2148 dicimus
424 2106 492 2151 esse
512 2086 628 2166 justam

44 2177 185 2259 planetae
199 2174 269 2238 inD
285 2175 435 2238 versantis
450 2176 627 2239 distantiam

45 2266 77 2329 ab
111 2265 156 2329 A.
217 2261 282 2327 Sed
318 2264 396 2327 hanc
440 2266 626 2346 propositam

46 2373 214 2419 mensuram
236 2353 406 2417 hominibus
425 2353 489 2434 jam
514 2354 627 2437 eripui-

49 2465 109 2508 mus
131 2444 287 2526 planetae,
312 2443 381 2505 dum
404 2444 502 2524 ipsum
518 2463 556 2505 ex
570 2444 695 2527 epicycli
720 2443 916 2525 amplitudine
936 2444 1014 2505 intra
1029 2441 1165 2503 diametri
1185 2436 1223 2518 γζ
1241 2439 1397 2520 angustias
1445 2432 1450 2443 ”

49 2533 225 2615 redegimus.
1355 2606 1359 2614 .

128 2621 281 2703 Equidem
307 2620 337 2682 in
366 2621 424 2683 hac
451 2621 642 2700 inquisitione
672 2621 789 2683 facilins
814 2620 923 2683 dicitur
946 2621 1016 2700 quid
1045 2638 1102 2680 non
1134 2620 1189 2692 sit,
1213 2638 1301 2700 qnam
1325 2617 1397 2698 quid

51 2715 93 2777 sit
127 2712 209 2776 Nam
233 2710 304 2790 quia
326 2710 449 2790 planeta
471 2711 628 2773 momentis
653 2711 701 2786 iis,
725 2711 831 2790 quibus
849 2731 867 2771 a
884 2708 954 2772 Sole
979 2709 1035 2770 luit
1058 2709 1223 2771 collocatus
1248 2708 1278 2769 in
1301 2707 1398 2768 lineas

56 2824 87 2866 ex
107 2803 138 2866 A
159 2819 215 2882 per
239 2797 275 2874 G,
299 2799 338 2873 D,
361 2799 398 2875 E,
422 2802 457 2875 F,
483 2799 522 2868 G,
546 2801 715 2874 H-ductas,
740 2801 805 2880 ipse
830 2799 950 2878 ponitur
964 2798 1100 2860 effecisse
1115 2798 1279 2860 distantias
1294 2797 1399 2858 ordine

53 2894 113 2955 bas:
146 2911 207 2971 γα,
239 2912 290 2964 ια,
320 2891 374 2957 λα,
400 2885 452 2963 ζα,
485 2891 540 2963 λα,
574 2914 619 2952 ια.
668 2887 783 2960 Quodsi
810 2888 902 2967 igitur
929 2888 979 2948 via
1002 2887 1143 2968 planetae
1168 2894 1216 2948 est
1245 2888 1398 2967 perlectus

56 2982 187 3055 circulus,
211 2987 283 3040 tunc
300 2978 474 3058 aequalibus
497 2979 635 3057 partibus
651 2979 810 3040 eccentrici
834 2978 903 3053 OD,
928 2977 998 3049 DE,
1023 2977 1083 3038 EF
1106 2976 1288 3056 respondent
1312 2975 1399 3036 inae-

56 3072 151 3152 quales
175 3069 341 3131 desoensns
360 3068 501 3147 planetae
524 3067 554 3128 in
578 3069 738 3142 diametro,
764 3086 869 3146 nempe
892 3091 929 3147 γι,
950 3070 992 3140 ιλ,
1012 3062 1060 3138 λζ,
1084 3075 1115 3127 et
1138 3067 1255 3146 quidem
1279 3064 1400 3127 turbato

57 3161 166 3234 ordine,
199 3158 243 3219 sic
273 3163 307 3217 nt
337 3175 395 3218 non
426 3156 556 3238 supremi
580 3158 643 3218 sint
667 3157 794 3231 minimi,
828 3156 878 3217 imi
913 3155 1049 3229 maximi,
1083 3157 1138 3216 sed
1161 3162 1194 3215 ut
1225 3153 1314 3215 medii
1339 3152 1402 3215 sint

10 3248 13 3285 ³
57 3248 167 3312 naxium
192 3250 232 3324 ιλ,
259 3246 385 3308 extremi
408 3270 446 3326 γι,
468 3242 512 3319 λζ
531 3246 667 3322 minores,
693 3255 724 3307 et
748 3247 853 3308 summi
875 3269 903 3325 γι
925 3246 1014 3325 paulo
1043 3245 1171 3307 minores
1200 3243 1267 3306 imis
1288 3238 1332 3315 λζ
1350 3261 1401 3304 re-

58 3337 275 3420 spondentibus.
301 3333 379 3397 Sunt
394 3336 471 3398 enim
487 3338 628 3416 aequales
644 3359 680 3416 γκ
694 3345 726 3397 ct
739 3333 788 3412 μζ,
806 3344 837 3397 et
852 3359 880 3414 γι
899 3335 994 3397 minor
1009 3354 1096 3415 quam
1112 3358 1155 3414 γκ,
1171 3330 1211 3405 λζ
1223 3351 1294 3394 vero
1308 3333 1403 3413 major

60 3448 137 3510 quam
159 3423 213 3504 oi·

136 3518 241 3597 Atque
264 3513 340 3576 baec
364 3513 469 3575 eadem
484 3533 576 3577 cansa
599 3513 732 3593 impedit,
759 3534 815 3595 qno
839 3513 935 3575 minus
959 3536 995 3590 γι,
1016 3515 1056 3578 ιλ,
1081 3506 1121 3583 λζ
1139 3510 1403 3590 proportiouentur

59 3608 99 3671 rel
127 3603 315 3687 temporibus
339 3603 542 3667 confectorum
570 3604 737 3685 aequalium
769 3622 889 3666 arcuum
913 3601 986 3677 CD,
1010 3599 1086 3672 DE,
1111 3600 1180 3673 EF,
1211 3601 1259 3660 vel
1284 3599 1401 3679 angulis
1524 3628 1527 3635 ⁴

59 3699 90 3761 ad
112 3695 217 3759 Solem
241 3691 348 3768 OAD,
372 3691 479 3765 DAE,
501 3692 604 3754 EAF.
651 3693 781 3772 Tempus
801 3693 878 3753 enim
902 3710 953 3751 seu
977 3709 1061 3752 mora
1084 3689 1225 3768 planetae
1250 3689 1280 3749 in
1303 3689 1402 3769 parti-

59 3788 106 3850 bus
120 3783 284 3849 eccentrici
298 3782 484 3863 aequalibus,
509 3781 579 3856 01),
603 3779 676 3855 DE,
699 3782 767 3857 EF,
794 3804 812 3843 a
835 3800 948 3843 sommo
964 3781 1002 3841 ad
1026 3779 1114 3840 imum
1129 3778 1268 3840 continue
1293 3778 1403 3841 minni-

59 3884 114 3951 tur;
147 3873 253 3955 anguli
276 3873 316 3934 ad
338 3870 441 3934 Solem
464 3871 603 3934 continue
626 3880 788 3951 augentnr;
821 3870 997 3934 librationes
1030 3887 1100 3929 vero
1131 3891 1162 3947 γι
1195 3875 1341 3948 augentur
1373 3868 1404 3931 in

60 3965 158 4040 medio,
181 3972 217 4026 ut
239 3965 279 4025 sl.

138 4054 237 4136 Igitur
260 4051 287 4112 si
317 4049 375 4112 iter
396 4051 542 4130 planetae.
561 4057 610 4111 est
631 4049 783 4129 perlectus
807 4050 952 4123 circulus,
986 4064 1126 4109 mensura
1149 4044 1312 4107 descensus
1334 4048 1405 4127 pla-

60 4152 141 4208 netae
164 4144 198 4205 in
214 4140 361 4203 diametro
384 4135 423 4219 γζ
443 4158 538 4219 neque
562 4147 679 4219 tempus
696 4147 752 4211 est,
776 4158 870 4219 neque
896 4137 1028 4218 spatium
1051 4134 1211 4196 eccentrici
1227 4135 1405 4212 conlectum,

60 4253 148 4315 neque
173 4229 302 4310 angulus
326 4229 375 4297 ad.
388 4227 500 4292 Solem.
536 4227 579 4290 Et
601 4229 657 4290 bas
682 4228 799 4308 quidem
822 4246 979 4290 mensuras
1003 4224 1096 4287 etiam
1120 4224 1263 4305 physicae
1297 4245 1407 4307 specu-

59 4322 187 4387 lationes
209 4317 378 4398 repudiant.

142 4408 258 4483 Quidsi
271 4407 364 4489 igitur
376 4407 434 4470 boc
448 4406 598 4469 dicamus:
619 4406 677 4467 etsi
697 4414 795 4467 motus
811 4407 951 4485 planetae
970 4403 1001 4465 in
1016 4403 1149 4485 epicyclo
1168 4422 1226 4464 non
1242 4402 1407 4484 contingat,

59 4502 98 4565 sic
119 4509 226 4564 umen
250 4496 420 4579 dispensari
442 4496 519 4559 banc
542 4495 742 4568 librationem,
766 4504 798 4556 ut
812 4494 975 4557 distantiae
999 4512 1018 4553 a
1041 4490 1113 4555 Sole
1137 4491 1305 4555 efficiantur
1323 4493 1408 4555 simi-

61 4591 102 4654 les
124 4590 175 4666 iis,
199 4605 279 4670 quae
302 4587 437 4650 existunt
459 4585 592 4666 epioyclo
615 4602 685 4646 vere
708 4583 853 4646 decurso?

146 4678 282 4743 Primum
303 4674 444 4739 tribuitur
467 4673 584 4750 virtuti,
612 4693 688 4755 quae
718 4673 857 4752 planetae
886 4670 1007 4754 propria
1029 4676 1094 4742 est,
1122 4669 1255 4750 cognitio
1284 4670 1410 4755 epicycli

60 4766 231 4853 imaginarii
257 4767 381 4848 ejusque
408 4766 565 4828 effectuum
595 4763 624 4826 in
655 4761 827 4825 ordinandis
855 4759 1009 4823 distantiis
1037 4779 1057 4819 a
1086 4756 1175 4821 Sole:
1209 4758 1352 4823 tribuitur
1379 4768 1412 4823 et

58 4859 193 4945 uguitio
225 4855 345 4925 futurae
368 4852 536 4924 celeritatis
558 4861 590 4919 et
619 4851 787 4931 ordiam,
816 4869 905 4935 quan
927 4857 1106 4914 crematurus
1136 4849 1178 4913 sit
1205 4858 1304 4915 notus
1327 4869 1411 4916 com-
