3368 5534
631 301 692 355 Pars
709 300 812 353 uorsa·
838 303 922 370 capnt
937 304 1048 359 XXXlV.
1451 302 1516 372 30⁷

164 483 196 547 in
209 482 285 548 Sola
306 483 404 546 virtus
427 502 551 545 movens
574 488 660 545 tanto
675 480 794 544 videtur
818 482 942 560 lortior,
966 485 1046 566 quod
1060 481 1224 547 verisimile
1248 483 1299 556 sit,
1321 501 1431 566 corpus
1453 483 1519 566 ejus

164 593 232 636 csse
255 572 352 638 totius
375 571 478 638 mundi
500 571 721 634 densissimum.

250 658 295 724 Et
311 669 381 725 ute
403 669 543 740 magnete
574 661 669 723 virtus
698 661 861 723 attractiva
883 659 954 722 farri
984 660 1193 723 orbiculariter
1224 661 1391 742 spargitur,
1413 661 1458 723 ita
1480 668 1516 725 ut

164 759 280 815 certum
298 751 437 815 obtineat
449 751 561 824 orbem,
584 749 665 811 intra
679 769 769 848 quem
780 750 974 812 constitutum
989 751 1099 815 ferrum
1115 749 1257 826 allicitur,
1280 750 1391 813 fortius
1405 757 1517 826 tamen,

163 840 190 903 si
220 840 336 902 ferrum
360 839 486 921 propius
514 840 593 900 intra
624 840 810 919 complexum
838 839 921 901 illius
945 839 1027 902 orbis
1057 840 1173 901 veniat:
1208 839 1246 900 ad
1273 840 1400 903 eundem
1428 839 1518 920 plane

162 929 286 993 modum
308 928 408 992 virtus
430 929 571 1008 planetas
602 947 727 989 movens
757 948 794 989 ex
818 928 891 991 Sole
913 937 1099 1009 propagatur
1121 928 1152 989 in
1176 929 1293 1005 orbem,
1327 935 1360 990 et
1380 928 1518 1009 partibus

163 1017 484 1082 remotioribus'illius
507 1016 589 1079 orbis
612 1025 660 1078 est
687 1017 872 1080 imbecillior.
919 1018 962 1080 Ut
989 1037 1061 1080 vero
1084 1036 1209 1098 magnes
1238 1036 1298 1080 non
1326 1017 1406 1081 omni
1432 1025 1519 1098 parte

163 1107 269 1184 trahit,
289 1107 515 1170 sed5fi1amenta
533 1108 582 1179 (nt
599 1106 644 1167 ita
662 1105 774 1180 dicam)
790 1126 843 1168 seu
857 1108 948 1170 libras
964 1107 1124 1178 (motoriae
1147 1102 1268 1169 virtutis
1283 1107 1400 1179 sedem)
1418 1113 1520 1170 rectas

164 1198 259 1260 habet
281 1215 336 1279 per
359 1197 482 1276 longum
506 1203 659 1271 extensas,
683 1195 728 1257 ita
741 1204 774 1257 ut
796 1190 869 1258 ferri
893 1196 1047 1276 lingulam,
1071 1197 1097 1258 si
1121 1196 1219 1258 medio
1234 1197 1300 1259 loco
1324 1197 1403 1258 inter
1417 1195 1520 1277 capita

164 1287 316 1368 magnetis
340 1307 359 1347 a
382 1287 478 1347 latere
501 1283 665 1358 consistat,
693 1305 752 1347 non
775 1285 924 1360 attrahat,
953 1285 1008 1347 sed
1030 1285 1238 1348 tantummodo
1260 1284 1430 1366 parallelou
1454 1285 1519 1352 suis

165 1376 246 1440 libris
278 1375 405 1456 dirigat:
424 1374 430 1389 ”
440 1374 484 1436 ita
511 1373 654 1435 credibile
677 1381 739 1448 est,
774 1375 803 1435 in
831 1374 904 1437 Sole
931 1394 991 1436 non
1019 1394 1086 1437 esse
1118 1375 1211 1437 ullam
1243 1374 1303 1436 vim
1329 1374 1520 1456 planetarum

165 1464 386 1540 attractoriam,
410 1471 444 1525 ut
466 1463 495 1525 in
519 1473 658 1542 magnete
673 1463 867 1536 (accederent
884 1464 963 1525 enim
977 1464 1134 1546 rid-Solem
1156 1463 1315 1544 tantisper,
1339 1464 1434 1525 donec
1452 1482 1520 1526 cnm

167 1558 230 1636 ipso
255 1554 509 1634 conjungerentur
530 1552 677 1632 penitus),
702 1551 756 1613 sed
779 1544 1121 1629 tantum'directoriam,
1144 1553 1269 1635 ideoque
1293 1553 1384 1615 libras
1407 1551 1520 1615 babere

167 1644 330 1708 circulares
353 1643 384 1705 in
401 1661 467 1703 cam
480 1641 602 1722 plagam
618 1641 895 1721 circumporrectas,
919 1662 995 1723 qnae
1010 1649 1195 1705 monstratur
1209 1663 1229 1704 a
1247 1642 1358 1704 circulo
1381 1640 1517 1704 zodiaco.

168 1734 237 1797 Sole
252 1733 357 1814 itaque
381 1750 450 1794 sese
468 1739 605 1792 vertente
619 1731 801 1811 perenniter,
826 1730 1010 1793 convertitur
1033 1739 1066 1793 et
1088 1732 1118 1793 in
1142 1731 1244 1794 orbem
1268 1728 1314 1792 vis
1330 1729 1442 1793 motrix
1464 1749 1518 1793 sen

168 1824 304 1885 defluxus
327 1821 380 1883 ille
404 1820 515 1902 speciei
538 1840 558 1880 a
580 1819 662 1881 fibris
681 1819 763 1882 Solis
786 1820 975 1900 magneticis,
999 1839 1053 1902 per
1072 1821 1170 1882 omnia
1193 1819 1383 1900 planetarum
1401 1819 1518 1882 diaste-

169 1920 249 1974 mata
276 1909 418 1985 diffusus,
451 1917 483 1971 ει
509 1908 694 1971 convertitur
722 1908 828 1971 eodem
850 1917 984 1989 tempore
1014 1929 1081 1971 cum
1104 1910 1191 1972 Sole:
1225 1928 1283 1971 non
1311 1927 1400 1972 secus
1428 1915 1518 1990 atque
1594 1972 1600 1981 ,

168 2003 203 2064 ad
224 1999 460 2063 translationem
482 1999 631 2078 magnetis
654 1998 722 2079 ipsa
744 2018 860 2080 quoqne
884 1999 980 2061 virtus
1004 1999 1174 2079 magnetica
1200 1999 1383 2062 transfertur
1406 2005 1438 2061 et
1459 2016 1519 2062 uua

169 2093 278 2154 ierrnm
299 2088 398 2170 ipsam
421 2088 482 2150 vim
503 2086 704 2167 magneticam
726 2089 896 2170 insequens.
1483 2087 1488 2099 “
1553 2162 1556 2169 ¹

168 2226 170 2230 -
250 2178 427 2241 Perbellum
440 2177 576 2257 equidem
600 2176 687 2255 attigi
712 2179 881 2258 exemplum
904 2176 1053 2256 magnetis
1070 2185 1100 2238 et
1115 2175 1234 2237 omnino
1258 2176 1300 2237 rei
1324 2175 1517 2250 conveniens,

170 2290 202 2333 ac
222 2279 331 2351 parum
354 2267 444 2329 abest
464 2266 533 2347 quin
557 2285 605 2326 res
628 2264 696 2345 ipsa
712 2266 771 2327 dici
794 2267 901 2346 possit
940 2266 1020 2327 Nam
1042 2264 1113 2346 quid
1137 2282 1193 2344 ego
1213 2264 1249 2325 de
1273 2270 1423 2345 magnete,
1446 2273 1517 2327 tan-

171 2379 254 2440 quam
277 2357 316 2419 de
338 2355 499 2435 *exemplo‘i
529 2374 596 2416 cum
624 2354 691 2434 ipsa
714 2356 829 2429 Tellus,
854 2355 1037 2418 Gulielmo
1066 2352 1238 2417 Gilberto
1260 2354 1363 2434 Anglo
1391 2353 1517 2416 demon·

171 2455 293 2515 suante,
317 2464 445 2525 magnus
468 2443 589 2525 quidam
617 2444 658 2505 sit
689 2464 829 2524 magnes,
862 2445 1024 2524 eademque
1054 2442 1160 2504 eodem
1186 2450 1324 2518 auctore,
1358 2441 1518 2522 Copernici
1614 2456 1617 2463 ’

171 2546 334 2610 assertore,
365 2533 564 2597 convolvatur
587 2532 618 2594 in
641 2532 706 2595 dies
731 2534 882 2612 singulos,
916 2533 961 2594 uti
984 2551 1040 2612 ego
1063 2531 1168 2594 Solem
1201 2532 1283 2593 volvi
1305 2530 1453 2611 conjicio:
1487 2539 1518 2595 et

172 2628 203 2689 ob
225 2626 258 2688 id
284 2625 391 2706 ipsum,
415 2621 486 2704 quia
507 2621 598 2684 fibras
621 2622 714 2684 habet
736 2623 933 2701 magneticas,
957 2621 1068 2684 lineam
1089 2621 1230 2683 motionis
1254 2640 1327 2683 suae
1351 2620 1443 2682 rectis
1459 2640 1516 2683 an-
1539 2666 1542 2671 ·

171 2716 243 2796 gulis
267 2713 503 2786 intersecantes,
531 2711 600 2773 ideo
623 2710 694 2772 illae
727 2708 818 2773 fibrae
842 2711 936 2774 variis
960 2710 1081 2773 circulis
1102 2710 1228 2775 motioni
1249 2709 1407 2792 parallelis
1430 2710 1518 2790 polos

172 2803 297 2868 Telluris
326 2801 562 2864 circumsistant:
597 2809 630 2861 ut
652 2800 716 2880 jam
740 2801 808 2880 jure
837 2802 948 2881 optimo
977 2802 1094 2861 Lunam
1121 2799 1158 2861 ab
1188 2801 1245 2861 hac
1268 2801 1380 2862 Terrae
1403 2816 1517 2861 convo-

172 2894 279 2958 lutione
303 2890 496 2972 ejusdemque
519 2889 643 2951 virtutis
666 2891 852 2970 magneticae
875 2889 1075 2951 translatione
1098 2889 1164 2969 rapi
1188 2889 1360 2964 statuerim,
1392 2888 1526 2968 triginta.

173 2992 266 3046 tamen
291 2981 407 3042 vicibus
430 2978 604 3041 tardiorem,
1372 2981 1375 2985 ’

252 3070 337 3144 Scio,
366 3070 477 3132 Terrae
509 3068 662 3131 filamenta
689 3066 881 3148 ejusdemque
904 3075 1003 3129 motus
1033 3074 1227 3148 aequatorem
1250 3066 1386 3147 signare,
1410 3065 1516 3129 Lunae

173 3181 236 3225 rero
264 3158 408 3223 circuitus
431 3157 554 3219 zodiaco
579 3176 647 3219 sese
671 3156 847 3218 familiarius
872 3146 1039 3237 applicare:
1073 3176 1132 3237 qua
1155 3155 1192 3216 de
1215 3175 1247 3217 re
1270 3155 1301 3218 in
1324 3154 1519 3236 sequentibus

174 3273 232 3334 cap.
255 3248 428 3314 XXXIII.
454 3255 485 3308 et
511 3254 598 3327 parte
622 3247 660 3307 V.
685 3247 752 3308 Hoc
775 3265 833 3307 uno
857 3254 983 3326 excepto
1013 3252 1113 3307 cetera
1142 3243 1337 3308 conveniunt:
1370 3247 1466 3308 Terra
1486 3244 1518 3307 in

173 3342 271 3404 intimo
295 3338 452 3419 complexu
480 3345 528 3398 est
549 3335 679 3398 Lunaris
701 3334 828 3415 periodi,
851 3343 885 3396 ut
907 3335 962 3397 Sol
984 3334 1016 3395 in
1039 3344 1205 3397 ceteromm
1233 3334 1432 3414 planetarum·
1477 3334 1520 3397 Ει

174 3440 203 3493 ιι
221 3431 363 3512 planetae
382 3424 487 3487 aSole
510 3427 585 3488 fiunt
603 3424 772 3498 eccentrici‚
796 3424 840 3486 sic
855 3426 941 3486 Luna
960 3445 978 3485 a
997 3426 1106 3486 Terra:
1131 3431 1164 3485 ut
1182 3431 1296 3485 certum
1310 3423 1360 3499 sit,
1379 3445 1399 3486 a
1413 3424 1518 3486 Lunae

175 3530 284 3584 notare
298 3519 424 3580 Terram
446 3534 500 3576 ceu
516 3514 664 3595 quandam
683 3533 860 3595 cynosuram
884 3514 1026 3594 spectari,
1050 3513 1093 3574 uti
1109 3513 1163 3575 Sol
1187 3520 1340 3594 spectatur
1353 3534 1373 3574 a
1390 3513 1517 3576 motori-

175 3612 224 3673 bns
254 3608 445 3691 planetarum
477 3612 643 3666 ceterorum
674 3603 819 3683 propriis;
852 3604 889 3664 de
919 3602 1026 3684 quibus
1054 3602 1153 3683 capite
1182 3602 1366 3665 XXXVIII.
1412 3604 1517 3684 Itaque

177 3697 329 3780 plausibile
353 3702 411 3770 est,
436 3713 502 3756 cum
520 3695 614 3755 Terra
631 3693 749 3754 Lunam
771 3692 850 3754 cieat
872 3711 926 3773 per
950 3692 1090 3773 speciem,
1115 3690 1212 3773 sitque
1236 3711 1343 3773 corpus
1366 3691 1518 3773 magneti·

179 3809 252 3864 cnm,
276 3795 307 3849 et
320 3784 375 3849 Sol
398 3784 537 3864 planetas
562 3782 641 3843 cieat
664 3781 802 3845 similiter
824 3800 878 3861 per
902 3782 1044 3844 emissam
1059 3781 1209 3862 speciem:
1243 3781 1367 3845 Solem
1389 3783 1516 3865 itaque

180 3874 351 3942 similiter
373 3892 511 3953 corpus
533 3891 615 3935 esse
638 3869 891 3951 magneticum.
956 3873 973 3897 ¹

765 4102 935 4112 ——---—-

687 4279 806 4379 Caput
838 4277 1000 4354 XXXV.

230 4449 283 4511 Aa
303 4453 340 4510 at
362 4441 491 4507 lucania
513 4442 559 4505 sic
581 4449 611 4505 et
631 4449 733 4505 motus
755 4460 805 4548 erc,
818 4438 893 4502 Sole
913 4441 1074 4602 ἓοιιιίιιραι
1092 4442 1232 4525 privatio
1254 4442 1291 4505 ira
1309 4436 1457 4522 planetis,

727 4550 767 4594 ca}
788 4548 912 4608 unropc
931 4552 963 4590 ar.

258 4679 328 4743 Jam
358 4681 524 4757 opportune
557 4693 704 4735 resumam
738 4682 770 4737 et
798 4671 981 4753 objectiones
1011 4673 1107 4754 capite
1130 4671 1280 4735 XXXIII.
1305 4671 1433 4746 allatas;
1464 4670 1515 4733 ubi

185 4766 345 4849 cognationi
372 4764 449 4827 lucis
479 4773 509 4826 et
537 4763 657 4825 virtutis
685 4763 819 4827 motricis
847 4761 1050 4843 opponebatur
1079 4762 1174 4844 primo
1198 4759 1355 4822 offuscatio
1385 4758 1516 4825 siderum

183 4866 283 4934 nntna,
306 4855 414 4919 deinde
438 4854 540 4937 dispar
558 4854 724 4936 specierum
746 4854 899 4936 utriusque
922 4851 1081 4917 emanatio.

1247 4952 1307 5006 20*
