3368 5534
292 308 358 379 398
772 313 939 367 neeesse·
957 312 1157 369 securus

289 511 375 558 meus
397 510 453 573 pro
478 492 592 573 regula,
616 497 651 554 nt
671 491 785 555 dictum
807 499 864 565 est,
888 492 1042 572 augendae
1066 491 1148 557 Solis
1172 490 1313 556 diametri
1334 491 1447 573 angulo
1469 492 1643 557 anomaliae

287 589 487 662 coaequatae;
521 589 552 643 et
574 581 639 661 ejus
663 601 753 644 sensu
781 582 919 662 exiguum
943 582 981 643 ad
1008 589 1125 664 tempus
1147 582 1284 661 privata,
1317 581 1426 663 quippe
1449 588 1534 645 tecto
1555 581 1640 659 Sole,

285 678 401 753 posset,
424 670 452 732 si
474 669 534 732 diis
556 669 665 750 placet,
690 689 883 752 compensare
907 671 987 751 quod
1009 671 1204 752 neglexisset,
1226 671 1299 735 Sole
1323 690 1441 734 rursum
1467 681 1639 753 emergente

288 767 320 823 et
342 758 523 823 anomaliam
546 768 741 840 coaequatam
763 761 924 823 reducente
948 759 978 821 in
1001 770 1204 842 conspectum.
1241 760 1422 823 Dominatur
1444 759 1524 823 enim
1547 780 1642 836 mens,

290 849 317 912 si
340 868 399 930 qua
422 854 484 923 est,
516 848 639 911 animali
662 849 815 924 facultati,
838 868 932 930 eaque
955 849 1033 912 alias
1057 850 1149 912 stiam
1179 849 1379 931 inaequaliter
1407 849 1504 913 utitur
1533 868 1589 931 pro
1610 871 1642 913 re

288 945 372 1001 nata.
421 937 483 1002 Cur
505 957 565 1000 non
588 936 679 1018 igitur
702 938 804 1001 ethic
828 957 865 1000 ea
888 945 975 1001 extra
999 939 1132 1001 ordinem
1155 946 1289 1003 uteretur
1311 939 1350 1000 ad
1373 938 1542 1001 tollendam
1564 939 1641 1003 hanc

288 1027 524 1108 discrepantiam
546 1045 704 1089 mensurae
720 1027 904 1101 (anomaliae
919 1031 1118 1110 coaequatae)
1134 1036 1165 1090 et
1183 1026 1348 1091 mensurati
1362 1025 1518 1101 (diametri
1532 1027 1640 1105 Solis),

289 1135 365 1198 quae
387 1134 441 1198 per
464 1114 546 1179 Solis
570 1115 696 1197 eclipsin
729 1116 915 1198 irrepserat?
961 1116 1042 1190 Quid
1071 1119 1150 1200 quod
1181 1118 1272 1180 etiam
1299 1117 1352 1179 alii
1375 1117 1547 1196 hujusmodi
1574 1128 1641 1181 sunt

290 1206 372 1268 tardi
394 1214 511 1279 motus,
535 1214 568 1267 nt
590 1205 846 1286 aequinoctiorum
868 1205 1058 1287 praecessio,
1083 1216 1150 1269 orta
1172 1226 1210 1268 ex
1233 1206 1300 1267 axis
1322 1206 1455 1268 Telluris
1478 1206 1640 1270 directione

291 1295 331 1357 sd
354 1294 432 1357 alias
455 1304 545 1375 atque
569 1294 647 1358 alias
669 1295 759 1369 fixas,
793 1314 852 1357 non
875 1295 912 1355 ad
936 1295 1060 1359 Solem?
1092 1297 1141 1358 ubi
1164 1296 1239 1358 nihil
1255 1296 1376 1358 ‘efficere
1398 1302 1505 1376 potest
1526 1295 1640 1359 Soletis

287 1383 410 1447 luminis
434 1383 563 1458 aversio,
587 1402 653 1445 cum
676 1403 732 1446 nec
755 1384 890 1464 ejusdem
911 1386 1085 1465 praesentia
1108 1385 1191 1447 illam
1214 1385 1331 1448 efficiat.

377 1473 484 1552 Itaque
516 1480 550 1533 ut
572 1471 773 1552 ἀηιφραξιων
794 1473 1028 1552 magneticamm
1055 1474 1232 1553 effugiamus
1264 1472 1456 1536 incommoda
1485 1473 1580 1536 etium
1610 1474 1636 1536 in

287 1559 420 1642 propriis
448 1561 636 1641 planetarum
665 1561 892 1636 librationibus,
924 1581 983 1624 non
1011 1562 1108 1624 minus
1132 1583 1219 1643 qnam
1248 1582 1312 1644 cap.
1336 1561 1474 1627 XXXV.
1499 1562 1532 1625 in
1558 1582 1637 1626 com·

288 1651 370 1717 muni
393 1658 482 1730 raptu
507 1669 545 1711 ex
567 1650 656 1724 Sole,
689 1650 845 1712 dicendum
869 1658 932 1725 est,
966 1652 1077 1714 similia
1099 1652 1217 1733 quidem
1241 1671 1308 1714 esse
1338 1669 1429 1730 posse
1451 1651 1637 1732 planetarum

289 1758 419 1817 corpora
441 1759 534 1801 causa
556 1740 744 1819 magneticae
768 1738 985 1820 dispositionis,
1009 1741 1063 1803 sed
1086 1750 1139 1803 aut
1161 1742 1279 1821 longius
1303 1741 1341 1802 ab
1363 1740 1492 1803 invicem
1515 1751 1635 1815 remota

203 1879 208 1887 .
289 1847 379 1910 quam
408 1836 441 1890 ut
464 1828 551 1890 orbes
575 1829 718 1891 virtutum
741 1830 931 1910 planetarum
954 1838 1062 1892 coeant
1083 1839 1201 1904 mutuo,
1234 1839 1287 1892 aut
1313 1828 1469 1892 fortiorem
1500 1829 1636 1893 rinutem

288 1937 326 1980 ex
349 1917 420 1980 Sole
444 1925 632 1979 emanantem
656 1919 731 1990 (non
753 1918 851 1980 minus
871 1918 965 1993 illam,
989 1938 1065 1999 quae
1089 1919 1226 1999 proprias
1248 1918 1437 1999 planetarum
1461 1918 1636 1981 virtutesin

286 2014 386 2069 actum
402 2006 494 2080 elicit,
519 2026 608 2086 quatu
631 2007 725 2082 illam,
749 2027 825 2088 quae
849 2007 919 2070 illos
943 2008 972 2072 in
988 2009 1090 2070 orbem
1113 2009 1217 2089 rapit),
1241 2027 1329 2089 quam
1352 2016 1386 2069 ut
1399 2007 1521 2086 objectu
1546 2007 1634 2071 imbe-

285 2095 411 2158 cillioris
435 2095 604 2176 corpusculi
628 2096 766 2175 impediri
790 2096 908 2159 omnino
931 2097 1040 2177 possit,
1069 2098 1122 2159 sed
1145 2096 1286 2172 transire,
1309 2106 1343 2160 nt
1365 2097 1417 2160 lux
1440 2115 1497 2176 per
1519 2097 1635 2177 globum

285 2202 413 2266 aqueum
437 2184 563 2260 transit;
588 2192 641 2246 aut
663 2194 767 2248 mutae
791 2185 939 2248 exilitatis
963 2205 1030 2248 esse
1047 2206 1173 2267 corpora
1195 2187 1395 2266 planetarum,
1419 2193 1454 2248 ut
1477 2185 1555 2248 nibil
1578 2187 1635 2248 efl-

286 2272 383 2348 ciant;
416 2293 472 2336 nec
495 2273 598 2337 Solem
630 2294 759 2356 unquam
787 2275 840 2337 ulli
867 2277 1072 2356 planetarum,
1105 2275 1155 2357 qui
1178 2295 1197 2336 a
1220 2275 1293 2339 Sole
1322 2283 1475 2350 movetur,
1508 2274 1549 2337 ab
1580 2275 1634 2339 alio

283 2361 407 2444 plancta
429 2363 460 2425 in
484 2363 615 2425 solidum
638 2364 789 2444 intercipi,
814 2365 1061 2445 quemadmodum
1084 2364 1198 2428 Telluri
1221 2364 1275 2428 Sol
1291 2385 1311 2426 a
1324 2365 1413 2427 Luna
1434 2364 1634 2446 nunqnamin

284 2450 414 2514 solidum
443 2452 641 2532 intercipitur.
688 2454 767 2516 Nam
790 2454 849 2515 etsi
871 2454 975 2516 Lunae
999 2453 1117 2535 quidem
1140 2462 1222 2516 totus
1245 2452 1300 2516 Sol
1323 2453 1441 2535 aliquot
1463 2453 1550 2517 boris
1579 2453 1633 2533 tegi

285 2548 398 2622 potest,
429 2546 463 2603 at
475 2541 563 2603 Luna
576 2562 636 2605 non
655 2543 781 2605 libratur
796 2561 902 2606 versus
917 2543 1031 2617 Solem,
1055 2544 1109 2605 sed
1125 2562 1230 2606 uersus
1247 2544 1382 2617 Terram,
1405 2541 1492 2622 cujus
1515 2552 1633 2624 aspecta

283 2630 352 2710 ipss
378 2628 492 2709 privari
519 2650 668 2712 nunquam
699 2639 817 2712 potest,
850 2651 916 2695 cum
939 2633 1055 2695 Lunam
1088 2632 1167 2694 inter
1198 2641 1229 2694 et
1251 2633 1402 2695 Tellurem
1433 2649 1545 2713 corpus
1571 2630 1633 2695 nul-

283 2718 345 2782 lum
367 2717 497 2783 intersit.

372 2805 488 2880 Quodsi
511 2815 612 2871 umen
636 2808 726 2871 alicui
749 2810 867 2873 videtur
891 2809 1065 2889 plausibile,
1098 2809 1315 2890 uanspositum
1343 2827 1550 2890 apcgseorum
1572 2829 1632 2873 esse

282 2904 541 2973 momentaneum,
574 2906 667 2960 etex
690 2898 747 2960 hac
775 2918 867 2960 causa
889 2898 1028 2978 eclipsati
1052 2898 1136 2962 Solis
1160 2898 1249 2961 oriri:
1283 2898 1367 2961 dicat
1393 2899 1435 2972 is,
1468 2896 1497 2961 si
1527 2898 1633 2979 placet,

282 3005 319 3049 ne
348 2986 469 3050 libratio
498 2987 553 3050 sub
576 2987 702 3066 eclipsin
731 2988 898 3068 interrupta
921 2987 1005 3059 (dum
1032 2988 1157 3069 planeta
1187 2986 1305 3050 interim
1328 3008 1347 3048 a
1368 2987 1442 3051 Sole
1471 2987 1633 3051 malms

282 3083 333 3138 est
354 3076 385 3139 in
398 3076 492 3141 alium
506 3076 648 3156 angulum
660 3074 811 3158 aliamque
828 3077 892 3155 ejus
917 3076 1138 3150 tortitudinem>
1161 3076 1268 3157 eclipsi
1281 3077 1365 3139 finita
1377 3076 1513 3139 subitum
1528 3076 1631 3140 celeri·

282 3164 358 3227 tatis
380 3164 572 3228 intervallum
595 3164 751 3240 admittat,
784 3165 852 3227 ideo
876 3165 1064 3244 compensari
1088 3166 1165 3228 hunc
1195 3165 1298 3245 anguli
1325 3166 1436 3229 saltum
1466 3184 1488 3227 a
1515 3165 1633 3247 planete

283 3255 367 3335 ipso,
402 3255 595 3318 inclinatione
619 3254 686 3315 axis
709 3254 764 3316 tali
788 3255 870 3316 facta
901 3256 940 3316 ad
973 3255 1076 3318 Solem
1108 3264 1179 3335 post
1208 3254 1349 3335 eclipsin,
1381 3254 1481 3335 qualia
1509 3264 1579 3319 erat
1607 3255 1632 3317 iu

283 3342 431 3425 principio
446 3344 578 3424 eclipsis.
618 3342 670 3407 Sic
694 3343 772 3405 enim
793 3344 975 3406 obtinebitur
998 3345 1202 3425 transpositus
1217 3344 1413 3425 apheliorum,
1437 3343 1495 3405 sed
1517 3344 1631 3407 edus

284 3432 339 3494 tim
362 3434 472 3509 factus,
497 3442 528 3495 et
550 3434 662 3496 durans
685 3433 821 3513 plurimis
844 3434 931 3495 annis
955 3433 1059 3495 eodem
1083 3434 1150 3495 loco
1173 3434 1228 3498 sub
1251 3432 1333 3507 fixis,
1358 3432 1454 3495 donec
1478 3432 1543 3495 alia
1564 3453 1631 3496 coo·

283 3520 384 3601 tingat
405 3523 545 3603 planetae
569 3521 737 3585 offuscatio.
775 3523 834 3585 Illa
857 3541 926 3586 vero
950 3523 1032 3604 prior
1055 3542 1147 3584 cauea
1168 3520 1415 3603 transpositionis
1438 3522 1631 3603 apheliorum,

284 3620 353 3673 orta
384 3629 423 3672 ex
454 3612 642 3674 aberratione
676 3610 846 3674 librationis
870 3632 888 3672 a
911 3611 1037 3674 circuitu
1067 3612 1122 3673 snb
1145 3612 1230 3687 fixis,
1264 3618 1385 3692 propter
1417 3610 1632 3691 ἀγωμκῃω

284 3700 411 3763 alterius
428 3700 467 3763 ab
482 3701 579 3763 altero
594 3719 712 3774 nexum,
728 3701 824 3781 magis
839 3708 923 3763 esset
936 3720 990 3781 pro
1005 3701 1155 3781 aequabili
1170 3719 1370 3783 apogaeorum
1386 3700 1629 3782 transpositione

371 3789 508 3871 Denique
527 3799 634 3854 neutra
657 3790 762 3851 harum
781 3809 938 3851 causarum
962 3790 1092 3862 valente,
1116 3789 1228 3852 habeat
1246 3810 1330 3853 mens
1346 3785 1471 3852 animali
1490 3789 1631 3855 iniuncta

284 3877 441 3954 facultate,
464 3898 540 3960 quae
563 3887 686 3961 praeest
708 3880 859 3941 constanti
874 3878 1032 3941 directioni
1047 3878 1115 3941 axis
1136 3878 1307 3960 magnetici,
1331 3878 1388 3941 boc
1410 3878 1505 3943 etiam
1520 3898 1630 3951 monne.

285 3966 449 4029 inclinandi
468 3969 533 4048 ejus
557 3986 699 4030 successu
722 3968 898 4030 seculorum.
936 3969 981 4031 At
1002 3986 1057 4030 nec
1080 3969 1143 4031 ulla
1171 3970 1275 4031 harum
1301 3986 1461 4031 causarum
1483 3987 1541 4032 nec
1561 3969 1629 4031 adeo

285 4063 385 4118 mente
409 4056 439 4117 in
468 4058 639 4121 universum
670 4064 770 4118 stante
803 4057 1027 4138 acquiescamus
1051 4058 1081 4119 in
1104 4066 1228 4120 natura:
1263 4076 1429 4140 quaecum
1452 4057 1517 4119 alia
1538 4055 1629 4121 omnb

285 4145 430 4228 expedita
453 4146 547 4222 dedit,
571 4146 746 4211 tumetium
769 4154 868 4209 motus
883 4147 1069 4227 apheliorum
1091 4147 1271 4211 luculentam
1286 4146 1476 4210 occasionem
1495 4144 1627 4211 oreada
