3368 5534
262 322 309 391 ra
653 312 1192 390 ιιιιιιιφιιιιιιιωιιιιιιιιι

262 504 377 587 quaie's,
401 509 434 564 ct
451 501 549 564 lineae
563 499 634 574 HG,
650 498 703 561 Tr
717 501 771 562 lec.
796 502 947 581 aequales,
971 499 1137 581 ubieunque
1151 497 1248 563 Sol
1223 518 1288 564 srva
1302 498 1420 562 Terra
1411 518 1443 561 ru
1466 518 1522 562 suo
1544 500 1629 563 orba

263 593 396 659 consitat
419 593 507 672 louge
531 591 593 653 vel
603 608 707 669 prope.
754 588 833 652 Sunt
856 600 958 653 autern
980 588 1047 664 IlL,
1068 591 1120 653 TL
1140 592 1194 652 dne.
1219 608 1322 652 omues
1344 589 1524 671 parallelae,
1545 589 1622 670 quia

260 701 428 764 apogaeum
451 677 666 742 insensibiliter
690 679 807 741 interea
828 679 977 759 procedit,
1019 678 1126 782 Neque
1147 668 1267 743 tantun
1283 676 1353 754 GH,
1373 670 1491 741 ereo.
1512 677 1620 743 lineae

260 772 385 855 aquales
409 777 511 843 eruut,
543 770 598 830 sed
626 768 716 831 etiarn
740 769 766 829 si
790 786 827 829 ex
850 769 960 833 Martis
984 768 1090 831 iocis
1082 787 1112 830 ιι
1137 760 1265 832 medium
1289 767 1372 831 Solis
1394 768 1493 830 locum
1519 767 1621 831 lineae

260 862 456 933 ducerentur,
480 858 559 939 quod
581 857 675 932 eddo,
708 875 746 918 ue
771 856 825 919 tibi
849 858 1050 945 suspicionem
1073 865 1210 932 moveat,
1243 856 1379 940 quamvis
1402 856 1479 918 hace
1502 856 1620 920 mentio

260 968 326 1013 meo
351 948 493 1012 instituto
516 944 575 1008 uon
600 947 640 1008 sit
663 946 846 1008 necessaria.
895 938 998 1009 Tertio
1023 966 1060 1008 ex
1091 946 1206 1023 calculo
1229 946 1380 1028 Tychonis
1409 946 1521 1008 dantur
1544 966 1621 1008 vera

259 1040 329 1103 loca
350 1039 496 1100 linearum
517 1037 588 1110 ΑΗ,
612 1034 669 1097 ΔΤ
693 1037 746 1098 loc.
771 1037 827 1098 sub
851 1037 927 1111 fixis,
951 1055 1044 1116 quare
1068 1043 1100 1097 et
1122 1035 1225 1116 anguli
1247 1035 1349 1110 llAT,
1378 1032 1462 1097 ΤΑΕ
1485 1035 1542 1097 dra.
1568 1037 1620 1099 rel

261 1128 291 1193 iu
322 1125 490 1207 coperuico
521 1130 616 1202 dap,
647 1147 713 1201 pue
744 1124 797 1187 dac.
828 1132 1003 1207 (figadcap.
1017 1131 1130 1193 xxm).
1185 1124 1302 1197 Quarto
1334 1144 1372 1186 ex
1402 1124 1619 1189 obseruatione

261 1218 371 1281 dautur
394 1215 564 1278 certissima
585 1215 653 1278 loca
677 1215 823 1278 linearum
843 1212 915 1289 AG,
933 1214 1059 1281 Aroe.
1084 1214 1141 1276 sub
1163 1213 1230 1277 fixis
1254 1215 1292 1277 od
1315 1212 1417 1275 omnia
1439 1213 1508 1277 loca
1514 1211 1618 1279 ·.Solis

260 1304 431 1379 Quintnd,
456 1327 481 1382 η,
506 1327 532 1378 ι,
553 1299 574 1376 ζ
593 1303 705 1379 velli,
727 1304 766 1378 T,
788 1303 825 1379 E,
850 1304 873 1365 S
905 1303 1138 1406 praesupposita
1167 1313 1239 1369 sunt
1270 1323 1337 1367 esse
1370 1292 1557 1366 sensibiliter
1587 1304 1638 1375 iu,

260 1414 318 1459 uno
341 1394 462 1458 circulo.
501 1390 602 1464 Quare
622 1392 669 1453 his
683 1393 772 1472 plene
792 1392 948 1467 assumtis,
972 1412 1031 1455 non
1046 1392 1180 1472 pluribus
1204 1412 1261 1455 nou
1276 1390 1478 1473 paucioribus,
1499 1413 1617 1469 peaes·

259 1485 352 1547 sitate
376 1482 554 1562 triangulari
579 1482 668 1544 datur
691 1482 843 1562 proportio
867 1482 998 1545 omnium
1016 1482 1098 1556 nh,
1105 1482 1162 1544 AT
1175 1483 1229 1545 he.
1253 1483 1292 1545 ed
1314 1480 1385 1556 HG,
1410 1482 1462 1545 Tr
1484 1458 1637 1557 00210-

260 1560 352 1647 etiam
375 1572 492 1635 tentari
516 1571 614 1633 ductis
638 1572 730 1632 rectis
752 1591 791 1632 ex
814 1579 839 1642 d
863 1571 893 1633 in
917 1573 1013 1634 locum
1036 1570 1120 1634 Solis
1143 1570 1289 1645 medinm,
1313 1568 1478 1635 secundun
1504 1560 1616 1661 eceen,³

261 1662 427 1727 0101ιοιοοι
451 1655 548 1724 3000.
595 1660 676 1723 Nam
699 1661 839 1723 iuuentus
871 1671 919 1723 est
942 1661 993 1723 ille
1017 1661 1133 1723 medius
1156 1657 1211 1723 Sol
1234 1660 1433 1743 inaequaliter
1455 1630 1621 1803 distam'a
1670 1710 1674 1719 .

261 1752 357 1815 Terra
378 1732 505 1832 ideoque
529 1768 586 1811 non
610 1767 681 1811 sere
706 1769 774 1811 esse
798 1750 912 1813 medius
935 1747 999 1815 Sol.

320 1841 439 1903 Porro
463 1858 500 1902 ex
524 1837 604 1901 datis
628 1839 861 1918 longitudinibus
876 1840 945 1914 ΔΗ,
961 1840 1018 1902 ΔΤ
1032 1840 1086 1902 bc
1107 1839 1151 1902 sic
1167 1828 1372 1901 ordinatarum
1387 1837 1478 1917 plene
1503 1858 1622 1921 neces-

257 1930 339 1995 sario
362 1930 497 2010 sequitur
519 1936 605 1990 certa
628 1928 732 2009 aliqua
751 1929 963 1993 eccentricitas
995 1948 1089 2031 eaque
1117 1925 1201 1992 1800
1233 1926 1378 2008 proxime,
1401 1927 1510 2008 plane:
1516 1936 1552 1991 ut
1585 1937 1618 1992 et

260 2021 337 2085 ratio
360 2017 509 2081 naturalis
532 2016 650 2081 suadet
697 2019 754 2080 llic
778 2027 818 2093 te,
842 2018 980 2095 Fabrici,
1011 2018 1104 2080 sirum
1127 2027 1252 2097 praesta
1275 2024 1307 2077 et
1329 2020 1388 2078 noh
1412 2014 1465 2079 illa
1488 2014 1634 2101 curin

255 2109 417 2175 manuiana
433 2107 661 2187 argumentandi
683 2107 778 2171 iorrna
791 2127 837 2171 me
854 2127 1009 2190 oppugnes
1024 2113 1115 2180 (comp
1134 2114 1191 2165 Vol
1204 2114 1237 2172 11,
1256 2128 1307 2181 pag
1335 2110 1504 2180 431),οιοι
1518 2104 1615 2190 prin·
1616 2174 1637 2197 .-

256 2199 338 2281 cipia
359 2198 465 2258 rideas
487 2196 527 2258 ob
550 2198 665 2271 oculos,
687 2196 795 2279 quibus
819 2197 975 2260 dissolutis
998 2205 1065 2259 ruet
1083 2196 1162 2277 quod
1177 2194 1435 2276 superaedificavi,
1459 2186 1614 2301 aientibus

255 2287 353 2351 stabit
384 2294 490 2348 contra
521 2304 624 2347 omues
647 2287 778 2350 hlartiee
811 2287 1016 2369 hypotheseos
1048 2286 1173 2348 furores
1219 2285 1298 2349 Nam
1321 2294 1356 2347 ut
1380 2286 1445 2365 jorn
1475 2276 1621 2381 pe'rg'am,

258 2376 414 2441 stantibus
437 2373 485 2436 bis
508 2374 663 2437 stabilitur
687 2397 746 2438 una
768 2377 852 2439 locus
885 2377 983 2440 lineae
1006 2373 1065 2439 HG
1095 2376 1152 2438 sub
1179 2376 1246 2438 tixis
1270 2374 1422 2456 (quamuis
1445 2375 1495 2438 hic
1520 2364 1621 2441 etiam

256 2486 296 2529 ex
317 2464 529 2527 observatione
553 2464 657 2525 haberi
680 2465 793 2545 possit,
821 2464 848 2526 si
871 2467 968 2529 altere
992 2462 1143 2528 ernist
1166 2463 1428 2527 obseruationibus
1451 2464 1494 2526 sit
1495 2464 1616 2545 ‹ispo-

254 2577 363 2636 νηιος,
387 2552 437 2615 ubi
459 2553 544 2614 hlars
567 2553 685 2615 eruitur
708 2554 856 2632 parallaxi
881 2564 913 2615 et
936 2562 1093 2634 spectatur
1116 2555 1145 2615 in
1168 2574 1222 2617 suo
1247 2573 1318 2615 vero
1341 2553 1407 2616 loco
1430 2555 1615 2629 eceentrico,

254 2645 285 2707 10
309 2663 367 2724 quo
391 2643 483 2704 etiarn
505 2651 555 2703 est
576 2650 648 2722 post
672 2643 805 2720 integras
826 2645 1038 2715 revolutiones,
1064 2642 1228 2725 ubicunque
1254 2653 1316 2705 turn
1339 2641 1393 2706 Sol
1417 2643 1486 2715 sit),
1512 2645 1613 2709 stabi-

255 2734 327 2797 litur
350 2732 442 2793 etiarn
466 2733 620 2812 proportio
635 2728 705 2793 'GII
728 2734 767 2792 ad
791 2752 995 2813 quamcunque
1018 2750 1056 2791 ox
1079 2731 1161 2806 Mu)
1193 2733 1232 2793 ad
1256 2732 1371 2795 radium
1403 2733 1469 2813 ejus
1497 2732 1613 2809 circuli,

253 2821 286 2887 h
309 2840 366 2902 quo
391 2830 461 2883 sunt
484 2838 587 2881 omnes
603 2821 641 2895 11,
657 2820 692 2893 T,
707 2820 745 2894 E,
759 2820 783 2883 S
807 2823 854 2883 rel
877 2843 981 2884 omnes
1000 2824 1034 2894 θ,
1049 2843 1075 2897 q,
1089 2845 1113 2890 e,
1129 2817 1154 2893 ζ.
1192 2820 1348 2884 Consimili
1361 2820 1452 2903 plane
1467 2823 1615 2887 methodo

256 2908 409 2975 ‘nrveuitur
432 2909 537 2971 eadem
561 2908 708 2971 distantia
723 2918 748 2979 d
766 2908 817 2987 Θ,
841 2912 867 2973 si
883 2919 909 2981 d
923 2913 965 2973 sit
983 2910 1064 2972 circa
1079 2928 1255 2989 apogaeum,
1279 2918 1310 2972 et
1324 2909 1350 2971 si
1364 2912 1407 2973 sit
1422 2910 1506 2975 circa
1528 2912 1614 2993 peri·

279 3018 366 3063 ιο0οι
390 3005 422 3061 et
444 2999 471 3060 si
493 2997 574 3059 circa
597 2998 801 3083 longitudines
825 3002 950 3063 medias.
985 2997 1217 3080 Comparatioue
1240 3000 1333 3080 igitur
1356 2999 1439 3061 facta
1462 2999 1616 3065 invenitur

255 3020 325 3166 00)
350 3087 560 3151 eceentricitas
583 3096 616 3150 et
639 3086 699 3150 11G
724 3090 861 3170 longior,
883 3108 975 3173 quam
996 3097 1031 3149 ut
1054 3088 1102 3151 rel
1130 3088 1158 3150 in
1180 3089 1236 3151 hoe
1262 3089 1309 3151 rel
1332 3089 1362 3150 in
1386 3089 1484 3153 altero
1514 3092 1614 3155 semi·

254 3179 366 3243 simulo
389 3187 472 3239 stare
495 3177 603 3257 possit
652 3177 737 3241 Unde
761 3179 907 3255 discitur,
926 3178 1039 3243 utute
1070 3188 1183 3241 motum
1220 3198 1287 3241 esse
1321 3178 1446 3259 figuram
1481 3180 1614 3256 ovalern,

253 3268 333 3350 quod
356 3285 472 3329 rursum
495 3266 628 3349 physicis
652 3268 818 3331 rationibus
842 3266 976 3353 apprime
998 3277 1235 3330 cousentaneum
1253 3276 1310 3330 est
1349 3265 1451 3345 Quare
1465 3268 1493 3331 si
1509 3278 1615 3335 motus

253 3356 421 3423 intenditur
435 3374 502 3418 cum
516 3357 805 3437 appropinquatione
819 3365 891 3429 det
905 3354 959 3435 Θ,
982 3359 1087 3421 statim
1103 3357 1248 3438 sequitur,
1273 3367 1306 3419 ut
1324 3357 1471 3421 hacteuus
1491 3359 1615 3441 quidem

253 3445 421 3527 geometria
443 3444 499 3507 suit
522 3447 658 3522 exculta,
683 3455 709 3517 (ς
733 3448 831 3510 locum
854 3447 1054 3510 ecceutricum
1078 3446 1246 3526 computari
1268 3466 1327 3508 nou
1351 3465 1441 3527 posse
1465 3466 1617 3529 compen
1618 3490 1623 3497 -

253 3533 349 3599 dosa
396 3532 558 3606 Quaeritur
581 3554 653 3616 ergo
675 3549 817 3617 puuctum
839 3537 979 3611 circaB,
1013 3537 1093 3601 circa
1123 3533 1202 3619 qood
1231 3536 1369 3616 quamuis
1401 3535 1615 3617 imaginarium

254 3623 390 3686 calculus
414 3624 623 3704 compendiose
647 3627 801 3705 procedat
848 3628 882 3689 ld
907 3638 1007 3687 autern
1033 3645 1175 3706 quaerere
1200 3645 1325 3687 necesse
1349 3645 1408 3688 non
1434 3639 1493 3689 est.
1540 3627 1615 3715 qiam

253 3712 333 3775 euim
356 3714 507 3776 inventum
532 3723 590 3782 est,
614 3733 681 3776 cum
704 3717 950 3779 ιιιοιιιΙιίιιιιιιι
969 3717 1214 3778 observationum
1227 3714 1361 3778 calculus
1375 3734 1430 3794 per
1444 3726 1613 3797 quaternas

253 3803 482 3866 observationes
467 3804 721 3866 institueretur.

343 3890 423 3964 Quid
446 3891 504 3965 bic,
528 3913 650 3973 quaeso,
675 3894 785 3974 duplex
809 3891 889 3956 Solis
920 3894 1153 3955 ecceutricitas?
1193 3893 1262 3972 Age
1294 3893 1448 3974 paciscere
1482 3913 1615 3973 mecurn,

254 3986 339 4044 utere
362 3981 536 4062 Tycbonica
569 3985 693 4063 antiqua
725 3983 885 4067 hypothesi
908 3983 1170 4064 aerouychiarum,
1203 4000 1279 4062 quae
1311 3984 1449 4047 omuibus
1472 3983 1549 4046 locis
1573 3986 1615 4049 ad

253 4069 286 4134 7‘
316 4071 436 4132 circiter
467 4071 620 4133 satisfacit
653 4073 843 4135 dissimulato
876 4072 931 4133 hoc
963 4073 1122 4134 errorculo.
1169 4073 1284 4136 Postea
1315 4085 1398 4135 utere
1427 4072 1487 4137 bae
1512 4075 1614 4143 torma

252 4160 533 4233 demonstrationis,
565 4176 596 4221 ct
627 4163 667 4223 sit
700 4163 755 4223 tibi
780 4164 807 4224 H
833 4163 916 4223 locus
939 4161 1021 4223 Solis
1043 4162 1159 4223 medius
1182 4172 1214 4222 et
1236 4160 1324 4223 lm
1346 4161 1395 4223 vel
1418 4166 1483 4239 dun
1507 4164 1615 4245 anguli

252 4269 292 4312 ex
320 4251 428 4311 mediis
463 4249 593 4310 motibus
623 4250 706 4312 Solis
738 4253 901 4332 prodeant,
936 4251 1069 4313 invenies
1094 4250 1283 4313 nihilominus
1307 4251 1377 4323 AB,
1400 4251 1458 4314 AT
1481 4250 1537 4314 bc.
1560 4254 1614 4317 in·

252 4341 396 4420 aequales
426 4353 457 4399 et
487 4342 744 4402 ecceutricitatem
781 4338 874 4408 1800.
908 4360 974 4401 cunr
998 4340 1067 4402 illas
1091 4340 1252 4419 aequales,
1284 4340 1361 4402 banc
1394 4340 1510 4403 nullam
1541 4362 1614 4407 esse

253 4428 397 4490 decuerit.
447 4428 584 4489 invenies
608 4426 675 4506 Eg
702 4429 960 4493 ecceutricitatem
983 4429 1141 4490 ecceutrici
1171 4428 1260 4509 longe
1289 4429 1382 4491 aliam
1411 4429 1551 4511 (saepius
1581 4444 1617 4499 et

253 4516 389 4580 iuratio
414 4525 440 4587 d
463 4519 534 4587 situ,
558 4518 587 4578 iu
612 4538 757 4599 apogneo,
781 4520 932 4598 perigaeo,
957 4518 1192 4621 longitudinibus
1214 4518 1320 4581 mediis
1344 4538 1381 4579 eu
1400 4519 1426 4580 B
1448 4520 1613 4624 oppositis,

253 4606 365 4667 iterata
378 4617 446 4669 tota
459 4608 645 4686 pragmatia)
660 4627 748 4709 quam
763 4609 953 4671 habiturus
938 4630 970 4670 es
957 4609 1014 4670 10
1029 4607 1188 4691 brpothesi
1203 4608 1484 4691 acrouychinrum,
1476 4609 1614 4675 invenies

252 4695 329 4757 duas
362 4704 386 4765 d
421 4718 440 4757 a
462 4697 488 4758 B
512 4696 559 4758 dis
561 4699 676 4759 tantias
702 4698 729 4758 10
754 4698 861 4758 mediis
883 4676 1119 4779 longitudinibus
1104 4698 1309 4778 suppositis,
1341 4698 1497 4763 breviores
1520 4720 1616 4784 quam

253 4797 302 4846 est
319 4783 435 4857 hflrt).
473 4788 517 4848 At
541 4786 611 4868 quia
628 4787 730 4848 omnia
754 4787 793 4847 ad
816 4787 944 4849 medium
967 4800 1079 4849 motum
1094 4784 1176 4848 Solis
1198 4786 1388 4861 reduxisti,
1380 4790 1518 4853 ravenica
1541 4790 1614 4853 lou·

253 4872 354 4955 giorcs
377 4876 406 4936 iu
430 4874 527 4937 altero
551 4876 749 4951 semicirculo,
773 4877 911 4959 quamue
933 4877 1102 4957 aequaliter
1119 4875 1158 4937 ab
1176 4894 1313 4957 apogaco
1328 4876 1616 4944 dementatis
