3368 5534
289 287 354 358 260
774 289 815 342 no
833 288 942 343 noem
962 288 1055 343 seon
1071 279 1161 343 ιιιιιι·

613 488 836 566 Protheorema,
859 491 980 571 saepius
1002 490 1085 553 iutra
1105 489 1319 568 usurpandum

286 604 599 663 Observationibns
635 604 765 658 stellae
794 606 916 662 Martis
947 609 989 661 ad
1019 605 1216 675 eclipticam
1249 605 1391 669 relatis,
1423 614 1458 660 et
1490 623 1551 675 per
1580 624 1640 660 eas

285 688 388 743 lineis
422 687 458 740 in
493 686 597 754 plano
632 684 821 755 eclipticae
860 686 1104 758 investigatis,
1147 688 1334 740 ostendere
1375 686 1639 758 longitudinem

286 769 467 830 linearum,
490 780 574 836 quae
594 765 637 818 iis
658 783 674 817 o
694 766 842 837 regione
862 767 898 822 in
914 769 1024 838 plano
1044 766 1181 822 orbitae
1207 765 1373 837 propriae
1394 769 1640 837 respondeant.

376 896 569 981 nepotem
590 895 678 959 BAD
703 902 769 971 (rig.
789 902 834 968 ⁷2)
857 897 943 962 limo
964 901 999 962 in
1018 897 1116 982 plmw
1148 896 1327 981 eclipticce,
1351 905 1381 960 et
1398 918 1460 980 per
1480 897 1530 972 A,
1561 919 1643 982 quac

291 985 398 1051 Solem
419 1007 476 1050 cea
498 993 636 1050 centrum
657 988 769 1051 maadi
791 988 927 1062 denotet,
952 989 1089 1052 ducatur
1110 985 1311 1051 κιαι-ΒΑΜ
1332 987 1368 1049 ia
1386 984 1494 1068 plano·
1509 989 1643 1061 orbitae,

290 1073 441 1156 metello
462 1075 504 1139 eit
525 1075 603 1139 iaL
625 1082 655 1139 et
671 1076 714 1138 M.
753 1072 806 1142 se
828 1085 932 1141 autem
947 1077 1052 1141 Tema
1069 1078 1105 1140 ia
1123 1073 1160 1151 0,
1184 1083 1214 1139 ct
1235 1073 1432 1157 hiaapelma
1454 1071 1539 1139 GAB
1560 1098 1644 1160 pure

285 1165 382 1251 pleni
403 1163 579 1246 eclipticam
603 1164 648 1227 ad
670 1166 755 1247 qaod
778 1165 914 1249 plenum
936 1165 1092 1248 hiaaprdi
1113 1166 1202 1228 LBA
1221 1163 1420 1247 iutellipetar
1439 1171 1581 1228 rectem
1613 1174 1644 1231 et

289 1260 511 1320 conaecteatar
543 1260 664 1336 pometa
691 1251 735 1330 Ο,
765 1256 808 1331 L,
837 1256 882 1317 B:
922 1255 1198 1338 eoatinamtarqae
1235 1252 1338 1317 licem
1369 1252 1415 1318 od
1444 1255 1644 1337 superficiem

287 1345 611 1427 ephaeracfiearum,
634 1344 691 1406 AB
714 1345 802 1422 ιἰιβ,
825 1345 883 1408 AL
905 1345 990 1417 inl
1013 1341 1070 1407 AO
1093 1346 1127 1407 in
1150 1363 1185 1418 κ;
1215 1343 1337 1426 sititque
1359 1344 1400 1420 κβ
1421 1362 1518 1407 merea
1540 1342 1642 1428 eclip-

287 1436 387 1509 ticce,
410 1435 454 1511 βλ
476 1453 572 1496 arctoe
601 1431 715 1496 circuli
742 1432 940 1509 latitudinis,
964 1435 1002 1496 κλ
1024 1453 1119 1497 arcete
1149 1441 1355 1497 trmoeoerme.
1400 1432 1508 1514 Ipitar
1534 1434 1641 1496 cleer-

287 1524 371 1588 octio
395 1520 457 1586 loci
484 1519 595 1585 stellae
615 1522 671 1585 aad
694 1523 776 1604 ficia
802 1526 940 1607 refertur
962 1522 1007 1586 ad
1029 1522 1220 1606 eclipticam
1254 1522 1401 1612 heduae
1423 1541 1505 1584 orca
1527 1521 1644 1586 circuti

284 1612 471 1679 latitudinis
494 1610 541 1674 cd
560 1610 737 1694 eclipticam
760 1615 801 1691 κβ
815 1620 898 1678 recto
916 1634 979 1696 per
999 1612 1102 1676 locem
1124 1610 1235 1675 stellae
1255 1593 1376 1674 eisaei:
1400 1610 1642 1693 cttriewulan

288 1702 368 1767 CLB
394 1709 440 1764 eet
459 1720 539 1784 pare
561 1700 601 1763 de
618 1698 718 1783 phano
740 1699 832 1766 illiue
854 1701 975 1765 circuli.
1016 1700 1130 1765 Sedet
1151 1702 1343 1784 ltpoac'tm·
1365 1697 1504 1765 creata
1527 1699 1642 1766 loca-

287 1792 376 1854 diaie
404 1790 449 1854 od
476 1787 653 1871 eclipticam
676 1792 717 1867 κβ
745 1799 858 1856 rectae.
905 1791 1058 1854 Duorum
1085 1790 1185 1873 ipitur
1213 1788 1404 1854 circulorum
1432 1788 1478 1852 od
1506 1791 1642 1855 eandm

290 1878 467 1963 eclipticam
488 1887 645 1941 rectorum
662 1878 767 1962 pleno
790 1879 886 1953 (cLB
910 1888 939 1942 et
961 1880 1061 1953 LBA)
1084 1898 1151 1942 ecee
1172 1887 1279 1943 mutuo
1306 1886 1414 1942 cecant
1437 1899 1500 1961 per
1522 1879 1642 1943 βὶκιακι

287 1970 351 2032 LB.
400 1969 509 2049 Quare
533 1964 644 2049 (Eccl.
667 1968 735 2044 XI,
760 1962 821 2046 10)
844 1970 992 2033 sectionis
1020 1966 1107 2031 liaeo
1129 1968 1182 2030 LB
1209 1965 1490 2051 perpendicularis
1511 1970 1575 2032 crit
1597 1970 1641 2033 oe

205 2137 208 2143 Ι
281 2052 419 2144 plepem
450 2055 613 2138 eclipticce
636 2055 720 2119 CBA
751 2061 878 2143 e'ueqae
909 2057 1028 2122 liaeom
1049 2057 1124 2131 BA,
1154 2059 1212 2121 hec
1241 2063 1286 2119 eet
1307 2055 1403 2120 LBA
1435 2057 1497 2118 erit
1528 2064 1641 2123 rectae

285 2149 420 2212 Inventa
446 2145 546 2229 ἐρίων
561 2143 738 2250 ‘loapitadi
737 2167 776 2210 ae
723 2147 892 2210 i‘BA
877 2169 913 2211 cn
944 2145 1091 2230 ecliptico
1112 2154 1142 2209 et
1164 2147 1288 2228 copm'to
1311 2143 1427 2228 capelo
1450 2144 1557 2222 LAB,
1578 2168 1641 2211 moa

283 2236 401 2322 poterit
421 2235 568 2318 ipsoram
589 2233 752 2337 lonpitado
775 2237 833 2299 LA
855 2235 1018 2316 macuto.-
1040 2235 1125 2317 qmod
1148 2242 1217 2298 eret
1232 2234 1454 2318 focicrodam

290 2340 293 2345 ·
375 2328 410 2387 In
433 2324 585 2405 praesenti
607 2323 699 2403 igitur
721 2325 852 2404 negotio,
875 2343 941 2388 cum
963 2323 1130 2398 inclinatio,
1155 2343 1207 2386 sen
1221 2324 1365 2404 angulus
1364 2323 1449 2387 LAB
1463 2320 1565 2389 sit1⁸
1585 2322 1638 2390 ⁴8¹

207 2414 210 2418 ’
288 2414 346 2478 hoo
374 2415 459 2488 loco,
493 2431 564 2492 ergo
587 2414 645 2476 LA
674 2421 722 2475 est
748 2414 955 2495 inpraesenti
979 2412 1164 2475 dimensione
1188 2413 1305 2493 longior
1326 2432 1382 2493 per
1404 2407 1447 2475 82
1471 2415 1639 2495 particulae

291 2523 379 2586 quam
402 2504 475 2576 BA,
499 2510 531 2562 et
552 2501 617 2564 AM
638 2520 692 2582 per
714 2500 757 2566 72
780 2502 898 2583 longior
918 2521 1006 2582 quarn
1029 2501 1098 2565 AD.

379 2590 543 2655 Correctae
567 2590 658 2669 igitur
681 2610 833 2672 apogaeae
856 2594 929 2655 fient
956 2587 1084 2655 165762
1107 2590 1155 2653 vel
1181 2585 1310 2655 166928
1332 2590 1453 2653 AL·

501 2679 667 2759 Perigaeae
732 2730 739 2743 .
787 2728 793 2742 .
897 2676 1083 2744 ,110137
1106 2680 1154 2741 rel
1181 2675 1309 2743 136166
1332 2679 1398 2744 AM
1482 2698 1486 2706 ·

504 2789 647 2851 Summae
672 2835 900 2852 .....
948 2783 1080 2851 305899
1102 2787 1151 2848 vel
1177 2781 1309 2850 303394
1331 2786 1393 2849 LM
1538 2836 1542 2845 .

501 2876 636 2939 Dimidia
678 2924 906 2939 .....
955 2873 1085 2940 152950
1108 2876 1157 2938 vel
1184 2871 1312 2940 151697
1335 2875 1395 2938 KL

501 2965 720 3029 Eccentricitas
788 3015 795 3030 .
842 3013 849 3028 .
897 3012 904 3027 .
976 2961 1083 3029 12812
1107 2964 1155 3028 vel
1203 2961 1305 3029 15371
1331 2958 1451 3032 w)

291 3050 499 3135 Transpositis
528 3055 578 3118 his
607 3056 758 3131 numeris,
798 3063 833 3118 ut
863 3076 901 3118 ex
930 3056 987 3118 KL
1016 3054 1065 3117 vel
1088 3054 1153 3118 ΚΜ
1174 3056 1228 3118 fiat
1252 3049 1395 3128 100000,
1434 3052 1645 3116 eccentricitas

292 3141 453 3208 eccentrici
477 3153 526 3206 est
547 3143 625 3209 inter
648 3141 734 3208 8377
754 3153 785 3207 et
807 3141 921 3208 10106.
961 3144 1006 3206 At
1019 3152 1124 3206 nostra
1140 3142 1317 3227 hypothesis
1330 3141 1507 3224 postulabat
1525 3139 1643 3218 11332,

291 3254 367 3316 qnae
393 3238 549 3316 utramque
573 3234 692 3296 illarum
716 3241 848 3314 superat.
894 3234 977 3314 Ergo
1000 3234 1109 3296 salsum
1132 3232 1316 3315 postulabat

380 3322 444 3383 Nec
469 3328 500 3382 te
523 3330 653 3397 moveat,
677 3324 755 3405 quod
778 3324 875 3385 altera
901 3318 1016 3398 10106,
1040 3342 1117 3404 quae
1140 3328 1295 3385 exstructa
1317 3329 1425 3383 estex
1447 3320 1644 3400 usurpatione

293 3413 427 3493 ipsarum
456 3411 513 3475 AC
542 3420 573 3473 et
600 3412 657 3475 AB
688 3413 866 3494 aequalium,
889 3413 1079 3493 propiuscnle
1102 3412 1142 3474 ad
1169 3407 1273 3476 11332
1297 3409 1423 3473 accedit.
1470 3409 1641 3472 Nemeum

292 3501 342 3567 hie
372 3499 598 3563 observationes
626 3501 664 3563 ad
688 3501 771 3565 Solis
799 3502 976 3584 apparentia
1004 3502 1071 3563 loca
1098 3499 1301 3582 expenderim,
1325 3497 1582 3562 eccentricitatem
1605 3516 1643 3561 ex

293 3590 359 3671 ipso
383 3595 485 3651 contro
501 3590 636 3672 corporis
653 3590 771 3654 Solaris
786 3591 1001 3653 exstmxerim:
1026 3610 1084 3652 non
1106 3599 1193 3653 emnt
1208 3589 1300 3671 igitur
1317 3587 1386 3662 Ac,
1408 3587 1467 3650 AB
1484 3588 1644 3671 aequales:

294 3698 385 3761 quare
417 3679 626 3743 occentricites
649 3680 724 3741 haec
746 3682 839 3743 multo
862 3679 958 3743 minor
981 3700 1068 3760 quam
1095 3676 1211 3755 10106,
1244 3687 1277 3741 et
1297 3676 1415 3741 omnino
1439 3686 1526 3739 esset
1548 3673 1644 3752 8377,

295 3768 321 3830 si
345 3767 469 3829 distant
447 3775 508 3829 trae
532 3768 614 3851 Solis
637 3790 656 3831 a
678 3772 773 3833 Terra
795 3767 903 3834 99302
932 3776 963 3831 et
990 3764 1118 3833 102689
1140 3769 1197 3832 rite
1219 3768 1379 3842 haberent,
1402 3785 1479 3849 quas
1501 3766 1645 3831 adhibere

293 3877 349 3940 pro
381 3853 510 3920 100000
539 3866 571 3920 et
604 3857 733 3923 100000
764 3858 1029 3924 demonstrationis
1060 3859 1149 3939 hqjus
1178 3856 1346 3921 necessitas
1369 3856 1460 3937 cogit
1507 3858 1554 3920 At
1575 3855 1645 3939 qnia

296 3948 375 4009 intra
396 3946 454 4007 hae
477 3948 665 4029 Tychonicae
690 3949 853 4012 distantiae
860 3949 1063 4052 corrigentur
1076 3956 1109 4010 et
1123 3949 1162 4010 ad
1181 3947 1257 4010 radii
1272 3946 1512 4009 mediocritatem
1522 3964 1646 4027 proprus

298 4036 492 4110 adducentur,
516 4037 583 4099 ideo
607 4039 815 4102 ecoentricitas
837 4026 886 4101 hic
909 4037 1047 4120 quaesita
1064 4038 1143 4100 inter
1145 4038 1212 4100 hos
1226 4036 1369 4099 terminos
1383 4031 1470 4098 8377
1487 4040 1520 4096 et
1541 4028 1645 4099 10106

298 4134 382 4189 certo
405 4125 554 4202 consistit,
578 4147 683 4210 nempe
706 4130 926 4211 appropinquat
946 4127 1045 4190 medio
1064 4127 1170 4190 totalis
1185 4125 1420 4189 eccentricitatis
1438 4119 1548 4188 18564
1563 4125 1645 4207 prius

298 4217 448 4288 inventae,
473 4215 589 4278 scilicet
611 4214 705 4281 9282.

386 4303 430 4366 Ut
453 4304 556 4368 eadem
580 4305 796 4369 demonstratio
821 4306 911 4368 etiarn
935 4305 964 4368 in
989 4305 1222 4369 Ptolemaios
1245 4303 1395 4367 secundae
1418 4303 1645 4385 inaequalitate

298 4392 459 4479 hypothesi
488 4395 647 4474 procedat,
680 4415 736 4476 age
763 4403 798 4456 nt
824 4394 918 4476 priori
951 4397 1058 4476 capite.
1105 4397 1184 4459 Dae
1214 4395 1295 4478 iperio
1317 4393 1381 4469 CB,
1406 4393 1473 4466 CA,
1496 4390 1564 4467 ΕΙ),
1588 4392 1645 4457 EA

298 4482 432 4568 maioris
459 4484 626 4549 commatis
651 4482 828 4567 paralleloe
856 4485 911 4559 Al,
935 4484 988 4559 BI,
1011 4486 1076 4559 AF,
1099 4485 1171 4547 DF:
1200 4492 1230 4547 ct
1251 4484 1339 4568 finpe
1373 4484 1555 4547 Tmmn'
1539 4504 1575 4545 m
1605 4484 1643 4556 A,

301 4581 439 4637 centiam
467 4572 600 4658 epicycli
624 4571 747 4657 (cerm
771 4583 921 4655 pometiam
943 4576 1030 4638 circa
1051 4575 1135 4682 qued
1162 4573 1321 4659 epicyclae
1348 4578 1491 4644 romae,
1522 4572 1646 4635 mem

302 4684 324 4727 a
345 4669 449 4726 centm
471 4661 604 4748 epicycli
625 4671 691 4729 tota
712 4664 940 4728 eccentricitote
963 4658 1106 4745 Solio)
1091 4686 1126 4727 oa
1148 4664 1187 4740 D
1210 4664 1257 4729 B:
1286 4659 1430 4726 Solem
1415 4682 1453 4724 ιιι
1474 4662 1513 4735 Η,
1540 4658 1589 4723 G.
1612 4667 1646 4725 11

304 4753 363 4816 AH
385 4753 429 4814 cit
450 4752 593 4835 eeqooolic
614 4763 643 4818 et
662 4752 870 4835 pmalleloe
857 4756 921 4837 ipsi
942 4753 1008 4828 EA,
1033 4762 1062 4818 ct
1076 4750 1176 4816 AG
1160 4754 1226 4838 spei
1246 4749 1319 4815 CA.
1344 4761 1379 4816 at
1400 4751 1444 4816 eit
1465 4748 1645 4815 mondus

305 4843 554 4910 commodationis
575 4852 763 4928 coaequatae
790 4842 924 4929 ammos
945 4842 1044 4919 HAD,
1068 4842 1174 4909 GAB·
1201 4842 1296 4908 Mare
1321 4862 1391 4907 cero
1413 4860 1478 4927 pro
1499 4839 1528 4903 B
1549 4836 1598 4905 ml
1617 4838 1643 4903 1.
