<?xml version="1.0" encoding="UTF-8"?>
<!DOCTYPE html PUBLIC "-//W3C//DTD XHTML 1.0 Transitional//EN"
    "http://www.w3.org/TR/xhtml1/DTD/xhtml1-transitional.dtd">
<html xmlns="http://www.w3.org/1999/xhtml" xml:lang="en" lang="en">
 <head>
  <title>
</title>
<meta http-equiv="Content-Type" content="text/html;charset=utf-8" />
  <meta name='ocr-system' content='tesseract 3.04.00' />
  <meta name='ocr-capabilities' content='ocr_page ocr_carea ocr_par ocr_line ocrx_word'/>
</head>
<body>
  <div class='ocr_page' id='page_1' title='image "./joanniskepleria05frisgoog/joanniskepleria05frisgoog_0696.png"; bbox 0 0 3368 5534; ppageno 0'>
   <div class='ocr_carea' id='block_1_1' title="bbox 689 308 1510 390">
    <p class='ocr_par' dir='ltr' id='par_1_1' title="bbox 689 308 1510 390">
     <span class='ocr_line' id='line_1_1' title="bbox 689 308 1510 390; baseline 0.005 -5"><span class='ocrx_word' id='word_1_1' title='bbox 689 308 990 385; x_wconf 63' lang='lat' dir='ltr'><strong>statement-a</strong></span> <span class='ocrx_word' id='word_1_2' title='bbox 1446 316 1510 390; x_wconf 81' lang='lat' dir='ltr'><strong>aas</strong></span> 
     </span>
    </p>
   </div>
   <div class='ocr_carea' id='block_1_2' title="bbox 162 472 1587 756">
    <p class='ocr_par' dir='ltr' id='par_1_2' title="bbox 162 472 1587 756">
     <span class='ocr_line' id='line_1_2' title="bbox 162 472 1587 578; baseline 0.002 -19"><span class='ocrx_word' id='word_1_3' title='bbox 162 472 202 559; x_wconf 71' lang='lat' dir='ltr'><strong>iai</strong></span> <span class='ocrx_word' id='word_1_4' title='bbox 218 494 306 559; x_wconf 90' lang='lat' dir='ltr'><strong>annis</strong></span> <span class='ocrx_word' id='word_1_5' title='bbox 319 493 526 559; x_wconf 84' lang='lat' dir='ltr'><strong>Nabouasaari</strong></span> <span class='ocrx_word' id='word_1_6' title='bbox 550 497 618 569; x_wconf 87' lang='lat' dir='ltr'><strong>(sen</strong></span> <span class='ocrx_word' id='word_1_7' title='bbox 641 494 730 565; x_wconf 90' lang='lat' dir='ltr'><strong>homo</strong></span> <span class='ocrx_word' id='word_1_8' title='bbox 749 496 812 576; x_wconf 88' lang='lat' dir='ltr'><strong>jam</strong></span> <span class='ocrx_word' id='word_1_9' title='bbox 834 496 870 573; x_wconf 93' lang='lat' dir='ltr'><strong>is,</strong></span> <span class='ocrx_word' id='word_1_10' title='bbox 895 516 946 559; x_wconf 91' lang='lat' dir='ltr'><strong>seu</strong></span> <span class='ocrx_word' id='word_1_11' title='bbox 963 496 1066 557; x_wconf 85' lang='lat' dir='ltr'><strong>fabula</strong></span> <span class='ocrx_word' id='word_1_12' title='bbox 1085 495 1199 570; x_wconf 88' lang='lat' dir='ltr'><strong>inerit),</strong></span> <span class='ocrx_word' id='word_1_13' title='bbox 1221 495 1251 559; x_wconf 90' lang='lat' dir='ltr'><strong>in</strong></span> <span class='ocrx_word' id='word_1_14' title='bbox 1274 497 1380 578; x_wconf 90' lang='lat' dir='ltr'><strong>quibus</strong></span> <span class='ocrx_word' id='word_1_15' title='bbox 1403 506 1435 561; x_wconf 90' lang='lat' dir='ltr'><strong>et</strong></span> <span class='ocrx_word' id='word_1_16' title='bbox 1457 517 1512 562; x_wconf 89' lang='lat' dir='ltr'><strong>uos</strong></span> <span class='ocrx_word' id='word_1_17' title='bbox 1584 512 1587 523; x_wconf 89' lang='grc'><strong>“</strong></span> 
     </span>
     <span class='ocr_line' id='line_1_3' title="bbox 163 584 1513 677; baseline 0.003 -30"><span class='ocrx_word' id='word_1_18' title='bbox 163 584 256 649; x_wconf 87' lang='lat' dir='ltr'><strong>hodie</strong></span> <span class='ocrx_word' id='word_1_19' title='bbox 272 584 483 677; x_wconf 37' lang='lat' dir='ltr'><strong>&#39;certissimum</strong></span> <span class='ocrx_word' id='word_1_20' title='bbox 515 585 611 647; x_wconf 90' lang='lat' dir='ltr'><strong>locum</strong></span> <span class='ocrx_word' id='word_1_21' title='bbox 644 584 809 647; x_wconf 81' lang='lat' dir='ltr'><strong>invenimus</strong></span> <span class='ocrx_word' id='word_1_22' title='bbox 840 586 934 647; x_wconf 92' lang='lat' dir='ltr'><strong>nostri</strong></span> <span class='ocrx_word' id='word_1_23' title='bbox 963 587 1108 664; x_wconf 90' lang='lat' dir='ltr'><strong>temporis</strong></span> <span class='ocrx_word' id='word_1_24' title='bbox 1131 585 1328 664; x_wconf 91' lang='lat' dir='ltr'><strong>assignatum.</strong></span> <span class='ocrx_word' id='word_1_25' title='bbox 1373 588 1513 669; x_wconf 76' lang='lat' dir='ltr'><strong>Amplius</strong></span> 
     </span>
     <span class='ocr_line' id='line_1_4' title="bbox 163 672 1511 756; baseline 0.001 -19"><span class='ocrx_word' id='word_1_26' title='bbox 163 686 293 756; x_wconf 86' lang='lat' dir='ltr'><strong>utraque</strong></span> <span class='ocrx_word' id='word_1_27' title='bbox 316 673 429 735; x_wconf 78' lang='lat' dir='ltr'>sociam</span> <span class='ocrx_word' id='word_1_28' title='bbox 452 672 545 735; x_wconf 91' lang='lat' dir='ltr'><strong>habet</strong></span> <span class='ocrx_word' id='word_1_29' title='bbox 560 680 659 735; x_wconf 88' lang='lat' dir='ltr'><strong>aetate</strong></span> <span class='ocrx_word' id='word_1_30' title='bbox 674 672 892 736; x_wconf 86' lang='lat' dir='ltr'><strong>Timocharidis</strong></span> <span class='ocrx_word' id='word_1_31' title='bbox 907 674 1127 754; x_wconf 69' lang='lat' dir='ltr'><strong>conscriptam</strong></span> <span class='ocrx_word' id='word_1_32' title='bbox 1152 691 1243 753; x_wconf 86' lang='lat' dir='ltr'><strong>qnare</strong></span> <span class='ocrx_word' id='word_1_33' title='bbox 1266 684 1329 739; x_wconf 91' lang='lat' dir='ltr'><strong>tam</strong></span> <span class='ocrx_word' id='word_1_34' title='bbox 1347 682 1432 738; x_wconf 88' lang='lat' dir='ltr'><strong>certa</strong></span> <span class='ocrx_word' id='word_1_35' title='bbox 1454 685 1511 753; x_wconf 88' lang='lat' dir='ltr'><strong>est,</strong></span> 
     </span>
    </p>
   </div>
   <div class='ocr_carea' id='block_1_3' title="bbox 162 762 1549 3605">
    <p class='ocr_par' dir='ltr' id='par_1_3' title="bbox 162 762 1549 2351">
     <span class='ocr_line' id='line_1_5' title="bbox 164 762 1512 845; baseline 0.001 -20"><span class='ocrx_word' id='word_1_36' title='bbox 164 780 256 845; x_wconf 90' lang='lat' dir='ltr'><strong>quam</strong></span> <span class='ocrx_word' id='word_1_37' title='bbox 271 781 328 825; x_wconf 90' lang='lat' dir='ltr'><strong>sua</strong></span> <span class='ocrx_word' id='word_1_38' title='bbox 341 764 432 823; x_wconf 88' lang='lat' dir='ltr'><strong>socia.</strong></span> <span class='ocrx_word' id='word_1_39' title='bbox 466 762 602 845; x_wconf 90' lang='lat' dir='ltr'><strong>Denique</strong></span> <span class='ocrx_word' id='word_1_40' title='bbox 622 768 745 843; x_wconf 67' lang='lat' dir='ltr'><strong>utaque</strong></span> <span class='ocrx_word' id='word_1_41' title='bbox 765 781 819 842; x_wconf 91' lang='lat' dir='ltr'><strong>per</strong></span> <span class='ocrx_word' id='word_1_42' title='bbox 833 764 936 824; x_wconf 88' lang='lat' dir='ltr'><strong>Lunae</strong></span> <span class='ocrx_word' id='word_1_43' title='bbox 952 762 1153 842; x_wconf 90' lang='lat' dir='ltr'><strong>praesentiam</strong></span> <span class='ocrx_word' id='word_1_44' title='bbox 1177 762 1221 824; x_wconf 93' lang='lat' dir='ltr'><strong>ita</strong></span> <span class='ocrx_word' id='word_1_45' title='bbox 1245 772 1328 827; x_wconf 87' lang='lat' dir='ltr'><strong>certa</strong></span> <span class='ocrx_word' id='word_1_46' title='bbox 1350 773 1399 827; x_wconf 88' lang='lat' dir='ltr'><strong>est</strong></span> <span class='ocrx_word' id='word_1_47' title='bbox 1421 764 1512 838; x_wconf 85' lang='lat' dir='ltr'><strong>iacta,</strong></span> 
     </span>
     <span class='ocr_line' id='line_1_6' title="bbox 162 846 1514 932; baseline 0.002 -18"><span class='ocrx_word' id='word_1_48' title='bbox 162 861 281 915; x_wconf 91' lang='lat' dir='ltr'><strong>utnon</strong></span> <span class='ocrx_word' id='word_1_49' title='bbox 304 851 402 932; x_wconf 82' lang='lat' dir='ltr'>possit</span> <span class='ocrx_word' id='word_1_50' title='bbox 423 849 543 913; x_wconf 77' lang='lat' dir='ltr'><strong>certior.</strong></span> <span class='ocrx_word' id='word_1_51' title='bbox 587 852 635 913; x_wconf 91' lang='lat' dir='ltr'><strong>lto</strong></span> <span class='ocrx_word' id='word_1_52' title='bbox 660 851 738 913; x_wconf 87' lang='lat' dir='ltr'><strong>cuim</strong></span> <span class='ocrx_word' id='word_1_53' title='bbox 761 862 792 912; x_wconf 90' lang='lat' dir='ltr'><strong>et</strong></span> <span class='ocrx_word' id='word_1_54' title='bbox 815 852 895 915; x_wconf 88' lang='lat' dir='ltr'><strong>intra</strong></span> <span class='ocrx_word' id='word_1_55' title='bbox 920 846 978 914; x_wconf 81' lang='lat'><strong>10⁰</strong></span> <span class='ocrx_word' id='word_1_56' title='bbox 1001 851 1047 913; x_wconf 86' lang='lat' dir='ltr'><strong>rel</strong></span> <span class='ocrx_word' id='word_1_57' title='bbox 1072 847 1130 914; x_wconf 83' lang='lat'><strong>12⁰</strong></span> <span class='ocrx_word' id='word_1_58' title='bbox 1152 850 1337 916; x_wconf 84' lang='lat' dir='ltr'><strong>vicinitatem</strong></span> <span class='ocrx_word' id='word_1_59' title='bbox 1355 854 1460 915; x_wconf 92' lang='lat' dir='ltr'><strong>Lunae</strong></span> <span class='ocrx_word' id='word_1_60' title='bbox 1482 862 1514 917; x_wconf 92' lang='lat' dir='ltr'><strong>et</strong></span> 
     </span>
     <span class='ocr_line' id='line_1_7' title="bbox 164 939 1513 1023; baseline 0.001 -20"><span class='ocrx_word' id='word_1_61' title='bbox 164 939 296 1003; x_wconf 91' lang='lat' dir='ltr'><strong>Veneris</strong></span> <span class='ocrx_word' id='word_1_62' title='bbox 324 949 377 1002; x_wconf 89' lang='lat' dir='ltr'><strong>aut</strong></span> <span class='ocrx_word' id='word_1_63' title='bbox 398 942 502 1002; x_wconf 89' lang='lat' dir='ltr'><strong>Lunae</strong></span> <span class='ocrx_word' id='word_1_64' title='bbox 530 948 561 1002; x_wconf 88' lang='lat' dir='ltr'><strong>et</strong></span> <span class='ocrx_word' id='word_1_65' title='bbox 583 940 723 1003; x_wconf 82' lang='lat' dir='ltr'><strong>Mercurii</strong></span> <span class='ocrx_word' id='word_1_66' title='bbox 752 940 989 1020; x_wconf 86' lang='lat' dir='ltr'><strong>conjunctionem</strong></span> <span class='ocrx_word' id='word_1_67' title='bbox 1020 942 1131 1012; x_wconf 91' lang='lat' dir='ltr'><strong>talem,</strong></span> <span class='ocrx_word' id='word_1_68' title='bbox 1164 959 1239 1021; x_wconf 89' lang='lat' dir='ltr'><strong>quae</strong></span> <span class='ocrx_word' id='word_1_69' title='bbox 1271 942 1311 1004; x_wconf 92' lang='lat' dir='ltr'><strong>ad</strong></span> <span class='ocrx_word' id='word_1_70' title='bbox 1339 960 1513 1023; x_wconf 86' lang='lat' dir='ltr'><strong>expressum</strong></span> 
     </span>
     <span class='ocr_line' id='line_1_8' title="bbox 162 1028 1514 1111; baseline 0.002 -20"><span class='ocrx_word' id='word_1_71' title='bbox 162 1028 245 1091; x_wconf 91' lang='lat' dir='ltr'><strong>diem</strong></span> <span class='ocrx_word' id='word_1_72' title='bbox 264 1028 376 1111; x_wconf 84' lang='lat' dir='ltr'><strong>mensis</strong></span> <span class='ocrx_word' id='word_1_73' title='bbox 390 1028 533 1110; x_wconf 83' lang='lat' dir='ltr'><strong>Aegyptii</strong></span> <span class='ocrx_word' id='word_1_74' title='bbox 549 1029 682 1109; x_wconf 82' lang='lat' dir='ltr'><strong>expressi</strong></span> <span class='ocrx_word' id='word_1_75' title='bbox 707 1029 843 1111; x_wconf 83' lang='lat' dir='ltr'><strong>quadret,</strong></span> <span class='ocrx_word' id='word_1_76' title='bbox 866 1029 946 1091; x_wconf 91' lang='lat' dir='ltr'><strong>intra</strong></span> <span class='ocrx_word' id='word_1_77' title='bbox 968 1049 1027 1091; x_wconf 93' lang='lat' dir='ltr'><strong>non</strong></span> <span class='ocrx_word' id='word_1_78' title='bbox 1051 1031 1126 1091; x_wconf 91' lang='lat' dir='ltr'><strong>dnos</strong></span> <span class='ocrx_word' id='word_1_79' title='bbox 1149 1029 1197 1090; x_wconf 88' lang='lat' dir='ltr'><strong>vel</strong></span> <span class='ocrx_word' id='word_1_80' title='bbox 1220 1038 1293 1107; x_wconf 90' lang='lat' dir='ltr'><strong>tres,</strong></span> <span class='ocrx_word' id='word_1_81' title='bbox 1317 1031 1371 1093; x_wconf 91' lang='lat' dir='ltr'><strong>sed</strong></span> <span class='ocrx_word' id='word_1_82' title='bbox 1394 1032 1514 1094; x_wconf 84' lang='lat' dir='ltr'><strong>omuino</strong></span> 
     </span>
     <span class='ocr_line' id='line_1_9' title="bbox 162 1116 1514 1201; baseline 0.001 -20"><span class='ocrx_word' id='word_1_83' title='bbox 162 1117 309 1201; x_wconf 85' lang='lat' dir='ltr'><strong>plurimos</strong></span> <span class='ocrx_word' id='word_1_84' title='bbox 332 1136 428 1181; x_wconf 90' lang='lat' dir='ltr'><strong>annus</strong></span> <span class='ocrx_word' id='word_1_85' title='bbox 451 1116 582 1181; x_wconf 89' lang='lat' dir='ltr'><strong>invenito</strong></span> <span class='ocrx_word' id='word_1_86' title='bbox 606 1119 705 1191; x_wconf 88' lang='lat' dir='ltr'><strong>aliam,</strong></span> <span class='ocrx_word' id='word_1_87' title='bbox 731 1137 817 1198; x_wconf 90' lang='lat' dir='ltr'><strong>quam</strong></span> <span class='ocrx_word' id='word_1_88' title='bbox 839 1128 887 1180; x_wconf 90' lang='lat' dir='ltr'><strong>est</strong></span> <span class='ocrx_word' id='word_1_89' title='bbox 905 1137 942 1181; x_wconf 91' lang='lat' dir='ltr'><strong>ea</strong></span> <span class='ocrx_word' id='word_1_90' title='bbox 957 1138 1045 1200; x_wconf 90' lang='lat' dir='ltr'><strong>quam</strong></span> <span class='ocrx_word' id='word_1_91' title='bbox 1060 1119 1251 1181; x_wconf 78' lang='lat' dir='ltr'><strong>Ptolemaeus</strong></span> <span class='ocrx_word' id='word_1_92' title='bbox 1269 1121 1437 1183; x_wconf 79' lang='lat' dir='ltr'><strong>annotavit.</strong></span> <span class='ocrx_word' id='word_1_93' title='bbox 1467 1122 1514 1183; x_wconf 85' lang='lat' dir='ltr'><strong>De</strong></span> 
     </span>
     <span class='ocr_line' id='line_1_10' title="bbox 164 1206 1513 1290; baseline -0.001 -19"><span class='ocrx_word' id='word_1_94' title='bbox 164 1208 255 1271; x_wconf 75' lang='lat' dir='ltr'><strong>Lura</strong></span> <span class='ocrx_word' id='word_1_95' title='bbox 277 1206 348 1290; x_wconf 92' lang='lat' dir='ltr'><strong>quid</strong></span> <span class='ocrx_word' id='word_1_96' title='bbox 370 1206 471 1269; x_wconf 88' lang='lat' dir='ltr'><strong>verbis</strong></span> <span class='ocrx_word' id='word_1_97' title='bbox 500 1226 575 1287; x_wconf 90' lang='lat' dir='ltr'><strong>opus</strong></span> <span class='ocrx_word' id='word_1_98' title='bbox 600 1207 671 1269; x_wconf 86' lang='lat' dir='ltr'><strong>est?</strong></span> <span class='ocrx_word' id='word_1_99' title='bbox 717 1206 845 1279; x_wconf 82' lang='lat' dir='ltr'><strong>Quando</strong></span> <span class='ocrx_word' id='word_1_100' title='bbox 878 1208 955 1269; x_wconf 91' lang='lat' dir='ltr'><strong>enim</strong></span> <span class='ocrx_word' id='word_1_101' title='bbox 979 1226 1090 1290; x_wconf 87' lang='lat' dir='ltr'><strong>quaeso</strong></span> <span class='ocrx_word' id='word_1_102' title='bbox 1113 1207 1170 1269; x_wconf 90' lang='lat' dir='ltr'><strong>hoc</strong></span> <span class='ocrx_word' id='word_1_103' title='bbox 1193 1208 1431 1271; x_wconf 83' lang='lat' dir='ltr'><strong>animadversum</strong></span> <span class='ocrx_word' id='word_1_104' title='bbox 1455 1216 1513 1284; x_wconf 88' lang='lat' dir='ltr'><strong>eet,</strong></span> 
     </span>
     <span class='ocr_line' id='line_1_11' title="bbox 163 1295 1515 1379; baseline 0 -20"><span class='ocrx_word' id='word_1_105' title='bbox 163 1296 284 1359; x_wconf 87' lang='lat' dir='ltr'><strong>Lunam</strong></span> <span class='ocrx_word' id='word_1_106' title='bbox 306 1303 413 1359; x_wconf 80' lang='lat' dir='ltr'><strong>exuuio</strong></span> <span class='ocrx_word' id='word_1_107' title='bbox 443 1314 521 1358; x_wconf 90' lang='lat' dir='ltr'><strong>anno</strong></span> <span class='ocrx_word' id='word_1_108' title='bbox 548 1295 597 1358; x_wconf 87' lang='lat' dir='ltr'><strong>vel</strong></span> <span class='ocrx_word' id='word_1_109' title='bbox 619 1295 739 1359; x_wconf 90' lang='lat' dir='ltr'><strong>Juliauo</strong></span> <span class='ocrx_word' id='word_1_110' title='bbox 767 1296 816 1358; x_wconf 91' lang='lat' dir='ltr'><strong>vel</strong></span> <span class='ocrx_word' id='word_1_111' title='bbox 838 1295 992 1379; x_wconf 84' lang='lat' dir='ltr'><strong>Aegyptio</strong></span> <span class='ocrx_word' id='word_1_112' title='bbox 1024 1314 1140 1359; x_wconf 90' lang='lat' dir='ltr'><strong>mrsum</strong></span> <span class='ocrx_word' id='word_1_113' title='bbox 1173 1298 1278 1359; x_wconf 92' lang='lat' dir='ltr'><strong>eodem</strong></span> <span class='ocrx_word' id='word_1_114' title='bbox 1308 1297 1355 1360; x_wconf 92' lang='lat' dir='ltr'><strong>die</strong></span> <span class='ocrx_word' id='word_1_115' title='bbox 1383 1305 1415 1360; x_wconf 89' lang='lat' dir='ltr'><strong>et</strong></span> <span class='ocrx_word' id='word_1_116' title='bbox 1440 1298 1515 1360; x_wconf 90' lang='lat' dir='ltr'><strong>hora</strong></span> 
     </span>
     <span class='ocr_line' id='line_1_12' title="bbox 164 1384 1515 1466; baseline 0.001 -19"><span class='ocrx_word' id='word_1_117' title='bbox 164 1384 246 1461; x_wconf 86' lang='lat' dir='ltr'><strong>diei,</strong></span> <span class='ocrx_word' id='word_1_118' title='bbox 279 1384 460 1447; x_wconf 71' lang='lat' dir='ltr'><strong>nundinam</strong></span> <span class='ocrx_word' id='word_1_119' title='bbox 483 1385 513 1446; x_wconf 93' lang='lat' dir='ltr'><strong>in</strong></span> <span class='ocrx_word' id='word_1_120' title='bbox 537 1385 642 1447; x_wconf 89' lang='lat' dir='ltr'><strong>eudem</strong></span> <span class='ocrx_word' id='word_1_121' title='bbox 665 1385 760 1465; x_wconf 89' lang='lat' dir='ltr'><strong>gradu</strong></span> <span class='ocrx_word' id='word_1_122' title='bbox 783 1385 830 1447; x_wconf 86' lang='lat' dir='ltr'><strong>vel</strong></span> <span class='ocrx_word' id='word_1_123' title='bbox 860 1385 939 1466; x_wconf 89' lang='lat' dir='ltr'><strong>signi</strong></span> <span class='ocrx_word' id='word_1_124' title='bbox 967 1384 1100 1461; x_wconf 89' lang='lat' dir='ltr'><strong>decano,</strong></span> <span class='ocrx_word' id='word_1_125' title='bbox 1132 1386 1186 1447; x_wconf 89' lang='lat' dir='ltr'><strong>sed</strong></span> <span class='ocrx_word' id='word_1_126' title='bbox 1214 1386 1333 1449; x_wconf 91' lang='lat' dir='ltr'><strong>omnino</strong></span> <span class='ocrx_word' id='word_1_127' title='bbox 1357 1385 1515 1448; x_wconf 81' lang='lat' dir='ltr'><strong>incudem</strong></span> 
     </span>
     <span class='ocr_line' id='line_1_13' title="bbox 164 1473 1516 1556; baseline -0.001 -19"><span class='ocrx_word' id='word_1_128' title='bbox 164 1474 334 1556; x_wconf 84' lang='lat' dir='ltr'><strong>quadrante</strong></span> <span class='ocrx_word' id='word_1_129' title='bbox 364 1473 481 1535; x_wconf 82' lang='lat' dir='ltr'><strong>zodiaci</strong></span> <span class='ocrx_word' id='word_1_130' title='bbox 513 1473 624 1547; x_wconf 84' lang='lat' dir='ltr'><strong>luisse,</strong></span> <span class='ocrx_word' id='word_1_131' title='bbox 658 1493 714 1554; x_wconf 91' lang='lat' dir='ltr'><strong>quo</strong></span> <span class='ocrx_word' id='word_1_132' title='bbox 744 1483 810 1537; x_wconf 88' lang='lat' dir='ltr'><strong>erat</strong></span> <span class='ocrx_word' id='word_1_133' title='bbox 836 1474 866 1536; x_wconf 90' lang='lat' dir='ltr'><strong>in</strong></span> <span class='ocrx_word' id='word_1_134' title='bbox 894 1482 1036 1554; x_wconf 88' lang='lat' dir='ltr'><strong>suscepto</strong></span> <span class='ocrx_word' id='word_1_135' title='bbox 1065 1475 1208 1556; x_wconf 87' lang='lat' dir='ltr'><strong>ternporis</strong></span> <span class='ocrx_word' id='word_1_136' title='bbox 1230 1474 1401 1556; x_wconf 85' lang='lat' dir='ltr'><strong>principio?</strong></span> <span class='ocrx_word' id='word_1_137' title='bbox 1445 1476 1516 1537; x_wconf 84' lang='lat' dir='ltr'><strong>Non</strong></span> 
     </span>
     <span class='ocr_line' id='line_1_14' title="bbox 163 1562 1514 1647; baseline -0.001 -22"><span class='ocrx_word' id='word_1_138' title='bbox 163 1568 272 1647; x_wconf 87' lang='lat' dir='ltr'><strong>potest</strong></span> <span class='ocrx_word' id='word_1_139' title='bbox 293 1562 404 1643; x_wconf 89' lang='lat' dir='ltr'><strong>itaque,</strong></span> <span class='ocrx_word' id='word_1_140' title='bbox 429 1581 574 1643; x_wconf 84' lang='lat' dir='ltr'><strong>expressa</strong></span> <span class='ocrx_word' id='word_1_141' title='bbox 595 1565 670 1625; x_wconf 91' lang='lat' dir='ltr'><strong>hora</strong></span> <span class='ocrx_word' id='word_1_142' title='bbox 692 1562 762 1639; x_wconf 90' lang='lat' dir='ltr'><strong>diei,</strong></span> <span class='ocrx_word' id='word_1_143' title='bbox 787 1562 834 1624; x_wconf 91' lang='lat' dir='ltr'><strong>die</strong></span> <span class='ocrx_word' id='word_1_144' title='bbox 859 1562 971 1624; x_wconf 89' lang='lat' dir='ltr'><strong>mensis</strong></span> <span class='ocrx_word' id='word_1_145' title='bbox 987 1563 1063 1626; x_wconf 90' lang='lat' dir='ltr'><strong>certi</strong></span> <span class='ocrx_word' id='word_1_146' title='bbox 1081 1572 1113 1624; x_wconf 93' lang='lat' dir='ltr'><strong>et</strong></span> <span class='ocrx_word' id='word_1_147' title='bbox 1137 1563 1202 1625; x_wconf 91' lang='lat' dir='ltr'><strong>luco</strong></span> <span class='ocrx_word' id='word_1_148' title='bbox 1217 1565 1314 1638; x_wconf 91' lang='lat' dir='ltr'><strong>Luna,</strong></span> <span class='ocrx_word' id='word_1_149' title='bbox 1337 1563 1514 1646; x_wconf 89' lang='lat' dir='ltr'><strong>praesertim</strong></span> 
     </span>
     <span class='ocr_line' id='line_1_15' title="bbox 164 1650 1515 1734; baseline -0.001 -20"><span class='ocrx_word' id='word_1_150' title='bbox 164 1652 376 1734; x_wconf 85' lang='lat' dir='ltr'><strong>conjunctione</strong></span> <span class='ocrx_word' id='word_1_151' title='bbox 399 1670 466 1713; x_wconf 89' lang='lat' dir='ltr'><strong>cum</strong></span> <span class='ocrx_word' id='word_1_152' title='bbox 495 1652 569 1727; x_wconf 82' lang='lat' dir='ltr'><strong>fixa,</strong></span> <span class='ocrx_word' id='word_1_153' title='bbox 600 1651 694 1714; x_wconf 86' lang='lat' dir='ltr'><strong>errari</strong></span> <span class='ocrx_word' id='word_1_154' title='bbox 722 1671 778 1713; x_wconf 92' lang='lat' dir='ltr'><strong>uuo</strong></span> <span class='ocrx_word' id='word_1_155' title='bbox 802 1651 851 1723; x_wconf 80' lang='lat' dir='ltr'><strong>vel</strong></span> <span class='ocrx_word' id='word_1_156' title='bbox 874 1651 989 1714; x_wconf 91' lang='lat' dir='ltr'><strong>duobus</strong></span> <span class='ocrx_word' id='word_1_157' title='bbox 1013 1650 1108 1714; x_wconf 88' lang='lat' dir='ltr'><strong>annis.</strong></span> <span class='ocrx_word' id='word_1_158' title='bbox 1155 1652 1358 1715; x_wconf 83' lang='lat' dir='ltr'><strong>Novendacim</strong></span> <span class='ocrx_word' id='word_1_159' title='bbox 1380 1653 1515 1732; x_wconf 88' lang='lat' dir='ltr'><strong>integros</strong></span> 
     </span>
     <span class='ocr_line' id='line_1_16' title="bbox 164 1740 1515 1821; baseline -0.001 -17"><span class='ocrx_word' id='word_1_160' title='bbox 164 1740 352 1804; x_wconf 83' lang='lat' dir='ltr'><strong>intercedere</strong></span> <span class='ocrx_word' id='word_1_161' title='bbox 369 1759 492 1803; x_wconf 88' lang='lat' dir='ltr'><strong>necesse</strong></span> <span class='ocrx_word' id='word_1_162' title='bbox 516 1750 574 1816; x_wconf 90' lang='lat' dir='ltr'><strong>est,</strong></span> <span class='ocrx_word' id='word_1_163' title='bbox 597 1741 646 1801; x_wconf 89' lang='lat' dir='ltr'><strong>vel</strong></span> <span class='ocrx_word' id='word_1_164' title='bbox 669 1748 751 1803; x_wconf 89' lang='lat' dir='ltr'><strong>certe</strong></span> <span class='ocrx_word' id='word_1_165' title='bbox 774 1748 851 1803; x_wconf 90' lang='lat' dir='ltr'><strong>octo.</strong></span> <span class='ocrx_word' id='word_1_166' title='bbox 888 1742 935 1803; x_wconf 90' lang='lat' dir='ltr'><strong>De</strong></span> <span class='ocrx_word' id='word_1_167' title='bbox 959 1740 1120 1821; x_wconf 83' lang='lat' dir='ltr'><strong>eclipsibus</strong></span> <span class='ocrx_word' id='word_1_168' title='bbox 1145 1761 1193 1803; x_wconf 89' lang='lat' dir='ltr'><strong>res</strong></span> <span class='ocrx_word' id='word_1_169' title='bbox 1216 1750 1265 1804; x_wconf 88' lang='lat' dir='ltr'><strong>est</strong></span> <span class='ocrx_word' id='word_1_170' title='bbox 1286 1748 1372 1804; x_wconf 87' lang='lat' dir='ltr'><strong>tanto</strong></span> <span class='ocrx_word' id='word_1_171' title='bbox 1395 1740 1515 1816; x_wconf 81' lang='lat' dir='ltr'><strong>certior,</strong></span> 
     </span>
     <span class='ocr_line' id='line_1_17' title="bbox 165 1824 1516 1913; baseline -0.001 -20"><span class='ocrx_word' id='word_1_172' title='bbox 165 1844 281 1912; x_wconf 90' lang='lat' dir='ltr'><strong>quanto</strong></span> <span class='ocrx_word' id='word_1_173' title='bbox 302 1830 390 1913; x_wconf 89' lang='lat' dir='ltr'><strong>plura</strong></span> <span class='ocrx_word' id='word_1_174' title='bbox 412 1824 765 1909; x_wconf 75' lang='lat' dir='ltr'><strong>concurrunt‘requisita,</strong></span> <span class='ocrx_word' id='word_1_175' title='bbox 790 1846 866 1910; x_wconf 89' lang='lat' dir='ltr'><strong>quae</strong></span> <span class='ocrx_word' id='word_1_176' title='bbox 883 1848 939 1891; x_wconf 88' lang='lat' dir='ltr'><strong>non</strong></span> <span class='ocrx_word' id='word_1_177' title='bbox 960 1848 1134 1912; x_wconf 89' lang='lat' dir='ltr'><strong>quocunque</strong></span> <span class='ocrx_word' id='word_1_178' title='bbox 1158 1849 1260 1894; x_wconf 90' lang='lat' dir='ltr'><strong>mense</strong></span> <span class='ocrx_word' id='word_1_179' title='bbox 1283 1839 1411 1912; x_wconf 84' lang='lat' dir='ltr'><strong>possunt</strong></span> <span class='ocrx_word' id='word_1_180' title='bbox 1433 1829 1516 1892; x_wconf 88' lang='lat' dir='ltr'><strong>acci·</strong></span> 
     </span>
     <span class='ocr_line' id='line_1_18' title="bbox 166 1918 1516 2000; baseline -0.001 -18"><span class='ocrx_word' id='word_1_181' title='bbox 166 1920 254 1995; x_wconf 87' lang='lat' dir='ltr'><strong>dere,</strong></span> <span class='ocrx_word' id='word_1_182' title='bbox 285 1920 338 1982; x_wconf 89' lang='lat' dir='ltr'><strong>sed</strong></span> <span class='ocrx_word' id='word_1_183' title='bbox 369 1939 405 1981; x_wconf 93' lang='lat' dir='ltr'><strong>ue</strong></span> <span class='ocrx_word' id='word_1_184' title='bbox 434 1918 499 1981; x_wconf 90' lang='lat' dir='ltr'><strong>dies</strong></span> <span class='ocrx_word' id='word_1_185' title='bbox 523 1918 641 2000; x_wconf 85' lang='lat' dir='ltr'><strong>quidam</strong></span> <span class='ocrx_word' id='word_1_186' title='bbox 665 1918 768 1980; x_wconf 83' lang='lat' dir='ltr'><strong>unicus</strong></span> <span class='ocrx_word' id='word_1_187' title='bbox 792 1919 898 1980; x_wconf 85' lang='lat' dir='ltr'><strong>deesse</strong></span> <span class='ocrx_word' id='word_1_188' title='bbox 922 1926 1025 1999; x_wconf 87' lang='lat' dir='ltr'><strong>potest</strong></span> <span class='ocrx_word' id='word_1_189' title='bbox 1047 1919 1260 1983; x_wconf 85' lang='lat' dir='ltr'><strong>observationi.</strong></span> <span class='ocrx_word' id='word_1_190' title='bbox 1273 1921 1388 1982; x_wconf 91' lang='lat' dir='ltr'><strong>Lunae.</strong></span> <span class='ocrx_word' id='word_1_191' title='bbox 1434 1919 1516 1981; x_wconf 86' lang='lat' dir='ltr'><strong>Dato</strong></span> 
     </span>
     <span class='ocr_line' id='line_1_19' title="bbox 166 2006 1517 2084; baseline 0 -14"><span class='ocrx_word' id='word_1_192' title='bbox 166 2009 249 2072; x_wconf 87' lang='lat' dir='ltr'><strong>enim</strong></span> <span class='ocrx_word' id='word_1_193' title='bbox 272 2028 350 2071; x_wconf 90' lang='lat' dir='ltr'><strong>auno</strong></span> <span class='ocrx_word' id='word_1_194' title='bbox 374 2017 406 2070; x_wconf 92' lang='lat' dir='ltr'><strong>et</strong></span> <span class='ocrx_word' id='word_1_195' title='bbox 428 2027 530 2070; x_wconf 91' lang='lat' dir='ltr'><strong>meuse</strong></span> <span class='ocrx_word' id='word_1_196' title='bbox 554 2026 620 2069; x_wconf 88' lang='lat' dir='ltr'><strong>cum</strong></span> <span class='ocrx_word' id='word_1_197' title='bbox 644 2008 709 2068; x_wconf 90' lang='lat' dir='ltr'><strong>loco</strong></span> <span class='ocrx_word' id='word_1_198' title='bbox 734 2007 836 2069; x_wconf 86' lang='lat' dir='ltr'><strong>Lunae</strong></span> <span class='ocrx_word' id='word_1_199' title='bbox 860 2006 949 2069; x_wconf 87' lang='lat' dir='ltr'><strong>datur&#39;</strong></span> <span class='ocrx_word' id='word_1_200' title='bbox 972 2008 1047 2084; x_wconf 89' lang='lat' dir='ltr'><strong>dies,</strong></span> <span class='ocrx_word' id='word_1_201' title='bbox 1072 2018 1103 2069; x_wconf 90' lang='lat' dir='ltr'><strong>et</strong></span> <span class='ocrx_word' id='word_1_202' title='bbox 1121 2006 1259 2071; x_wconf 83' lang='lat' dir='ltr'><strong>¹vicissim</strong></span> <span class='ocrx_word' id='word_1_203' title='bbox 1282 2009 1330 2071; x_wconf 89' lang='lat' dir='ltr'><strong>die</strong></span> <span class='ocrx_word' id='word_1_204' title='bbox 1354 2008 1427 2070; x_wconf 86' lang='lat' dir='ltr'><strong>data</strong></span> <span class='ocrx_word' id='word_1_205' title='bbox 1449 2024 1517 2070; x_wconf 92' lang='lat' dir='ltr'><strong>cum</strong></span> 
     </span>
     <span class='ocr_line' id='line_1_20' title="bbox 166 2096 1549 2171; baseline -0.003 -10"><span class='ocrx_word' id='word_1_206' title='bbox 166 2096 279 2161; x_wconf 88' lang='lat' dir='ltr'><strong>ceteris</strong></span> <span class='ocrx_word' id='word_1_207' title='bbox 301 2098 391 2161; x_wconf 88' lang='lat' dir='ltr'><strong>datur</strong></span> <span class='ocrx_word' id='word_1_208' title='bbox 413 2116 518 2162; x_wconf 86' lang='lat' dir='ltr'><strong>annus.</strong></span> <span class='ocrx_word' id='word_1_209' title='bbox 565 2096 614 2163; x_wconf 92' lang='lat' dir='ltr'><strong>Ita</strong></span> <span class='ocrx_word' id='word_1_210' title='bbox 641 2096 810 2171; x_wconf 82' lang='lat' dir='ltr'><strong>conficitur,</strong></span> <span class='ocrx_word' id='word_1_211' title='bbox 839 2107 871 2158; x_wconf 92' lang='lat' dir='ltr'><strong>ut</strong></span> <span class='ocrx_word' id='word_1_212' title='bbox 899 2096 957 2159; x_wconf 89' lang='lat' dir='ltr'><strong>etsi</strong></span> <span class='ocrx_word' id='word_1_213' title='bbox 986 2098 1146 2159; x_wconf 78' lang='lat' dir='ltr'><strong>concedam</strong></span> <span class='ocrx_word' id='word_1_214' title='bbox 1170 2097 1374 2161; x_wconf 90' lang='lat' dir='ltr'><strong>Ptolemaeum</strong></span> <span class='ocrx_word' id='word_1_215' title='bbox 1398 2114 1517 2160; x_wconf 82' lang='lat' dir='ltr'><strong>emaum</strong></span> <span class='ocrx_word' id='word_1_216' title='bbox 1547 2140 1549 2145; x_wconf 85' lang='lat'><em>-</em></span> 
     </span>
     <span class='ocr_line' id='line_1_21' title="bbox 164 2184 1517 2267; baseline -0.003 -17"><span class='ocrx_word' id='word_1_217' title='bbox 164 2188 201 2250; x_wconf 81' lang='lat' dir='ltr'><strong>in·</strong></span> <span class='ocrx_word' id='word_1_218' title='bbox 226 2184 315 2249; x_wconf 91' lang='lat' dir='ltr'><strong>annis</strong></span> <span class='ocrx_word' id='word_1_219' title='bbox 337 2186 575 2267; x_wconf 80' lang='lat' dir='ltr'><strong>Imperatorum,</strong></span> <span class='ocrx_word' id='word_1_220' title='bbox 608 2194 710 2247; x_wconf 90' lang='lat' dir='ltr'><strong>tamen</strong></span> <span class='ocrx_word' id='word_1_221' title='bbox 739 2184 965 2249; x_wconf 87' lang='lat' dir='ltr'><strong>observationes</strong></span> <span class='ocrx_word' id='word_1_222' title='bbox 993 2193 1136 2249; x_wconf 87' lang='lat' dir='ltr'><strong>maneant</strong></span> <span class='ocrx_word' id='word_1_223' title='bbox 1164 2186 1193 2249; x_wconf 94' lang='lat' dir='ltr'><strong>in</strong></span> <span class='ocrx_word' id='word_1_224' title='bbox 1227 2187 1290 2249; x_wconf 91' lang='lat' dir='ltr'><strong>suis</strong></span> <span class='ocrx_word' id='word_1_225' title='bbox 1323 2184 1429 2262; x_wconf 89' lang='lat' dir='ltr'><strong>aunis,</strong></span> <span class='ocrx_word' id='word_1_226' title='bbox 1462 2201 1517 2248; x_wconf 87' lang='lat' dir='ltr'><strong>neo</strong></span> 
     </span>
     <span class='ocr_line' id='line_1_22' title="bbox 166 2274 964 2351; baseline -0.009 -11"><span class='ocrx_word' id='word_1_227' title='bbox 166 2276 287 2340; x_wconf 68' lang='lat' dir='ltr'><strong>mione</strong></span> <span class='ocrx_word' id='word_1_228' title='bbox 310 2294 454 2338; x_wconf 88' lang='lat' dir='ltr'><strong>annorum</strong></span> <span class='ocrx_word' id='word_1_229' title='bbox 477 2274 610 2338; x_wconf 86' lang='lat' dir='ltr'><strong>incertae</strong></span> <span class='ocrx_word' id='word_1_230' title='bbox 632 2276 716 2338; x_wconf 84' lang='lat' dir='ltr'><strong>liant.</strong></span> <span class='ocrx_word' id='word_1_231' title='bbox 959 2340 964 2351; x_wconf 35' lang='lat'>¹</span> 
     </span>
    </p>

    <p class='ocr_par' dir='ltr' id='par_1_4' title="bbox 165 2361 1519 3605">
     <span class='ocr_line' id='line_1_23' title="bbox 256 2361 1518 2446; baseline 0 -18"><span class='ocrx_word' id='word_1_232' title='bbox 256 2364 377 2438; x_wconf 74' lang='lat' dir='ltr'><strong>aeaut,</strong></span> <span class='ocrx_word' id='word_1_233' title='bbox 402 2372 435 2426; x_wconf 90' lang='lat' dir='ltr'><strong>ut</strong></span> <span class='ocrx_word' id='word_1_234' title='bbox 457 2364 494 2426; x_wconf 90' lang='lat' dir='ltr'><strong>de</strong></span> <span class='ocrx_word' id='word_1_235' title='bbox 513 2363 648 2426; x_wconf 89' lang='lat' dir='ltr'><strong>historiis</strong></span> <span class='ocrx_word' id='word_1_236' title='bbox 663 2382 760 2445; x_wconf 89' lang='lat' dir='ltr'><strong>pauca</strong></span> <span class='ocrx_word' id='word_1_237' title='bbox 774 2361 880 2434; x_wconf 89' lang='lat' dir='ltr'><strong>dicam,</strong></span> <span class='ocrx_word' id='word_1_238' title='bbox 903 2381 958 2424; x_wconf 89' lang='lat' dir='ltr'><strong>nec</strong></span> <span class='ocrx_word' id='word_1_239' title='bbox 982 2363 1060 2424; x_wconf 92' lang='lat' dir='ltr'><strong>enim</strong></span> <span class='ocrx_word' id='word_1_240' title='bbox 1083 2372 1132 2427; x_wconf 89' lang='lat' dir='ltr'><strong>est</strong></span> <span class='ocrx_word' id='word_1_241' title='bbox 1153 2383 1221 2426; x_wconf 90' lang='lat' dir='ltr'><strong>mea</strong></span> <span class='ocrx_word' id='word_1_242' title='bbox 1242 2365 1392 2446; x_wconf 77' lang='lat' dir='ltr'><strong>professio</strong></span> <span class='ocrx_word' id='word_1_243' title='bbox 1415 2363 1447 2427; x_wconf 90' lang='lat' dir='ltr'><strong>in</strong></span> <span class='ocrx_word' id='word_1_244' title='bbox 1469 2365 1518 2431; x_wconf 88' lang='lat' dir='ltr'><strong>lris</strong></span> 
     </span>
     <span class='ocr_line' id='line_1_24' title="bbox 165 2450 1517 2535; baseline -0.001 -17"><span class='ocrx_word' id='word_1_245' title='bbox 165 2453 277 2519; x_wconf 80' lang='lat' dir='ltr'><strong>literis.</strong></span> <span class='ocrx_word' id='word_1_246' title='bbox 313 2455 362 2516; x_wconf 86' lang='lat' dir='ltr'><strong>Ac</strong></span> <span class='ocrx_word' id='word_1_247' title='bbox 376 2453 481 2535; x_wconf 86' lang='lat' dir='ltr'><strong>Magn.</strong></span> <span class='ocrx_word' id='word_1_248' title='bbox 498 2454 581 2517; x_wconf 83' lang='lat' dir='ltr'><strong>Tuae</strong></span> <span class='ocrx_word' id='word_1_249' title='bbox 600 2452 745 2533; x_wconf 89' lang='lat' dir='ltr'><strong>judicium</strong></span> <span class='ocrx_word' id='word_1_250' title='bbox 768 2450 911 2513; x_wconf 87' lang='lat' dir='ltr'><strong>libentius</strong></span> <span class='ocrx_word' id='word_1_251' title='bbox 934 2451 1063 2527; x_wconf 87' lang='lat' dir='ltr'><strong>audiam,</strong></span> <span class='ocrx_word' id='word_1_252' title='bbox 1088 2452 1113 2514; x_wconf 91' lang='lat' dir='ltr'><strong>si</strong></span> <span class='ocrx_word' id='word_1_253' title='bbox 1136 2452 1327 2519; x_wconf 89' lang='lat' dir='ltr'><strong>Ptolemaeus</strong></span> <span class='ocrx_word' id='word_1_254' title='bbox 1350 2453 1438 2518; x_wconf 91' lang='lat' dir='ltr'><strong>nobis</strong></span> <span class='ocrx_word' id='word_1_255' title='bbox 1461 2455 1517 2517; x_wconf 90' lang='lat' dir='ltr'><strong>ob-</strong></span> 
     </span>
     <span class='ocr_line' id='line_1_25' title="bbox 167 2539 1518 2623; baseline -0.001 -16"><span class='ocrx_word' id='word_1_256' title='bbox 167 2541 360 2607; x_wconf 83' lang='lat' dir='ltr'><strong>servationes</strong></span> <span class='ocrx_word' id='word_1_257' title='bbox 376 2543 534 2623; x_wconf 89' lang='lat' dir='ltr'><strong>depromit,</strong></span> <span class='ocrx_word' id='word_1_258' title='bbox 558 2561 681 2623; x_wconf 88' lang='lat' dir='ltr'><strong>quarum</strong></span> <span class='ocrx_word' id='word_1_259' title='bbox 706 2562 725 2602; x_wconf 94' lang='lat' dir='ltr'><strong>a</strong></span> <span class='ocrx_word' id='word_1_260' title='bbox 748 2540 834 2603; x_wconf 89' lang='lat' dir='ltr'><strong>uobis</strong></span> <span class='ocrx_word' id='word_1_261' title='bbox 857 2547 938 2603; x_wconf 88' lang='lat' dir='ltr'><strong>retro</strong></span> <span class='ocrx_word' id='word_1_262' title='bbox 962 2539 1141 2603; x_wconf 84' lang='lat' dir='ltr'><strong>distantiam</strong></span> <span class='ocrx_word' id='word_1_263' title='bbox 1164 2541 1308 2607; x_wconf 89' lang='lat' dir='ltr'><strong>habemns</strong></span> <span class='ocrx_word' id='word_1_264' title='bbox 1332 2551 1456 2618; x_wconf 90' lang='lat' dir='ltr'><strong>certam,</strong></span> <span class='ocrx_word' id='word_1_265' title='bbox 1478 2542 1518 2605; x_wconf 89' lang='lat' dir='ltr'><strong>iis</strong></span> 
     </span>
     <span class='ocr_line' id='line_1_26' title="bbox 167 2628 1518 2712; baseline -0.002 -16"><span class='ocrx_word' id='word_1_266' title='bbox 167 2650 241 2697; x_wconf 83' lang='lat' dir='ltr'><strong>vero</strong></span> <span class='ocrx_word' id='word_1_267' title='bbox 264 2632 341 2695; x_wconf 84' lang='lat' dir='ltr'><strong>alios</strong></span> <span class='ocrx_word' id='word_1_268' title='bbox 355 2632 573 2712; x_wconf 83' lang='lat' dir='ltr'><strong>Imperatorum</strong></span> <span class='ocrx_word' id='word_1_269' title='bbox 591 2650 687 2693; x_wconf 90' lang='lat' dir='ltr'><strong>anuos</strong></span> <span class='ocrx_word' id='word_1_270' title='bbox 705 2628 853 2699; x_wconf 88' lang='lat' dir='ltr'><strong>attribuit,</strong></span> <span class='ocrx_word' id='word_1_271' title='bbox 877 2649 965 2712; x_wconf 91' lang='lat' dir='ltr'><strong>qnam</strong></span> <span class='ocrx_word' id='word_1_272' title='bbox 989 2629 1041 2691; x_wconf 92' lang='lat' dir='ltr'><strong>alii</strong></span> <span class='ocrx_word' id='word_1_273' title='bbox 1064 2629 1199 2693; x_wconf 82' lang='lat' dir='ltr'><strong>historici</strong></span> <span class='ocrx_word' id='word_1_274' title='bbox 1222 2632 1387 2696; x_wconf 88' lang='lat' dir='ltr'><strong>attribuere</strong></span> <span class='ocrx_word' id='word_1_275' title='bbox 1409 2632 1518 2695; x_wconf 84' lang='lat' dir='ltr'><strong>viden-</strong></span> 
     </span>
     <span class='ocr_line' id='line_1_27' title="bbox 167 2718 1518 2795; baseline -0.001 -9"><span class='ocrx_word' id='word_1_276' title='bbox 167 2732 219 2786; x_wconf 85' lang='lat' dir='ltr'><strong>tut</strong></span> <span class='ocrx_word' id='word_1_277' title='bbox 242 2720 367 2795; x_wconf 90' lang='lat' dir='ltr'><strong>(iterum</strong></span> <span class='ocrx_word' id='word_1_278' title='bbox 388 2719 419 2782; x_wconf 91' lang='lat' dir='ltr'><strong>iu</strong></span> <span class='ocrx_word' id='word_1_279' title='bbox 439 2720 585 2784; x_wconf 89' lang='lat' dir='ltr'><strong>distantia</strong></span> <span class='ocrx_word' id='word_1_280' title='bbox 604 2740 623 2781; x_wconf 89' lang='lat' dir='ltr'><strong>a</strong></span> <span class='ocrx_word' id='word_1_281' title='bbox 644 2718 731 2781; x_wconf 90' lang='lat' dir='ltr'><strong>nobis</strong></span> <span class='ocrx_word' id='word_1_282' title='bbox 755 2720 861 2792; x_wconf 86' lang='lat' dir='ltr'><strong>retro),</strong></span> <span class='ocrx_word' id='word_1_283' title='bbox 884 2727 983 2781; x_wconf 88' lang='lat' dir='ltr'><strong>utrum</strong></span> <span class='ocrx_word' id='word_1_284' title='bbox 1007 2718 1174 2780; x_wconf 88' lang='lat' dir='ltr'><strong>laciendum</strong></span> <span class='ocrx_word' id='word_1_285' title='bbox 1197 2719 1258 2783; x_wconf 89' lang='lat' dir='ltr'><strong>sit:</strong></span> <span class='ocrx_word' id='word_1_286' title='bbox 1286 2720 1518 2785; x_wconf 86' lang='lat' dir='ltr'><strong>Ptolemaeusne</strong></span> 
     </span>
     <span class='ocr_line' id='line_1_28' title="bbox 168 2807 1518 2891; baseline -0.002 -16"><span class='ocrx_word' id='word_1_287' title='bbox 168 2809 282 2875; x_wconf 82' lang='lat' dir='ltr'><strong>erroris</strong></span> <span class='ocrx_word' id='word_1_288' title='bbox 304 2810 475 2891; x_wconf 88' lang='lat' dir='ltr'><strong>arguendus</strong></span> <span class='ocrx_word' id='word_1_289' title='bbox 499 2809 581 2871; x_wconf 89' lang='lat' dir='ltr'><strong>circa</strong></span> <span class='ocrx_word' id='word_1_290' title='bbox 604 2808 705 2871; x_wconf 89' lang='lat' dir='ltr'><strong>stilum</strong></span> <span class='ocrx_word' id='word_1_291' title='bbox 729 2807 774 2870; x_wconf 90' lang='lat' dir='ltr'><strong>sui</strong></span> <span class='ocrx_word' id='word_1_292' title='bbox 799 2807 907 2884; x_wconf 91' lang='lat' dir='ltr'><strong>seculi,</strong></span> <span class='ocrx_word' id='word_1_293' title='bbox 939 2827 977 2869; x_wconf 90' lang='lat' dir='ltr'><strong>an</strong></span> <span class='ocrx_word' id='word_1_294' title='bbox 1000 2807 1135 2870; x_wconf 85' lang='lat' dir='ltr'><strong>historici</strong></span> <span class='ocrx_word' id='word_1_295' title='bbox 1160 2827 1195 2871; x_wconf 89' lang='lat' dir='ltr'><strong>eo</strong></span> <span class='ocrx_word' id='word_1_296' title='bbox 1218 2811 1425 2890; x_wconf 87' lang='lat' dir='ltr'><strong>posteriores?</strong></span> <span class='ocrx_word' id='word_1_297' title='bbox 1470 2811 1518 2873; x_wconf 91' lang='lat' dir='ltr'><strong>De</strong></span> 
     </span>
     <span class='ocr_line' id='line_1_29' title="bbox 167 2896 1519 2980; baseline -0.002 -17"><span class='ocrx_word' id='word_1_298' title='bbox 167 2906 244 2963; x_wconf 85' lang='lat' dir='ltr'><strong>a&#39;era</strong></span> <span class='ocrx_word' id='word_1_299' title='bbox 265 2899 343 2961; x_wconf 83' lang='lat' dir='ltr'><strong>enim</strong></span> <span class='ocrx_word' id='word_1_300' title='bbox 366 2899 473 2962; x_wconf 87' lang='lat' dir='ltr'><strong>martis</strong></span> <span class='ocrx_word' id='word_1_301' title='bbox 487 2898 654 2961; x_wconf 86' lang='lat' dir='ltr'><strong>Alexandri</strong></span> <span class='ocrx_word' id='word_1_302' title='bbox 674 2917 767 2959; x_wconf 91' lang='lat' dir='ltr'><strong>causa</strong></span> <span class='ocrx_word' id='word_1_303' title='bbox 790 2896 979 2959; x_wconf 82' lang='lat' dir='ltr'><strong>inconfesse</strong></span> <span class='ocrx_word' id='word_1_304' title='bbox 1003 2905 1061 2970; x_wconf 84' lang='lat' dir='ltr'><strong>ost,</strong></span> <span class='ocrx_word' id='word_1_305' title='bbox 1084 2897 1143 2960; x_wconf 87' lang='lat' dir='ltr'><strong>sita</strong></span> <span class='ocrx_word' id='word_1_306' title='bbox 1166 2917 1271 2979; x_wconf 89' lang='lat' dir='ltr'><strong>nempe</strong></span> <span class='ocrx_word' id='word_1_307' title='bbox 1294 2899 1324 2963; x_wconf 94' lang='lat' dir='ltr'><strong>in</strong></span> <span class='ocrx_word' id='word_1_308' title='bbox 1347 2898 1519 2980; x_wconf 82' lang='lat' dir='ltr'><strong>ignorantia</strong></span> 
     </span>
     <span class='ocr_line' id='line_1_30' title="bbox 168 2985 1519 3069; baseline -0.003 -14"><span class='ocrx_word' id='word_1_309' title='bbox 168 2987 393 3069; x_wconf 80' lang='lat' dir='ltr'><strong>chronologiae.</strong></span> <span class='ocrx_word' id='word_1_310' title='bbox 439 2987 515 3050; x_wconf 81' lang='lat' dir='ltr'><strong>Mihi</strong></span> <span class='ocrx_word' id='word_1_311' title='bbox 544 2986 709 3049; x_wconf 89' lang='lat' dir='ltr'><strong>astronomi</strong></span> <span class='ocrx_word' id='word_1_312' title='bbox 736 2985 881 3048; x_wconf 87' lang='lat' dir='ltr'><strong>certiores</strong></span> <span class='ocrx_word' id='word_1_313' title='bbox 913 2995 1079 3067; x_wconf 86' lang='lat' dir='ltr'><strong>temporum</strong></span> <span class='ocrx_word' id='word_1_314' title='bbox 1112 2987 1302 3051; x_wconf 87' lang='lat' dir='ltr'><strong>characteres</strong></span> <span class='ocrx_word' id='word_1_315' title='bbox 1327 2989 1359 3050; x_wconf 92' lang='lat' dir='ltr'><strong>in</strong></span> <span class='ocrx_word' id='word_1_316' title='bbox 1388 2988 1519 3051; x_wconf 89' lang='lat' dir='ltr'><strong>sidemm</strong></span> 
     </span>
     <span class='ocr_line' id='line_1_31' title="bbox 169 3074 1517 3161; baseline -0.002 -20"><span class='ocrx_word' id='word_1_317' title='bbox 169 3076 324 3161; x_wconf 85' lang='lat' dir='ltr'><strong>aequabili</strong></span> <span class='ocrx_word' id='word_1_318' title='bbox 345 3085 428 3139; x_wconf 92' lang='lat' dir='ltr'><strong>mutu</strong></span> <span class='ocrx_word' id='word_1_319' title='bbox 451 3075 524 3151; x_wconf 87' lang='lat' dir='ltr'><strong>(nisi</strong></span> <span class='ocrx_word' id='word_1_320' title='bbox 542 3078 620 3139; x_wconf 92' lang='lat' dir='ltr'><strong>hunc</strong></span> <span class='ocrx_word' id='word_1_321' title='bbox 635 3075 820 3155; x_wconf 86' lang='lat' dir='ltr'><strong>negaveris),</strong></span> <span class='ocrx_word' id='word_1_322' title='bbox 844 3094 932 3155; x_wconf 89' lang='lat' dir='ltr'><strong>quam</strong></span> <span class='ocrx_word' id='word_1_323' title='bbox 955 3075 1090 3138; x_wconf 87' lang='lat' dir='ltr'><strong>historici</strong></span> <span class='ocrx_word' id='word_1_324' title='bbox 1113 3076 1143 3137; x_wconf 93' lang='lat' dir='ltr'><strong>in</strong></span> <span class='ocrx_word' id='word_1_325' title='bbox 1166 3074 1229 3138; x_wconf 89' lang='lat' dir='ltr'><strong>suis</strong></span> <span class='ocrx_word' id='word_1_326' title='bbox 1252 3077 1407 3140; x_wconf 90' lang='lat' dir='ltr'><strong>consulum</strong></span> <span class='ocrx_word' id='word_1_327' title='bbox 1430 3084 1517 3139; x_wconf 87' lang='lat' dir='ltr'><strong>cata-</strong></span> 
     </span>
     <span class='ocr_line' id='line_1_32' title="bbox 168 3163 1518 3249; baseline -0.004 -17"><span class='ocrx_word' id='word_1_328' title='bbox 168 3166 250 3249; x_wconf 81' lang='lat' dir='ltr'><strong>logis</strong></span> <span class='ocrx_word' id='word_1_329' title='bbox 268 3166 379 3229; x_wconf 90' lang='lat' dir='ltr'><strong>habere</strong></span> <span class='ocrx_word' id='word_1_330' title='bbox 394 3165 541 3229; x_wconf 88' lang='lat' dir='ltr'><strong>videntur.</strong></span> <span class='ocrx_word' id='word_1_331' title='bbox 579 3164 681 3238; x_wconf 84' lang='lat' dir='ltr'><strong>Quare</strong></span> <span class='ocrx_word' id='word_1_332' title='bbox 705 3163 784 3225; x_wconf 88' lang='lat' dir='ltr'><strong>malo</strong></span> <span class='ocrx_word' id='word_1_333' title='bbox 807 3171 931 3244; x_wconf 88' lang='lat' dir='ltr'><strong>propter</strong></span> <span class='ocrx_word' id='word_1_334' title='bbox 950 3164 1151 3227; x_wconf 88' lang='lat' dir='ltr'><strong>astronomiae</strong></span> <span class='ocrx_word' id='word_1_335' title='bbox 1166 3165 1385 3231; x_wconf 88' lang='lat' dir='ltr'><strong>certitudinem</strong></span> <span class='ocrx_word' id='word_1_336' title='bbox 1397 3164 1518 3246; x_wconf 87' lang='lat' dir='ltr'><strong>obloqui</strong></span> 
     </span>
     <span class='ocr_line' id='line_1_33' title="bbox 170 3252 1518 3338; baseline -0.003 -18"><span class='ocrx_word' id='word_1_337' title='bbox 170 3255 281 3332; x_wconf 84' lang='lat' dir='ltr'><strong>iactis,</strong></span> <span class='ocrx_word' id='word_1_338' title='bbox 314 3274 402 3337; x_wconf 91' lang='lat' dir='ltr'><strong>quam</strong></span> <span class='ocrx_word' id='word_1_339' title='bbox 433 3263 555 3337; x_wconf 89' lang='lat' dir='ltr'><strong>propter</strong></span> <span class='ocrx_word' id='word_1_340' title='bbox 581 3252 854 3317; x_wconf 89' lang='lat' dir='ltr'><strong>turbatissimorum</strong></span> <span class='ocrx_word' id='word_1_341' title='bbox 881 3253 1027 3314; x_wconf 82' lang='lat' dir='ltr'><strong>factorum</strong></span> <span class='ocrx_word' id='word_1_342' title='bbox 1057 3253 1238 3335; x_wconf 87' lang='lat' dir='ltr'><strong>(quicunque</strong></span> <span class='ocrx_word' id='word_1_343' title='bbox 1261 3262 1518 3338; x_wconf 86' lang='lat' dir='ltr'><strong>quantumcunque</strong></span> 
     </span>
     <span class='ocr_line' id='line_1_34' title="bbox 170 3340 1518 3429; baseline -0.004 -19"><span class='ocrx_word' id='word_1_344' title='bbox 170 3344 335 3409; x_wconf 88' lang='lat' dir='ltr'><strong>mendicati</strong></span> <span class='ocrx_word' id='word_1_345' title='bbox 358 3345 434 3418; x_wconf 91' lang='lat' dir='ltr'><strong>siut)</strong></span> <span class='ocrx_word' id='word_1_346' title='bbox 457 3344 613 3416; x_wconf 83' lang='lat' dir='ltr'><strong>fiduciam,</strong></span> <span class='ocrx_word' id='word_1_347' title='bbox 645 3340 846 3404; x_wconf 89' lang='lat' dir='ltr'><strong>astronomiae</strong></span> <span class='ocrx_word' id='word_1_348' title='bbox 869 3340 950 3402; x_wconf 84' lang='lat' dir='ltr'><strong>iilum</strong></span> <span class='ocrx_word' id='word_1_349' title='bbox 969 3342 1154 3429; x_wconf 82' lang='lat' dir='ltr'><strong>Daedaleam</strong></span> <span class='ocrx_word' id='word_1_350' title='bbox 1178 3361 1194 3403; x_wconf 92' lang='lat' dir='ltr'><strong>e</strong></span> <span class='ocrx_word' id='word_1_351' title='bbox 1217 3344 1352 3407; x_wconf 91' lang='lat' dir='ltr'><strong>manibus</strong></span> <span class='ocrx_word' id='word_1_352' title='bbox 1376 3342 1518 3426; x_wconf 79' lang='lat' dir='ltr'><strong>ahJ&#39;icere.</strong></span> 
     </span>
     <span class='ocr_line' id='line_1_35' title="bbox 169 3422 1518 3516; baseline -0.004 -16"><span class='ocrx_word' id='word_1_353' title='bbox 169 3422 240 3501; x_wconf 71' lang='lat' dir='ltr'><strong>Mu</strong></span> <span class='ocrx_word' id='word_1_354' title='bbox 264 3442 331 3497; x_wconf 86' lang='lat' dir='ltr'><strong>arat</strong></span> <span class='ocrx_word' id='word_1_355' title='bbox 353 3433 455 3516; x_wconf 88' lang='lat' dir='ltr'><strong>itaque</strong></span> <span class='ocrx_word' id='word_1_356' title='bbox 479 3432 674 3505; x_wconf 88' lang='lat' dir='ltr'><strong>inferendum,</strong></span> <span class='ocrx_word' id='word_1_357' title='bbox 698 3448 801 3492; x_wconf 91' lang='lat' dir='ltr'><strong>omnes</strong></span> <span class='ocrx_word' id='word_1_358' title='bbox 821 3429 1048 3492; x_wconf 86' lang='lat' dir='ltr'><strong>observationes</strong></span> <span class='ocrx_word' id='word_1_359' title='bbox 1063 3431 1229 3493; x_wconf 85' lang='lat' dir='ltr'><strong>Ptolemaei</strong></span> <span class='ocrx_word' id='word_1_360' title='bbox 1248 3453 1326 3497; x_wconf 91' lang='lat' dir='ltr'><strong>anno</strong></span> <span class='ocrx_word' id='word_1_361' title='bbox 1347 3453 1406 3495; x_wconf 92' lang='lat' dir='ltr'><strong>uno</strong></span> <span class='ocrx_word' id='word_1_362' title='bbox 1429 3432 1518 3494; x_wconf 90' lang='lat' dir='ltr'><strong>citius</strong></span> 
     </span>
     <span class='ocr_line' id='line_1_36' title="bbox 170 3518 1519 3605; baseline -0.005 -16"><span class='ocrx_word' id='word_1_363' title='bbox 170 3522 348 3605; x_wconf 67' lang='lat' dir='ltr'><strong>contig&#39;sse</strong></span> <span class='ocrx_word' id='word_1_364' title='bbox 373 3542 460 3605; x_wconf 91' lang='lat' dir='ltr'><strong>quam</strong></span> <span class='ocrx_word' id='word_1_365' title='bbox 476 3523 515 3584; x_wconf 91' lang='lat' dir='ltr'><strong>ab</strong></span> <span class='ocrx_word' id='word_1_366' title='bbox 539 3528 659 3583; x_wconf 89' lang='lat' dir='ltr'><strong>auctore</strong></span> <span class='ocrx_word' id='word_1_367' title='bbox 683 3518 894 3593; x_wconf 82' lang='lat' dir='ltr'><strong>inscribantur,</strong></span> <span class='ocrx_word' id='word_1_368' title='bbox 919 3518 973 3580; x_wconf 89' lang='lat' dir='ltr'><strong>sed</strong></span> <span class='ocrx_word' id='word_1_369' title='bbox 989 3519 1044 3580; x_wconf 90' lang='lat' dir='ltr'><strong>hoc</strong></span> <span class='ocrx_word' id='word_1_370' title='bbox 1063 3520 1174 3599; x_wconf 91' lang='lat' dir='ltr'><strong>potius,</strong></span> <span class='ocrx_word' id='word_1_371' title='bbox 1199 3539 1302 3583; x_wconf 87' lang='lat' dir='ltr'><strong>omues</strong></span> <span class='ocrx_word' id='word_1_372' title='bbox 1316 3522 1519 3602; x_wconf 87' lang='lat' dir='ltr'><strong>Imperatores</strong></span> 
     </span>
    </p>
   </div>
   <div class='ocr_carea' id='block_1_4' title="bbox 169 3607 1629 3691">
    <p class='ocr_par' dir='ltr' id='par_1_5' title="bbox 169 3607 1629 3691">
     <span class='ocr_line' id='line_1_37' title="bbox 169 3607 1629 3691; baseline -0.003 -14"><span class='ocrx_word' id='word_1_373' title='bbox 169 3630 230 3677; x_wconf 83' lang='lat' dir='ltr'><strong>unu</strong></span> <span class='ocrx_word' id='word_1_374' title='bbox 253 3631 332 3675; x_wconf 90' lang='lat' dir='ltr'><strong>anno</strong></span> <span class='ocrx_word' id='word_1_375' title='bbox 355 3611 471 3674; x_wconf 87' lang='lat' dir='ltr'><strong>tardius</strong></span> <span class='ocrx_word' id='word_1_376' title='bbox 492 3611 637 3691; x_wconf 88' lang='lat' dir='ltr'><strong>coepisse,</strong></span> <span class='ocrx_word' id='word_1_377' title='bbox 661 3627 750 3689; x_wconf 89' lang='lat' dir='ltr'><strong>quam</strong></span> <span class='ocrx_word' id='word_1_378' title='bbox 774 3607 965 3671; x_wconf 90' lang='lat' dir='ltr'><strong>Ptolemaeus</strong></span> <span class='ocrx_word' id='word_1_379' title='bbox 992 3608 1168 3671; x_wconf 89' lang='lat' dir='ltr'><strong>tradiderit:</strong></span> <span class='ocrx_word' id='word_1_380' title='bbox 1198 3608 1343 3690; x_wconf 87' lang='lat' dir='ltr'><strong>siqnidem</strong></span> <span class='ocrx_word' id='word_1_381' title='bbox 1366 3609 1519 3674; x_wconf 85' lang='lat' dir='ltr'><strong>historicis</strong></span> <span class='ocrx_word' id='word_1_382' title='bbox 1625 3622 1629 3629; x_wconf 89' lang='lat'>&#39;</span> 
     </span>
    </p>
   </div>
   <div class='ocr_carea' id='block_1_5' title="bbox 155 3695 1519 4141">
    <p class='ocr_par' dir='ltr' id='par_1_6' title="bbox 155 3695 1519 4141">
     <span class='ocr_line' id='line_1_38' title="bbox 170 3695 1519 3782; baseline -0.002 -16"><span class='ocrx_word' id='word_1_383' title='bbox 170 3702 271 3766; x_wconf 90' lang='lat' dir='ltr'><strong>credis</strong></span> <span class='ocrx_word' id='word_1_384' title='bbox 299 3711 330 3763; x_wconf 92' lang='lat' dir='ltr'><strong>et</strong></span> <span class='ocrx_word' id='word_1_385' title='bbox 357 3700 534 3781; x_wconf 88' lang='lat' dir='ltr'><strong>antiquariis</strong></span> <span class='ocrx_word' id='word_1_386' title='bbox 562 3707 668 3761; x_wconf 86' lang='lat' dir='ltr'><strong>contra</strong></span> <span class='ocrx_word' id='word_1_387' title='bbox 696 3698 901 3759; x_wconf 88' lang='lat' dir='ltr'><strong>Ptolemaeum</strong></span> <span class='ocrx_word' id='word_1_388' title='bbox 933 3695 1093 3775; x_wconf 72' lang='lat' dir='ltr'><strong>circuens,</strong></span> <span class='ocrx_word' id='word_1_389' title='bbox 1124 3717 1182 3760; x_wconf 93' lang='lat' dir='ltr'><strong>non</strong></span> <span class='ocrx_word' id='word_1_390' title='bbox 1211 3699 1289 3760; x_wconf 91' lang='lat' dir='ltr'><strong>euim</strong></span> <span class='ocrx_word' id='word_1_391' title='bbox 1316 3700 1519 3782; x_wconf 88' lang='lat' dir='ltr'><strong>Imperatores</strong></span> 
     </span>
     <span class='ocr_line' id='line_1_39' title="bbox 170 3778 1420 3868; baseline -0.002 -13"><span class='ocrx_word' id='word_1_392' title='bbox 170 3778 313 3855; x_wconf 77' lang='lat' dir='ltr'><strong>meritura</strong></span> <span class='ocrx_word' id='word_1_393' title='bbox 336 3798 406 3852; x_wconf 91' lang='lat' dir='ltr'><strong>sunt</strong></span> <span class='ocrx_word' id='word_1_394' title='bbox 427 3796 559 3851; x_wconf 89' lang='lat' dir='ltr'><strong>motuum</strong></span> <span class='ocrx_word' id='word_1_395' title='bbox 583 3786 768 3862; x_wconf 88' lang='lat' dir='ltr'><strong>coelestium,</strong></span> <span class='ocrx_word' id='word_1_396' title='bbox 791 3786 847 3849; x_wconf 90' lang='lat' dir='ltr'><strong>sed</strong></span> <span class='ocrx_word' id='word_1_397' title='bbox 868 3786 899 3849; x_wconf 94' lang='lat' dir='ltr'><strong>hi</strong></span> <span class='ocrx_word' id='word_1_398' title='bbox 923 3787 1139 3868; x_wconf 87' lang='lat' dir='ltr'><strong>Imperatorum</strong></span> <span class='ocrx_word' id='word_1_399' title='bbox 1163 3794 1194 3850; x_wconf 87' lang='lat' dir='ltr'><strong>at</strong></span> <span class='ocrx_word' id='word_1_400' title='bbox 1216 3788 1420 3868; x_wconf 85' lang='lat' dir='ltr'><strong>imperiorum.</strong></span> 
     </span>
     <span class='ocr_line' id='line_1_40' title="bbox 261 3875 1519 3960; baseline 0.001 -18"><span class='ocrx_word' id='word_1_401' title='bbox 261 3878 344 3955; x_wconf 80' lang='lat' dir='ltr'><strong>Quid</strong></span> <span class='ocrx_word' id='word_1_402' title='bbox 364 3879 533 3959; x_wconf 89' lang='lat' dir='ltr'><strong>Buntingus</strong></span> <span class='ocrx_word' id='word_1_403' title='bbox 556 3878 587 3939; x_wconf 88' lang='lat' dir='ltr'><strong>in</strong></span> <span class='ocrx_word' id='word_1_404' title='bbox 610 3875 797 3938; x_wconf 88' lang='lat' dir='ltr'><strong>ordinatione</strong></span> <span class='ocrx_word' id='word_1_405' title='bbox 820 3876 974 3938; x_wconf 90' lang='lat' dir='ltr'><strong>consulum</strong></span> <span class='ocrx_word' id='word_1_406' title='bbox 996 3875 1198 3954; x_wconf 88' lang='lat' dir='ltr'><strong>praestiterit,</strong></span> <span class='ocrx_word' id='word_1_407' title='bbox 1225 3877 1390 3941; x_wconf 88' lang='lat' dir='ltr'><strong>astronomi</strong></span> <span class='ocrx_word' id='word_1_408' title='bbox 1412 3897 1519 3960; x_wconf 82' lang='lat' dir='ltr'><strong>pamm</strong></span> 
     </span>
     <span class='ocr_line' id='line_1_41' title="bbox 171 3964 1518 4049; baseline -0.004 -14"><span class='ocrx_word' id='word_1_409' title='bbox 171 3972 322 4035; x_wconf 83' lang='lat' dir='ltr'><strong>interesse</strong></span> <span class='ocrx_word' id='word_1_410' title='bbox 351 3975 423 4049; x_wconf 91' lang='lat' dir='ltr'><strong>puto</strong></span> <span class='ocrx_word' id='word_1_411' title='bbox 453 3973 487 4029; x_wconf 88' lang='lat' dir='ltr'><strong>ut</strong></span> <span class='ocrx_word' id='word_1_412' title='bbox 518 3965 613 4040; x_wconf 89' lang='lat' dir='ltr'><strong>sciat,</strong></span> <span class='ocrx_word' id='word_1_413' title='bbox 646 3964 703 4027; x_wconf 90' lang='lat' dir='ltr'><strong>nisi</strong></span> <span class='ocrx_word' id='word_1_414' title='bbox 732 3971 878 4046; x_wconf 86' lang='lat' dir='ltr'><strong>quatenus</strong></span> <span class='ocrx_word' id='word_1_415' title='bbox 902 3964 1031 4045; x_wconf 88' lang='lat' dir='ltr'><strong>eclipses</strong></span> <span class='ocrx_word' id='word_1_416' title='bbox 1054 3964 1170 4046; x_wconf 88' lang='lat' dir='ltr'><strong>aliquae</strong></span> <span class='ocrx_word' id='word_1_417' title='bbox 1194 3975 1418 4043; x_wconf 88' lang='lat' dir='ltr'><strong>monstrantur,</strong></span> <span class='ocrx_word' id='word_1_418' title='bbox 1441 3986 1518 4048; x_wconf 88' lang='lat' dir='ltr'><strong>quae</strong></span> 
     </span>
     <span class='ocr_line' id='line_1_42' title="bbox 155 4054 1518 4141; baseline -0.003 -19"><span class='ocrx_word' id='word_1_419' title='bbox 155 4066 293 4141; x_wconf 84' lang='lat' dir='ltr'><strong>postea,</strong></span> <span class='ocrx_word' id='word_1_420' title='bbox 314 4058 387 4120; x_wconf 90' lang='lat' dir='ltr'><strong>dato</strong></span> <span class='ocrx_word' id='word_1_421' title='bbox 410 4074 553 4118; x_wconf 90' lang='lat' dir='ltr'><strong>annorum</strong></span> <span class='ocrx_word' id='word_1_422' title='bbox 576 4054 717 4130; x_wconf 86' lang='lat' dir='ltr'><strong>confinio,</strong></span> <span class='ocrx_word' id='word_1_423' title='bbox 741 4061 922 4135; x_wconf 90' lang='lat' dir='ltr'><strong>quaeruntur</strong></span> <span class='ocrx_word' id='word_1_424' title='bbox 943 4055 981 4117; x_wconf 89' lang='lat' dir='ltr'><strong>ab</strong></span> <span class='ocrx_word' id='word_1_425' title='bbox 1004 4060 1192 4130; x_wconf 85' lang='lat' dir='ltr'><strong>astronomo,</strong></span> <span class='ocrx_word' id='word_1_426' title='bbox 1218 4064 1365 4137; x_wconf 86' lang='lat' dir='ltr'><strong>utcunque</strong></span> <span class='ocrx_word' id='word_1_427' title='bbox 1387 4056 1518 4118; x_wconf 87' lang='lat' dir='ltr'><strong>habente</strong></span> 
     </span>
    </p>
   </div>
   <div class='ocr_carea' id='block_1_6' title="bbox 172 4139 1638 4226">
    <p class='ocr_par' dir='ltr' id='par_1_7' title="bbox 172 4139 1638 4226">
     <span class='ocr_line' id='line_1_43' title="bbox 172 4139 1638 4226; baseline -0.002 -15"><span class='ocrx_word' id='word_1_428' title='bbox 172 4147 370 4211; x_wconf 82' lang='lat' dir='ltr'><strong>annotatione</strong></span> <span class='ocrx_word' id='word_1_429' title='bbox 391 4165 445 4226; x_wconf 92' lang='lat' dir='ltr'><strong>per</strong></span> <span class='ocrx_word' id='word_1_430' title='bbox 468 4145 616 4207; x_wconf 89' lang='lat' dir='ltr'><strong>eonsules.</strong></span> <span class='ocrx_word' id='word_1_431' title='bbox 663 4142 697 4207; x_wconf 89' lang='lat' dir='ltr'><strong>Si</strong></span> <span class='ocrx_word' id='word_1_432' title='bbox 719 4141 931 4225; x_wconf 87' lang='lat' dir='ltr'><strong>intempestive</strong></span> <span class='ocrx_word' id='word_1_433' title='bbox 959 4141 1060 4204; x_wconf 91' lang='lat' dir='ltr'><strong>omisit</strong></span> <span class='ocrx_word' id='word_1_434' title='bbox 1087 4142 1157 4206; x_wconf 90' lang='lat' dir='ltr'><strong>illus</strong></span> <span class='ocrx_word' id='word_1_435' title='bbox 1180 4145 1317 4206; x_wconf 89' lang='lat' dir='ltr'><strong>consules</strong></span> <span class='ocrx_word' id='word_1_436' title='bbox 1340 4165 1418 4207; x_wconf 90' lang='lat' dir='ltr'><strong>anno</strong></span> <span class='ocrx_word' id='word_1_437' title='bbox 1445 4139 1517 4219; x_wconf 79' lang='lat'><strong>132,</strong></span> <span class='ocrx_word' id='word_1_438' title='bbox 1634 4146 1638 4153; x_wconf 84' lang='grc'><em>“</em></span> 
     </span>
    </p>
   </div>
   <div class='ocr_carea' id='block_1_7' title="bbox 171 4231 1518 4941">
    <p class='ocr_par' dir='ltr' id='par_1_8' title="bbox 171 4231 1518 4941">
     <span class='ocr_line' id='line_1_44' title="bbox 172 4231 1518 4320; baseline -0.003 -20"><span class='ocrx_word' id='word_1_439' title='bbox 172 4236 254 4320; x_wconf 90' lang='lat' dir='ltr'><strong>quud</strong></span> <span class='ocrx_word' id='word_1_440' title='bbox 265 4236 311 4300; x_wconf 79' lang='lat' dir='ltr'><strong>M.</strong></span> <span class='ocrx_word' id='word_1_441' title='bbox 326 4235 407 4297; x_wconf 82' lang='lat' dir='ltr'><strong>Tuae</strong></span> <span class='ocrx_word' id='word_1_442' title='bbox 427 4252 464 4297; x_wconf 83' lang='lat' dir='ltr'><strong>ex</strong></span> <span class='ocrx_word' id='word_1_443' title='bbox 478 4232 648 4297; x_wconf 84' lang='lat' dir='ltr'><strong>auctoribus</strong></span> <span class='ocrx_word' id='word_1_444' title='bbox 663 4232 751 4294; x_wconf 86' lang='lat' dir='ltr'><strong>iidem</strong></span> <span class='ocrx_word' id='word_1_445' title='bbox 767 4231 887 4294; x_wconf 78' lang='lat' dir='ltr'><strong>facienti</strong></span> <span class='ocrx_word' id='word_1_446' title='bbox 902 4231 1001 4304; x_wconf 88' lang='lat' dir='ltr'><strong>oredo,</strong></span> <span class='ocrx_word' id='word_1_447' title='bbox 1026 4231 1234 4295; x_wconf 89' lang='lat' dir='ltr'><strong>continuentur</strong></span> <span class='ocrx_word' id='word_1_448' title='bbox 1256 4251 1337 4312; x_wconf 90' lang='lat' dir='ltr'><strong>ergo,</strong></span> <span class='ocrx_word' id='word_1_449' title='bbox 1363 4242 1395 4294; x_wconf 91' lang='lat' dir='ltr'><strong>et</strong></span> <span class='ocrx_word' id='word_1_450' title='bbox 1416 4253 1518 4296; x_wconf 90' lang='lat' dir='ltr'><strong>eorum</strong></span> 
     </span>
     <span class='ocr_line' id='line_1_45' title="bbox 171 4318 1517 4403; baseline -0.004 -14"><span class='ocrx_word' id='word_1_451' title='bbox 171 4326 241 4391; x_wconf 80' lang='lat' dir='ltr'><strong>vice</strong></span> <span class='ocrx_word' id='word_1_452' title='bbox 263 4323 421 4389; x_wconf 82' lang='lat' dir='ltr'><strong>omittatur</strong></span> <span class='ocrx_word' id='word_1_453' title='bbox 443 4322 523 4385; x_wconf 89' lang='lat' dir='ltr'><strong>aliud</strong></span> <span class='ocrx_word' id='word_1_454' title='bbox 546 4341 601 4403; x_wconf 91' lang='lat' dir='ltr'><strong>par</strong></span> <span class='ocrx_word' id='word_1_455' title='bbox 615 4320 724 4383; x_wconf 89' lang='lat' dir='ltr'><strong>abhinc</strong></span> <span class='ocrx_word' id='word_1_456' title='bbox 740 4339 832 4401; x_wconf 91' lang='lat' dir='ltr'><strong>usque</strong></span> <span class='ocrx_word' id='word_1_457' title='bbox 849 4321 888 4382; x_wconf 90' lang='lat' dir='ltr'><strong>ad</strong></span> <span class='ocrx_word' id='word_1_458' title='bbox 903 4318 1095 4384; x_wconf 85' lang='lat' dir='ltr'><strong>Constantini</strong></span> <span class='ocrx_word' id='word_1_459' title='bbox 1112 4329 1256 4400; x_wconf 82' lang='lat' dir='ltr'><strong>tempora</strong></span> <span class='ocrx_word' id='word_1_460' title='bbox 1288 4323 1368 4384; x_wconf 90' lang='lat' dir='ltr'><strong>Nam</strong></span> <span class='ocrx_word' id='word_1_461' title='bbox 1389 4322 1517 4402; x_wconf 86' lang='lat' dir='ltr'><strong>eclipses</strong></span> 
     </span>
     <span class='ocr_line' id='line_1_46' title="bbox 172 4405 1516 4487; baseline -0.004 -9"><span class='ocrx_word' id='word_1_462' title='bbox 172 4414 257 4479; x_wconf 86' lang='lat' dir='ltr'><strong>clara</strong></span> <span class='ocrx_word' id='word_1_463' title='bbox 279 4420 443 4487; x_wconf 82' lang='lat' dir='ltr'><strong>testantur,</strong></span> <span class='ocrx_word' id='word_1_464' title='bbox 474 4413 674 4474; x_wconf 89' lang='lat' dir='ltr'><strong>Mercatorem</strong></span> <span class='ocrx_word' id='word_1_465' title='bbox 702 4409 853 4471; x_wconf 88' lang='lat' dir='ltr'><strong>abundare</strong></span> <span class='ocrx_word' id='word_1_466' title='bbox 877 4428 935 4471; x_wconf 93' lang='lat' dir='ltr'><strong>uno</strong></span> <span class='ocrx_word' id='word_1_467' title='bbox 959 4429 1036 4471; x_wconf 91' lang='lat' dir='ltr'><strong>anno</strong></span> <span class='ocrx_word' id='word_1_468' title='bbox 1061 4410 1137 4472; x_wconf 91' lang='lat' dir='ltr'><strong>inter</strong></span> <span class='ocrx_word' id='word_1_469' title='bbox 1160 4407 1211 4474; x_wconf 83' lang='lat'><strong>59.</strong></span> <span class='ocrx_word' id='word_1_470' title='bbox 1236 4417 1267 4472; x_wconf 90' lang='lat' dir='ltr'><strong>at</strong></span> <span class='ocrx_word' id='word_1_471' title='bbox 1289 4405 1365 4474; x_wconf 80' lang='lat'><strong>360.</strong></span> <span class='ocrx_word' id='word_1_472' title='bbox 1391 4409 1516 4475; x_wconf 80' lang='lat' dir='ltr'><strong>Christi.</strong></span> 
     </span>
     <span class='ocr_line' id='line_1_47' title="bbox 173 4497 1515 4579; baseline -0.004 -12"><span class='ocrx_word' id='word_1_473' title='bbox 173 4504 240 4567; x_wconf 82' lang='lat' dir='ltr'><strong>Nec</strong></span> <span class='ocrx_word' id='word_1_474' title='bbox 253 4503 371 4575; x_wconf 88' lang='lat' dir='ltr'><strong>mirum,</strong></span> <span class='ocrx_word' id='word_1_475' title='bbox 392 4500 449 4565; x_wconf 91' lang='lat' dir='ltr'><strong>hoc</strong></span> <span class='ocrx_word' id='word_1_476' title='bbox 470 4500 606 4563; x_wconf 90' lang='lat' dir='ltr'><strong>accidere</strong></span> <span class='ocrx_word' id='word_1_477' title='bbox 626 4499 654 4560; x_wconf 92' lang='lat' dir='ltr'><strong>in</strong></span> <span class='ocrx_word' id='word_1_478' title='bbox 671 4498 842 4560; x_wconf 89' lang='lat' dir='ltr'><strong>consulibus</strong></span> <span class='ocrx_word' id='word_1_479' title='bbox 858 4497 912 4561; x_wconf 88' lang='lat' dir='ltr'><strong>sub</strong></span> <span class='ocrx_word' id='word_1_480' title='bbox 926 4497 1177 4579; x_wconf 90' lang='lat' dir='ltr'><strong>Imperatoribus:</strong></span> <span class='ocrx_word' id='word_1_481' title='bbox 1202 4518 1268 4561; x_wconf 90' lang='lat' dir='ltr'><strong>oum</strong></span> <span class='ocrx_word' id='word_1_482' title='bbox 1282 4499 1361 4561; x_wconf 92' lang='lat' dir='ltr'><strong>Dion</strong></span> <span class='ocrx_word' id='word_1_483' title='bbox 1377 4506 1515 4574; x_wconf 89' lang='lat' dir='ltr'><strong>testetur,</strong></span> 
     </span>
     <span class='ocr_line' id='line_1_48' title="bbox 173 4580 1517 4668; baseline -0.005 -12"><span class='ocrx_word' id='word_1_484' title='bbox 173 4590 286 4656; x_wconf 86' lang='lat' dir='ltr'><strong>multus</strong></span> <span class='ocrx_word' id='word_1_485' title='bbox 308 4590 476 4655; x_wconf 89' lang='lat' dir='ltr'><strong>nominatos</strong></span> <span class='ocrx_word' id='word_1_486' title='bbox 504 4588 642 4652; x_wconf 90' lang='lat' dir='ltr'><strong>consules</strong></span> <span class='ocrx_word' id='word_1_487' title='bbox 664 4586 875 4667; x_wconf 88' lang='lat' dir='ltr'><strong>magistratum</strong></span> <span class='ocrx_word' id='word_1_488' title='bbox 898 4586 935 4649; x_wconf 92' lang='lat' dir='ltr'><strong>ob</strong></span> <span class='ocrx_word' id='word_1_489' title='bbox 958 4586 1090 4668; x_wconf 88' lang='lat' dir='ltr'><strong>inopiam</strong></span> <span class='ocrx_word' id='word_1_490' title='bbox 1113 4605 1171 4648; x_wconf 93' lang='lat' dir='ltr'><strong>uon</strong></span> <span class='ocrx_word' id='word_1_491' title='bbox 1194 4580 1340 4668; x_wconf 83' lang='lat' dir='ltr'><strong>gessisse,</strong></span> <span class='ocrx_word' id='word_1_492' title='bbox 1369 4588 1424 4652; x_wconf 90' lang='lat' dir='ltr'><strong>sed</strong></span> <span class='ocrx_word' id='word_1_493' title='bbox 1446 4608 1517 4650; x_wconf 89' lang='lat' dir='ltr'><strong>ces-</strong></span> 
     </span>
     <span class='ocr_line' id='line_1_49' title="bbox 174 4673 1515 4757; baseline -0.004 -12"><span class='ocrx_word' id='word_1_494' title='bbox 174 4681 254 4745; x_wconf 86' lang='lat' dir='ltr'><strong>sisse</strong></span> <span class='ocrx_word' id='word_1_495' title='bbox 278 4679 358 4744; x_wconf 88' lang='lat' dir='ltr'><strong>aliis.</strong></span> <span class='ocrx_word' id='word_1_496' title='bbox 402 4679 504 4742; x_wconf 85' lang='lat' dir='ltr'><strong>Facile</strong></span> <span class='ocrx_word' id='word_1_497' title='bbox 531 4676 580 4739; x_wconf 90' lang='lat' dir='ltr'><strong>hic</strong></span> <span class='ocrx_word' id='word_1_498' title='bbox 608 4694 691 4739; x_wconf 89' lang='lat' dir='ltr'><strong>error</strong></span> <span class='ocrx_word' id='word_1_499' title='bbox 716 4675 832 4757; x_wconf 85' lang='lat' dir='ltr'><strong>irrepit.</strong></span> <span class='ocrx_word' id='word_1_500' title='bbox 864 4673 940 4755; x_wconf 41' lang='lat' dir='ltr'><strong>,Seu</strong></span> <span class='ocrx_word' id='word_1_501' title='bbox 961 4684 995 4739; x_wconf 93' lang='lat' dir='ltr'><strong>tu</strong></span> <span class='ocrx_word' id='word_1_502' title='bbox 1020 4676 1149 4738; x_wconf 79' lang='lat' dir='ltr'><strong>fumasse</strong></span> <span class='ocrx_word' id='word_1_503' title='bbox 1173 4694 1266 4738; x_wconf 89' lang='lat' dir='ltr'><strong>anuos</strong></span> <span class='ocrx_word' id='word_1_504' title='bbox 1290 4676 1515 4757; x_wconf 88' lang='lat' dir='ltr'><strong>Imperatorum,</strong></span> 
     </span>
     <span class='ocr_line' id='line_1_50' title="bbox 174 4763 1517 4854; baseline -0.005 -19"><span class='ocrx_word' id='word_1_505' title='bbox 174 4772 232 4835; x_wconf 88' lang='lat' dir='ltr'><strong>sub</strong></span> <span class='ocrx_word' id='word_1_506' title='bbox 259 4769 366 4854; x_wconf 88' lang='lat' dir='ltr'><strong>quibus</strong></span> <span class='ocrx_word' id='word_1_507' title='bbox 397 4768 496 4831; x_wconf 86' lang='lat' dir='ltr'><strong>iactae</strong></span> <span class='ocrx_word' id='word_1_508' title='bbox 527 4764 773 4839; x_wconf 85' lang='lat' dir='ltr'><strong>observationes,</strong></span> <span class='ocrx_word' id='word_1_509' title='bbox 805 4763 1005 4828; x_wconf 90' lang='lat' dir='ltr'><strong>indissolubili</strong></span> <span class='ocrx_word' id='word_1_510' title='bbox 1035 4784 1111 4827; x_wconf 85' lang='lat' dir='ltr'><strong>nexu</strong></span> <span class='ocrx_word' id='word_1_511' title='bbox 1141 4783 1208 4827; x_wconf 89' lang='lat' dir='ltr'><strong>cum</strong></span> <span class='ocrx_word' id='word_1_512' title='bbox 1233 4764 1317 4827; x_wconf 91' lang='lat' dir='ltr'><strong>hisce</strong></span> <span class='ocrx_word' id='word_1_513' title='bbox 1344 4766 1517 4831; x_wconf 87' lang='lat' dir='ltr'><strong>consulibus</strong></span> 
     </span>
     <span class='ocr_line' id='line_1_51' title="bbox 174 4852 1518 4941; baseline -0.003 -19"><span class='ocrx_word' id='word_1_514' title='bbox 174 4859 259 4941; x_wconf 79' lang='lat' dir='ltr'><strong>cirea</strong></span> <span class='ocrx_word' id='word_1_515' title='bbox 280 4874 388 4923; x_wconf 87' lang='lat' dir='ltr'><strong>aunum</strong></span> <span class='ocrx_word' id='word_1_516' title='bbox 411 4855 483 4923; x_wconf 80' lang='lat' dir='ltr'><strong>Ghr.</strong></span> <span class='ocrx_word' id='word_1_517' title='bbox 510 4852 571 4920; x_wconf 75' lang='lat'><strong>132</strong></span> <span class='ocrx_word' id='word_1_518' title='bbox 594 4853 758 4936; x_wconf 79' lang='lat' dir='ltr'><strong>conjungis.</strong></span> <span class='ocrx_word' id='word_1_519' title='bbox 804 4852 907 4931; x_wconf 87' lang='lat' dir='ltr'><strong>Dicis,</strong></span> <span class='ocrx_word' id='word_1_520' title='bbox 939 4873 998 4917; x_wconf 89' lang='lat' dir='ltr'><strong>nou</strong></span> <span class='ocrx_word' id='word_1_521' title='bbox 1025 4853 1101 4917; x_wconf 87' lang='lat' dir='ltr'><strong>adeo</strong></span> <span class='ocrx_word' id='word_1_522' title='bbox 1128 4852 1312 4931; x_wconf 76' lang='lat' dir='ltr'><strong>miraudm,</strong></span> <span class='ocrx_word' id='word_1_523' title='bbox 1346 4856 1424 4939; x_wconf 91' lang='lat' dir='ltr'><strong>quod</strong></span> <span class='ocrx_word' id='word_1_524' title='bbox 1449 4857 1518 4939; x_wconf 88' lang='lat' dir='ltr'><strong>plus</strong></span> 
     </span>
    </p>
   </div>
   <div class='ocr_carea' id='block_1_8' title="bbox 0 0 1699 5534">
    <p class='ocr_par' dir='ltr' id='par_1_9' title="bbox 0 0 1699 5534">
     <span class='ocr_line' id='line_1_52' title="bbox 0 0 1699 5534; baseline 0 0"><span class='ocrx_word' id='word_1_525' title='bbox 0 0 1699 5534; x_wconf 95' lang='lat' dir='ltr'><strong> </strong></span> 
     </span>
    </p>
   </div>
  </div>
 </body>
</html>
