3368 5534
164 326 226 399 122
579 334 681 387 Lllsrse
700 334 800 401 Koplerl
819 334 969 403 aliorumque
985 341 1088 389 maurae

161 513 223 563 tam
241 511 309 563 dare.
348 512 401 576 Ego
419 516 496 574 puto.
522 517 548 561 ιε
568 511 671 561 alteram
699 511 925 577 proatbsphaereels
942 519 1048 576 partem,
1066 519 1095 563 ut
1113 520 1138 562 et
1161 511 1307 562 mutiam
1332 510 1414 575 petina
1440 510 1515 560 rado·

162 585 287 635 damone
305 584 458 648 geometrica
476 582 601 647 colligere,
620 598 670 633 non
689 598 745 632 vero
765 586 930 635 mnonomice
949 592 975 633 et
987 587 1069 648 optice
1087 585 1135 634 boc
1154 583 1283 634 ostendere
1301 597 1382 647 posse,
1400 584 1428 632 in
1445 582 1516 632 εώε·

161 663 229 705 mate
248 656 284 704 ita
303 668 358 703 ease
377 661 421 703 ant
440 653 493 702 lieri
511 664 630 717 oportere.
657 655 795 717 implicatio
814 670 910 720 qnoque
933 656 1056 706 indirecta
1074 657 1148 705 tdnm
1167 656 1318 709 diveuarnm
1337 654 1519 705 montilum

162 733 191 776 ut
209 725 380 776 difficultatem
398 726 531 774 maximam
551 725 645 774 calculo
664 727 756 788 injicit,
782 729 819 776 ita
837 727 1001 790 suspicionem
1019 733 1117 783 moret.
1143 726 1290 791 hypothesin
1309 725 1519 777 naturalem-non

163 810 225 847 esse.
244 796 358 852 'Addam
372 810 436 859 quse
448 796 514 845 luter
526 796 681 845 scribendum
693 797 752 845 mihi
766 797 931 848 commodiora
948 799 1001 848 risa
1012 807 1071 848 sunt
1083 798 1116 849 ad
1129 797 1282 848 intellectum
1295 803 1355 847 tuae
1367 794 1519 861 hypothesis.

162 867 295 934 Triplicem
313 875 385 916 mam
404 866 553 916 anomaliam
572 869 607 916 sic
627 868 752 933 intelligo:
773 868 909 918 Constituis
927 869 1062 934 simplicem
1080 869 1188 919 mediam
1207 870 1232 918 in
1246 866 1369 919 circuloE
1384 865 1451 932 (rig.
1465 862 1520 927 37),

163 940 204 988 cul
221 940 247 988 in
267 938 331 987 orsli
349 938 482 1001 respondet
500 937 528 997 Ο,
549 937 646 988 adhoc
664 940 739 1004 igitur
756 948 876 1004 punctum
894 947 1057 1005 coaequalem
1076 941 1205 990 constituis
1217 936 1314 1000 (EAG).
1343 937 1370 988 Sl
1389 952 1520 1003 rerepre-

164 1010 272 1060 daoatnr
289 1009 333 1058 illa
351 1009 419 1059 linea
438 1008 469 1057 ab
488 1008 564 1058 ovslis
583 1017 674 1072 puncto
694 1010 726 1059 ad
750 1010 867 1061 circulum
886 1010 919 1067 D,
939 1018 966 1061 et
982 1011 1016 1061 illl
1036 1011 1089 1061 loco
1111 1018 1288 1077 congruentem
1306 1024 1389 1060 ruram
1410 1010 1439 1059 in
1457 1007 1521 1058 evah

165 1082 301 1146 naualem
319 1080 354 1135 K,
373 1081 420 1130 erit
437 1088 557 1143 punctum
575 1080 749 1130 retardationis
765 1082 800 1142 d,
820 1089 847 1132 et
863 1084 900 1132 sic
912 1082 945 1131 ibi
964 1083 1045 1133 altera
1063 1085 1179 1147 aequatio
1197 1085 1251 1132 erlt
1278 1085 1312 1131 st
1329 1078 1519 1133 mosminse

165 1153 200 1202 ad
217 1151 278 1201 illud
296 1160 415 1217 punctum
433 1153 606 1201 retardationis
625 1155 791 1216 geometricae
810 1152 835 1213 d
856 1152 926 1205 culi
944 1169 971 1204 re
989 1167 1048 1204 vera
1075 1157 1224 1204 comtitusre
1243 1153 1346 1203 alteram
1365 1151 1521 1217 aquaticus

166 1229 263 1289 partem
282 1230 308 1273 ct
327 1222 376 1272 ΔΚ
396 1222 540 1272 distantiam
558 1236 649 1273 veram.
687 1225 721 1273 At
739 1225 859 1274 <limanda
878 1225 952 1275 debet
971 1225 1022 1275 lieri
1041 1240 1085 1290 per
1110 1225 1236 1276 dimidiam
1255 1225 1468 1275 eccennierraoem
1488 1220 1520 1270 ad

166 1293 276 1344 medium
294 1296 319 1342 in
338 1293 404 1343 ovali
422 1291 442 1342 G
461 1308 510 1342 non
529 1293 563 1343 ad
580 1293 624 1351 K;
652 1297 731 1357 major
757 1297 833 1361 igitur
859 1297 906 1345 erit
933 1296 1055 1347 distantm
1077 1299 1104 1347 in
1120 1297 1148 1348 K
1171 1311 1245 1361 quarn
1268 1298 1294 1345 in
1313 1294 1341 1345 G.
1379 1297 1414 1345 st
1430 1294 1521 1358 poteris

165 1365 382 1500 ffinffi
394 1365 673 1499 llgttltllssll
683 1365 1150 1503 0¹⁰il⁰⁰b⁶itl¹3n'l,ltll‘:l
1162 1367 1279 1502 illm
1292 1368 1367 1487 ill.
1382 1363 1522 1487 fflhi

165 1509 323 1631 meliduni&
341 1507 460 1633 iniiam
477 1521 526 1556 non
544 1512 643 1571 oportet
662 1521 790 1567 oxomam,
809 1509 854 1558 sed
866 1524 911 1573 per
928 1511 1037 1575 optlcnm
1057 1509 1184 1574 angulum,
1204 1510 1268 1559 dont
1285 1510 1311 1558 in
1330 1508 1411 1573 prima
1429 1518 1520 1572 aequa·

219 1594 235 1630 a
359 1593 373 1627 e

254 1649 295 1700 Sic
313 1651 397 1699 omnia
415 1664 445 1698 ex
463 1663 512 1697 uno
531 1647 692 1699 fundamento
716 1651 859 1715 procedunt
897 1651 948 1702 Sed
967 1652 1029 1702 torte
1052 1653 1114 1702 istas
1132 1660 1189 1703 tuas
1213 1651 1363 1702 subdiitates
1382 1664 1434 1701 non
1452 1649 1521 1706 Νι

166 1720 232 1788 qnod
249 1724 329 1787 magis
347 1723 440 1784 opinor,
459 1721 566 1784 percipio
585 1717 630 1770 dc.

255 1810 455 1889 Keplerus:
488 1808 641 1890 Recoquis
665 1829 701 1869 ea
724 1810 941 1889 posterioribus
965 1811 1048 1874 hisce
1073 1811 1180 1884 literis,
1204 1831 1280 1892 quae
1304 1821 1336 1873 et
1358 1810 1388 1873 iu
1412 1808 1522 1892 priori-

166 1898 232 1974 bus,
256 1900 310 1961 sed
334 1898 492 1977 dilucidius
500 1917 509 1971 ;
535 1907 635 1959 movet
658 1909 687 1959 te
713 1899 823 1977 triplex
846 1900 996 1979 aequatio.
1044 1901 1160 1963 Verum
1187 1910 1259 1963 suut
1286 1901 1363 1962 duae
1393 1908 1520 1969 tautum,

167 1987 260 2051 tertia
283 1988 393 2051 liberat
406 2007 460 2048 uos
485 1987 523 2048 ab
538 1987 677 2065 opinione
701 1988 822 2062 circuli,
846 2007 912 2050 curn
936 2009 1007 2052 vere
1031 1998 1056 2060 d
1080 1998 1132 2051 eat
1153 1991 1183 2052 iu
1208 1991 1317 2072 ellipei.
1355 1989 1415 2051 Vis
1439 1986 1520 2067 opti·

163 2096 230 2143 tam
251 2076 471 2158 aequationem,
495 2095 562 2137 curu
586 2075 627 2137 sit
649 2085 680 2137 et
703 2094 796 2138 causa
818 2078 944 2158 physica
963 2078 1221 2159 inaequalitatum,
1246 2098 1334 2161 quam
1357 2078 1446 2139 salvo
1468 2094 1522 2157 per

164 2186 266 2229 aream
290 2166 446 2246 trianguli:
475 2165 543 2226 vide
567 2185 667 2249 supra
713 2165 919 2229 Latitudinem
945 2169 1064 2230 lunulae
1089 2168 1164 2231 lacis
1191 2166 1240 2244 15,
1266 2187 1342 2246 quae
1365 2173 1415 2228 eet
1437 2161 1521 2228 4³2:

164 2256 234 2319 vido
258 2274 366 2335 supra3
399 2274 466 2316 cum
490 2254 552 2315 siut
573 2254 740 2333 particulae
765 2253 850 2329 radii
876 2266 908 2318 tu
932 2257 1008 2319 lacis
1032 2257 1148 2319 minuta
1171 2258 1291 2320 circuli:
1325 2256 1393 2317 vide
1418 2272 1521 2336 supra.

166 2344 287 2407 Tribuis
306 2344 374 2405 huic
393 2343 543 2422 ingressui
571 2342 621 2405 15¹
645 2344 674 2404 in
704 2345 856 2406 anomalia
879 2341 950 2419 90⁰,
975 2366 1043 2408 cum
1065 2346 1106 2407 ibi
1130 2347 1254 2408 effectus
1274 2346 1339 2425 ejus
1361 2344 1391 2406 in
1409 2362 1524 2424 aequa·

167 2434 299 2496 tionibus
322 2433 452 2494 eccentri
478 2440 654 2493 evanescat:
689 2432 757 2493 vide
782 2452 884 2513 supra.
931 2435 995 2496 Nec
1018 2445 1105 2516 potes
1129 2453 1326 2516 concoquere,
1362 2433 1442 2516 quod
1470 2448 1523 2512 pro

165 2523 267 2584 valore
291 2521 432 2602 trianguli
449 2521 627 2602 aequatorii,
653 2520 737 2600 cujus
763 2522 844 2584 latus
869 2542 958 2585 unum
974 2533 1023 2585 est
1045 2524 1266 2599 ecceutricitas,
1291 2542 1347 2605 ego
1367 2520 1521 2585 dimidiam

163 2610 420 2673 eccentricitatem
435 2609 598 2688 multiplico
614 2610 642 2670 iu
666 2610 764 2672 sinum
783 2611 951 2674 anomaliae
966 2612 1108 2682 cesenati,
1132 2613 1188 2676 boc
1212 2622 1262 2675 εει
1285 2614 1313 2674 iu
1331 2609 1523 2673 altitudinem

163 2700 306 2780 trianguli
321 2699 496 2780 aequatorii,
521 2699 675 2761 immemor
697 2698 909 2779 principiorum
923 2702 1119 2782 geometriae,
1144 2702 1223 2783 quod
1242 2701 1425 2780 triangulum
1440 2709 1522 2762 rect-

163 2790 304 2869 augulum
327 2790 368 2851 sit
390 2789 542 2851 dimidium
575 2788 612 2849 de
635 2789 917 2868 parallelogrammo
934 2790 1110 2871 rectaugulo
1129 2792 1264 2873 ejusdcm
1288 2788 1469 2865 altitudinis,
1492 2794 1525 2849 et

164 2878 244 2961 quud
268 2878 419 2958 triangula
442 2877 617 2959 aequibasia
639 2878 701 2939 siut
723 2887 757 2939 ut
780 2879 965 2941 altitudines.

253 2968 445 3031 Anomaliam
468 2966 613 3040 mediam,
646 2987 721 3048 quae
745 2987 799 3046 per
822 2978 941 3049 tempus
965 2969 1109 3038 habetur.
1142 2987 1301 3049 perperam
1324 2985 1466 3029 numeras
1488 2966 1519 3029 in

166 3057 333 3121 eecentrico
356 3057 481 3131 circulo,
515 3057 545 3117 in
571 3075 627 3135 quo
652 3056 777 3118 deberes
801 3076 955 3120 numerare
980 3059 1162 3120 anomaliam
1186 3057 1328 3129 accentu,
1352 3074 1407 3118 uec
1430 3064 1520 3137 potes

165 3166 352 3222 assuescere,-
376 3155 411 3208 ut
433 3163 571 3208 numeres
595 3145 624 3206 iu
641 3164 721 3219 area,
747 3164 823 3225 quae
848 3147 954 3209 subest
976 3147 1021 3209 illi
1045 3148 1141 3209 arcui:
1166 3146 1236 3208 vide
1255 3165 1357 3226 supra.

255 3253 331 3316 Cum
360 3253 468 3333 ubique
500 3270 615 3332 crepes,
641 3259 737 3313 totam
770 3252 949 3333 hypothesin
978 3253 1088 3316 debere
1122 3271 1189 3314 esse
1218 3253 1367 3332 opticam,
1401 3251 1526 3313 taudem

166 3343 339 3424 suspicaris,
363 3342 532 3405 naturalem
558 3359 615 3401 nou
640 3360 717 3416 esse,
742 3341 796 3401 sed
820 3351 918 3403 ortam
942 3361 980 3403 ex
1002 3341 1233 3405 ratiocinatione
1256 3341 1286 3402 h.
1311 3360 1338 3404 e.
1363 3359 1401 3405 ex
1426 3340 1525 3421 phan-

167 3435 247 3494 tasia
270 3452 346 3507 mea,
371 3451 406 3493 eo
422 3432 499 3511 quod
520 3439 582 3492 tres
597 3429 659 3491 sint
682 3429 860 3492 anomaliae.
900 3433 1003 3503 Immo,
1027 3432 1085 3494 nisi
1100 3440 1163 3493 tres
1179 3431 1249 3504 sint,
1274 3430 1444 3492 naturalem
1465 3428 1522 3491 de-

167 3522 287 3584 lendere
321 3540 378 3581 non
407 3531 522 3601 potero.
569 3520 648 3580 Nam
681 3519 781 3580 media
803 3541 822 3580 a
850 3540 897 3582 me
922 3520 1006 3581 dicta
1036 3529 1086 3581 est
1117 3539 1256 3582 numerus
1286 3537 1454 3591 morarum
1487 3537 1523 3578 eu

166 3610 323 3673 naturam!
353 3600 508 3672 mora'est
531 3608 559 3669 iu
584 3627 682 3670 rerum
706 3618 823 3670 natura.
863 3609 1005 3671 Eccentri
1030 3609 1179 3670 anomalia
1202 3617 1251 3669 est
1273 3626 1361 3670 arcus
1384 3607 1522 3669 itineris:

167 3720 204 3762 en
228 3699 386 3762 naturam!
411 3699 437 3760 si
463 3697 580 3778 quidem
596 3705 643 3758 εει
666 3698 695 3760 iu
712 3696 796 3759 coelo
812 3698 905 3772 locus,
931 3716 1087 3778 perquem
1110 3699 1236 3777 planeta
1259 3696 1379 3759 transit.
1419 3693 1521 3759 Coae-

167 3799 261 3869 quata
284 3799 332 3851 εει
354 3788 481 3867 angulus
505 3786 630 3848 visionis
654 3806 691 3847 ex
715 3784 787 3849 Sole
812 3788 875 3858 (vel
899 3787 1016 3867 quasi),
1048 3806 1083 3848 eu
1109 3786 1266 3851 naturam!
1304 3785 1399 3858 visio,
1428 3787 1525 3865 opsis,

167 3881 269 3961 optica
295 3897 390 3941 causa
419 3887 466 3939 est
489 3896 537 3938 res
556 3877 585 3937 in
604 3885 721 3938 natura
762 3876 972 3938 Certissimum
996 3885 1052 3951 est,
1077 3876 1177 3938 omnia
1200 3875 1260 3937 tria
1283 3893 1464 3937 concurrere
1486 3872 1526 3935 ad

167 3968 415 4050 inaequalitatem
437 3967 587 4047 planetae.
635 3966 679 4026 Tu
703 3984 774 4027 vero
805 3984 841 4025 ne
866 3984 943 4027 nunc
968 3964 1104 4046 quidem,
1138 3983 1204 4026 cum
1233 3974 1297 4029 tres
1328 3963 1423 4025 babes
1450 3981 1526 4025 ano-

168 4057 287 4128 maliae,
311 4058 389 4120 eabe
412 4055 514 4119 habes.
563 4054 695 4134 Oportet
718 4063 751 4115 ut
774 4054 829 4115 tibi
853 4055 1143 4135 quartamiusuper
1165 4052 1325 4116 nominem.

257 4165 336 4228 Nam
359 4182 415 4245 ego
439 4163 514 4225 duos
537 4162 605 4223 illos
628 4180 732 4236 arcus,
765 4159 929 4239 ellipticum
953 4170 985 4222 et
1008 4161 1201 4235 circularem,
1233 4159 1282 4242 qni
1315 4159 1354 4221 ab
1377 4176 1437 4219 nuo
1460 4157 1528 4220 sinn

168 4254 392 4322 rescinduntur.
424 4271 479 4332 pro
509 4270 567 4311 una
603 4250 752 4311 anomalia
776 4250 906 4311 eccentri
938 4250 1049 4325 babeo,
1084 4251 1140 4311 boc
1163 4249 1348 4322 discrimine,
1383 4257 1416 4309 ut
1440 4266 1529 4309 urna

175 4342 316 4425 ellipseos
341 4344 384 4406 sit
406 4342 458 4404 illa
481 4359 553 4401 vera
572 4349 604 4400 et
627 4339 774 4401 naturalis
798 4339 957 4413 anomalia,
984 4341 1060 4401 dans
1084 4348 1115 4400 et
1128 4348 1326 4419 coaequatam
1348 4355 1403 4417 per
1425 4335 1527 4399 immi-

171 4434 325 4497 nutionem
350 4432 405 4505 sui,
421 4439 454 4491 et
472 4429 622 4509 opticam;
647 4448 734 4491 arcus
757 4447 828 4489 vero
844 4429 946 4490 circuli
970 4431 1012 4491 sit
1035 4428 1107 4490 nihil
1131 4428 1188 4490 nisi
1204 4425 1418 4508 geometricum
1437 4425 1528 4505 ellip-

95 4564 103 4591 ‚·
172 4522 224 4585 tici
258 4541 345 4586 arcus
378 4537 501 4593 nomen,
535 4516 726 4580 mensurandi
756 4536 843 4580 arcus
874 4527 906 4578 et
928 4537 1019 4579 areae
1049 4517 1202 4598 ellipticae
1234 4536 1328 4579 causa
1360 4515 1528 4578 inductum.

173 4611 218 4673 'l'u
242 4630 315 4674 vero
338 4617 483 4691 perpetuo
506 4606 689 4669 obliviscens
711 4606 890 4668 anomaliam
914 4607 1043 4669 medium
1066 4625 1119 4668 seu
1143 4607 1355 4688 temporariam
1378 4622 1529 4687 quaeren-

173 4700 242 4762 dam
265 4719 333 4763 esse
357 4700 387 4763 in
410 4718 482 4762 area
506 4697 657 4778 ellipseos,
683 4695 749 4769 hoc,
773 4695 908 4776 inquam,
932 4696 1112 4758 obliviscens
1136 4715 1173 4758 ex
1198 4714 1268 4757 arcu
1292 4690 1396 4757 circuli
1418 4710 1529 4755 scoen-

172 4789 241 4851 trici
272 4790 348 4851 lacis
372 4790 444 4851 mihi
467 4786 594 4850 mediam
618 4784 814 4857 anomalum,
845 4805 913 4850 cum
937 4786 978 4849 sit
1001 4786 1075 4849 haec
1103 4785 1255 4848 anomalia
1277 4781 1424 4854 eccentri,
1457 4801 1530 4845 rere

176 4879 295 4961 quidem
327 4879 442 4954 media,
476 4877 530 4939 sed
553 4875 723 4960 quantitate
750 4874 829 4938 inter
863 4873 997 4960 reliquas
1018 4875 1107 4951 duas,
1130 4882 1164 4938 at
1190 4892 1249 4937 nou
1281 4890 1373 4937 semu
1404 4871 1531 4957 anuqao
