3374 5528
160 337 225 416 354
641 344 682 400 Da
700 338 809 400 Motibus
828 345 921 401 Stellas
939 347 1028 400 Martis
1049 380 1056 390 -

159 526 336 604 censetur),
358 524 428 590 hinc
450 547 508 591 uon
523 524 641 615 ,injuria
664 527 922 614 dubitare-possit
943 530 1048 605 lector,
1073 550 1110 591 an
1129 527 1222 591 etiam
1242 528 1276 591 in
1299 527 1360 591 hoc
1373 546 1510 610 processu
1537 565 1542 577 ·

159 620 236 699 opus
260 619 302 680 sit
328 618 471 703 primum⁴
489 626 583 679 totam
606 619 722 679 ovalem
748 620 919 692 decurtare,
948 630 1056 701 postea
1079 639 1133 700 per
1155 627 1261 699 partes
1283 617 1395 680 iterum
1418 618 1509 701 aptiae

161 707 295 787 angers?
354 708 435 793 Nam
472 726 509 768 ex
546 707 698 770 schemate
735 708 855 770 videtur
891 727 1050 788 apparere,
1089 706 1355 771 abbreviationem
1381 708 1423 770 ibi
1454 708 1509 771 tere

149 797 322 859 'maximam
350 797 543 876 contingere,
583 796 634 857 ubi
667 806 697 858 et
727 798 978 879 appropinquatio
1015 798 1146 860 maxima
1179 798 1220 859 ad
1250 798 1277 858 B
1307 806 1446 863 centrum
1482 806 1511 861 et

159 905 301 948 vrcrssrm.
404 903 408 910 ·

248 971 365 1060 Quodsi
387 972 502 1054 pariter
525 972 697 1037 incederent
720 973 777 1036 hae
801 975 999 1051 variationes,
1024 976 1182 1038 methodus
1205 975 1293 1037 uobis
1317 976 1383 1040 ista
1405 994 1510 1039 nasce-

154 1072 244 1128 ·retnr
267 1064 459 1142 computandi
483 1064 696 1144 aequationes:
955 1106 960 1117 .

221 1152 422 1216 .Anomalia
444 1153 551 1216 media
573 1155 717 1235 pmmum
740 1159 818 1214 esset
842 1150 944 1227 GBD,
976 1153 1061 1218 unde
1093 1162 1330 1238 compsanaemr
1361 1152 1512 1220 &aaran

136 1241 230 1327 ΘΑ,
255 1263 334 1324 quae
357 1241 473 1309 addita
495 1243 541 1304 ad
562 1243 621 1304 AD
646 1242 832 1305 distantiam
854 1245 984 1306 termini
1006 1242 1138 1306 alterius
1160 1244 1377 1308 mrtecedentis
1398 1245 1440 1307 de
1457 1242 1511 1307 Gn

160 1333 234 1418 (qui
255 1332 377 1415 semper
399 1338 445 1395 est
471 1326 524 1410 1⁰)
548 1340 578 1395 ct
601 1351 724 1396 mamma
747 1332 936 1406 dimidiata,
968 1333 1168 1396 constitueret
1189 1352 1285 1395 araas
1309 1332 1369 1396 CD
1392 1333 1510 1396 distan—

83 1464 86 1469 -
151 1425 240 1497 tiam,
266 1419 462 1502 aequabilem
488 1417 644 1502 (mnium
671 1419 790 1483 scilicet
817 1423 883 1506 ejus
907 1416 1141 1505 punctorum:
1170 1415 1200 1485 'et
1221 1429 1295 1485 lunc
1328 1423 1510 1495 dicamas.

43 1584 46 1589 Α
161 1520 197 1583 ut
220 1519 266 1574 est
288 1509 450 1591 longitudo
473 1510 667 1573 semicirculi
691 1510 734 1573 ad
757 1531 912 1573 summam
941 1512 1173 1576 distantiarum
1196 1512 1339 1575 omnium
1361 1513 1399 1575 in
1421 1513 1510 1574 sarri-

160 1599 288 1674 cs'rculo,
312 1600 360 1660 sic
382 1619 448 1661 esse
470 1602 554 1665 hanc
577 1601 764 1663 distantiam
786 1618 881 1662 arceas
906 1600 964 1663 GD
988 1601 1033 1664 ad
1055 1599 1280 1684 longitudinm
1300 1601 1368 1676 ΡΙ),
1393 1603 1452 1665 lrac
1472 1608 1512 1664 est

56 1687 59 1693 ’
159 1692 204 1754 ad
234 1689 455 1773 apparentiam
485 1710 525 1753 ea
546 1689 572 1750 B
596 1688 700 1770 ipsius
725 1687 789 1750 OD.
837 1688 914 1751 Jam
946 1710 985 1752 erc
1008 1690 1078 1763 FD,
1111 1697 1264 1772 tanquam
1294 1711 1338 1755 ear
1368 1709 1512 1754 mommo

160 1778 273 1865 anguli
302 1776 384 1841 CBD
417 1787 446 1841 et
475 1799 514 1841 ea
536 1777 605 1851 Aa,
629 1779 685 1841 ΑΒ
717 1796 938 1861 quaereremus
968 1776 1053 1841 OAD
1086 1786 1291 1861 coaequatam
1321 1779 1512 1843 anemolm

160 1865 300 1935 breciam
320 1867 374 1931 uia
396 1888 491 1948 quam
507 1870 612 1951 prius.
1284 1890 1287 1897 ¹

212 1956 219 1965 ’
246 1957 292 2019 At
321 1955 400 2017 sciat
423 1957 535 2031 lector,
565 1957 621 2020 has
647 1957 722 2019 duas
745 1932 913 2018 varietates
935 1976 993 2019 non
1018 1956 1170 2019 ambulare
1193 1956 1259 2036 pari
1287 1971 1390 2036 passu.
1439 1956 1511 2019 Nam

159 2042 352 2128 amplificatio
376 2046 487 2127 optica,
512 2067 588 2128 qnae
612 2047 767 2125 oriturmx
790 2046 1077 2127 appropinquatione
1102 2045 1217 2108 itineris
1239 2041 1296 2108 DC
1322 2046 1364 2107 ad
1382 2053 1512 2108 centrum

146 2140 193 2213 ¹B,
218 2135 379 2219 potissima
402 2137 514 2198 accidit
538 2135 617 2198 circa
640 2133 842 2215 longitudines
867 2134 981 2196 medias
989 2155 999 2210 3
1023 2136 1105 2219 pulla
1128 2136 1189 2197 fers
1205 2134 1233 2196 in
1249 2135 1372 2215 aphelio
1388 2136 1510 2216 etperi·

128 2227 256 2295 ,helios
287 2232 462 2300 utcontra,
493 2224 662 2288 decurtatio
690 2225 757 2285 viae
788 2226 899 2299 uvalis,
929 2224 1127 2305 quae‘oritur
1150 2243 1187 2285 ex
1209 2224 1351 2304 ingressu
1374 2226 1510 2305 planetu

133 2318 197 2379 'ad
221 2321 366 2385 centrum,
390 2313 582 2377 circumcirca
604 2331 680 2394 pene
705 2314 839 2392 aequalis
865 2322 920 2376 est.
969 2312 1043 2375 Cum
1069 2313 1146 2376 enim
1169 2313 1244 2375 duae
1269 2313 1440 2379 distantiae
1458 2332 1509 2394 op·

157 2403 332 2489 positaegin
357 2402 592 2482 longitudinibus
616 2404 723 2465 mediis
747 2404 877 2465 eccentri
901 2412 1031 2482 aequent
1054 2404 1129 2464 duas
1164 2410 1272 2464 unctas
1291 2421 1388 2484 prope
1405 2404 1510 2466 lineam

159 2488 314 2580 apsidum,
331 2484 476 2576 ‘alteram
510 2493 628 2574 aphelio
652 2493 795 2568 vicinam,
830 2494 957 2554 alteram
982 2492 1143 2572 perihclio:
1177 2511 1263 2553 arcus
1287 2511 1362 2555 vero
1386 2493 1511 2556 circum·

83 2585 90 2605 “
159 2582 307 2653 terentiae
341 2582 438 2642 uvalis
471 2581 531 2643 sint
554 2582 584 2642 in
607 2589 780 2661 permutata
803 2581 1016 2643 distantiarum
1039 2580 1251 2662 proportione:
1288 2601 1382 2663 quare
1406 2591 1440 2644 et
1461 2582 1512 2645 duo

142 2674 251 2741 :arcui
273 2670 444 2749 hujusmodi
490 2671 520 2731 in
555 2671 789 2751 longitudinibus
822 2672 942 2746 mediis,
980 2670 1094 2733 duobus
1127 2671 1270 2746 arcubus,
1310 2670 1402 2732 alteri
1426 2688 1511 2752 propo

135 2744 310 2845 ''apb'bllum
334 2760 422 2822 alteri
446 2779 537 2840 prope
560 2762 745 2840 perihclium,
771 2762 913 2842 aequales
936 2768 1032 2849 apqnt.
1080 2757 1113 2821 Si
1137 2758 1195 2839 ipsi
1219 2778 1307 2822 arcus
1333 2760 1433 2823 uvalis
1451 2761 1511 2822 vias

132 2849 320 2932 ⁴⁸''urrqnales,
353 2848 421 2930 ipsa
453 2850 544 2911 etiam
578 2849 733 2911 diminutio
768 2850 871 2911 horum
895 2868 1017 2912 arcuum
1046 2849 1180 2910 omnibus
1204 2856 1334 2929 quatuor
1362 2849 1439 2913 locis
1461 2847 1512 2911 erit

70 2920 114 2981 ’θ’
161 2942 225 3009 fers
246 2938 395 3020 aequalis.
441 2938 656 3019 Experimento
681 2959 728 3001 res
753 2946 801 3001 est
825 2939 1028 3019 comprobata.
1067 2937 1101 3001 Si
1124 2957 1251 3019 namque
1270 2938 1411 3001 defectus
1426 2937 1510 3002 semi·

133 3028 265 3094 'circuli
297 3028 393 3090 ovalis
431 3037 478 3089 est
510 3024 565 3090 ‹15‘
601 3026 676 3103 15‘2
720 3026 777 3089 erit
812 3028 948 3090 defectus
980 3028 1077 3108 partis
1110 3028 1511 3109 centesimas-octogesimae

163 3122 199 3184 dc
230 3107 310 3180 ovali
334 3117 414 3179 circa
438 3117 587 3196 aphelium
611 3117 730 3179 circiter
755 3113 828 3179 14⁴¹.
874 3119 919 3180 At
947 3117 1139 3197 amplificatio
1165 3136 1202 3178 ex
1223 3114 1510 3199 app'gopinqnatione

163 3208 259 3272 ovalis
292 3224 350 3268 non
375 3214 486 3285 aequat
510 3227 597 3269 unum
623 3208 785 3269 secundum
808 3207 888 3268 circa
911 3207 1070 3287 aphelium.
1116 3202 1330 3291 Itaqno.·.q‡'od
1353 3207 1511 3288 allegatam

163 3298 315 3360 ocularem
338 3296 502 3358 schematis
526 3296 767 3357 aestimationem
792 3295 909 3372 attinet,
936 3316 993 3358 uon
1017 3304 1064 3357 est
1087 3293 1270 3376 simpliciter
1284 3293 1350 3372 ita,
1381 3304 1416 3358 nt
1437 3296 1510 3379 prius

162 3387 239 3449 hacc
268 3385 400 3464 objectio
430 3384 568 3458 dicebat,
602 3395 636 3447 ut
664 3385 830 3447 decurtatio
864 3386 959 3447 ovalis
992 3393 1023 3448 et
1055 3384 1119 3463 ejus
1143 3384 1336 3465 amplificatio
1359 3385 1464 3467 optica
1482 3403 1510 3445 se

162 3484 264 3538 mutuo
297 3481 501 3553 compensent.
547 3473 640 3536 Esset
664 3475 782 3554 quidem
805 3476 865 3550 ita,
894 3475 920 3537 si
952 3493 1055 3537 omues
1079 3466 1164 3536 arcus
1188 3477 1255 3536 viae
1279 3472 1377 3536 ovalis
1402 3474 1509 3555 objice·

163 3573 267 3628 rentur
290 3571 393 3625 centro
417 3564 443 3624 B
468 3563 592 3626 directe.
629 3565 674 3628 At
692 3564 748 3625 hoc
767 3564 800 3625 fit
819 3572 935 3627 tantum
954 3565 983 3626 in
1003 3563 1237 3644 longitudinibus
1252 3563 1372 3625 mediis.
1402 3564 1509 3626 Versus

166 3654 289 3734 apsidas
313 3671 385 3715 vero
409 3653 439 3714 hi
463 3673 551 3714 arcus
575 3653 709 3714 terminis
734 3652 796 3714 suis
820 3653 1018 3734 inaequaliter
1041 3653 1291 3734 appropinquant.
1337 3650 1440 3723 Quare
1460 3670 1509 3715 non

165 3745 240 3806 tiunt
272 3749 356 3803 tanto
389 3742 518 3822 majores
551 3762 605 3822 per
639 3742 956 3823 appropinquationem
989 3750 1020 3803 et
1054 3742 1275 3822 apparentiam,
1306 3751 1421 3823 quanto
1450 3748 1509 3804 sunt

169 3831 243 3894 facti
266 3830 418 3915 breviores
441 3850 495 3910 per
517 3831 763 3892 decurtationem.

255 3920 361 3998 Itaque
395 3920 472 3981 hanc
500 3921 671 3982 methodum
702 3927 822 3982 secutus
855 3920 1048 4001 aequationes
1079 3918 1188 3982 Martis
1216 3919 1254 3980 ad
1279 3936 1385 3981 omnes
1409 3918 1508 4000 gradm

168 4008 298 4074 eccentri
322 4010 466 4081 exstruxi,
490 4010 578 4090 idque
603 4020 659 4070 ter.
705 4009 784 4071 Nam
807 4009 902 4090 primo
927 4008 1182 4071 eccentricitatem
1201 4027 1258 4070 non
1281 4008 1359 4070 satis
1381 4024 1507 4089 magum

169 4116 380 4170 assumseram,
406 4092 502 4171 9165,
528 4099 713 4174 existimans,
738 4119 784 4159 me
808 4100 885 4160 hanc
899 4100 942 4159 sic
959 4118 1011 4179 per
1024 4098 1179 4178 planorum
1193 4098 1398 4160 tractationes
1411 4096 1506 4197 W

171 4191 278 4253 simam
311 4186 430 4248 secisse.
481 4187 597 4248 Deinde
626 4189 717 4249 etiam
749 4190 816 4268 plus
840 4208 928 4269 quam
960 4184 1039 4251 180⁰
1061 4187 1091 4247 in
1115 4186 1219 4265 regula
1240 4192 1505 4340 posueram&

172 4279 267 4342 minos
290 4295 401 4356 ponere
426 4275 604 4338 debuissem.
656 4279 762 4358 Itaque
786 4298 852 4339 cum
876 4278 924 4340 hic
947 4278 1051 4338 ultima
1075 4275 1208 4356 operatio
1231 4276 1300 4354 plus
1325 4295 1416 4395 quam

173 4367 360 4439 ostenderet,
400 4366 478 4445 quod
510 4365 689 4441 absurdum,
723 4369 852 4429 secundo
884 4365 1011 4429 assumsi
1043 4365 1234 4426 semiovalem
1261 4361 1324 4428 179
1370 4363 1423 4429 W
1447 4360 1503 4428 tt‘t

84 4477 86 4483 ’
175 4458 321 4521 Prodibat
343 4454 434 4534 igitur
458 4455 495 4515 ad
521 4455 700 4517 anomaliam
723 4457 853 4519 mediam
881 4450 1006 4520 ‹150—
1031 4462 1222 4537 coaequata.
1294 4449 1357 4516 ³8⁰
1402 4452 1434 4516 5‘
1455 4447 1505 4517 dl'

242 4566 308 4608 cum
331 4543 444 4606 vicaria
468 4564 533 4625 cap.
558 4545 644 4606 XVI.
670 4545 784 4608 diceret
806 4547 883 4608 hano
940 4593 947 4606 .
994 4591 1002 4608 .
1050 4590 1056 4605 .
1104 4590 1111 4605 .
1157 4589 1165 4605 .
1212 4587 1219 4602 .
1290 4538 1345 4606 38.
1400 4540 1432 4606 4.
1455 4537 1490 4606 bl

1220 4621 1505 4641 ——nfi

1041 4648 1217 4713 Differentia
1433 4714 1439 4723 ,
1453 4645 1488 4712 39

175 4740 225 4804 Ad
249 4740 429 4804 anomaliam
452 4736 513 4804 90⁰
535 4769 577 4780 -
602 4747 767 4823 coaequata
826 4782 1219 4805 ........
1290 4732 1353 4801 79⁰
1376 4734 1432 4806 31‘
1452 4736 1503 4801 ³1¹¹

240 4829 392 4895 Veritatis
415 4829 505 4893 index
528 4829 640 4893 vicaria
663 4873 1219 4894 ...........
1289 4821 1343 4893 79.
1376 4826 1428 4895 27.
1450 4821 1482 4888 lt

1222 4908 1503 4930 *ό

1044 4933 1219 5009 Differentiae
1398 4935 1430 5005 3.
1449 4934 1485 5004 50

899 5063 920 5107 ο
