3368 5534
284 303 347 375 184
765 303 805 359 De
824 305 931 360 Motibus
950 304 1043 387 §teitu
1061 302 1149 360 Martis

222 562 228 575 Ι
277 491 390 572 sorana
414 485 634 568 Ooperaioauu
657 494 722 549 tota
745 492 793 562 ηδ,
817 507 897 568 queue
916 496 1029 567 aequat
1044 485 1110 560 CA,
1125 489 1168 569 fit
1190 494 1328 569 taaperas,
1351 489 1508 568 pariundo
1531 494 1636 550 rectus

283 585 312 639 et
335 582 377 637 da
399 576 523 639 radius.
570 574 659 657 Erpa
682 579 747 653 ηαδ
770 582 815 637 est
841 573 898 637 11⁰
921 573 974 639 23⁴
998 574 1073 640 53⁰.
1120 578 1314 658 Differentia
1341 577 1368 638 l‘
1392 574 1468 639 55“.

371 667 421 726 Ita
448 665 545 737 vides,
585 665 665 745 quod
706 665 915 745 aequationem
952 665 1153 738 eccentrici*)
1177 667 1304 741 attinet,
1337 666 1488 727 minimum
1521 665 1633 745 aliquid

282 755 400 829 deesse,
426 774 483 835 quo
507 753 602 814 miuus
625 754 834 834 hypothesium
860 755 971 815 formae
997 755 1227 834 aequipolleant.

369 843 606 923 Discrepant
634 851 733 905 tamon
762 836 791 904 in
816 842 968 904 distantiis
991 845 1134 923 planetae
1159 865 1177 904 a
1200 845 1267 905 visu
1291 844 1319 905 in
1343 868 1378 918 a,
1414 852 1634 924 proptereaque

282 932 366 995 etin
390 931 712 1013 prosthaphaeresibus
735 933 850 994 annuis.
888 934 967 996 Nam
986 933 1016 993 in
1041 934 1345 1008 lormaPtolemaioa,
1372 942 1405 995 ut
1424 933 1506 994 sinus
1531 933 1635 1009 anguli

280 1020 366 1085 AEc
391 1022 428 1083 ad
445 1021 512 1096 AC,
538 1021 583 1083 ita
605 1021 687 1082 sinus
711 1031 793 1082 totus
816 1022 855 1082 ad
869 1021 937 1094 ΑΕ,
961 1042 1035 1104 quae
1059 1022 1093 1082 tit
1111 1019 1249 1097 101766,
1275 1024 1392 1102 quando
1408 1021 1494 1084 DCE
1512 1028 1560 1083 est
1580 1017 1633 1083 90.

281 1112 325 1175 At
348 1111 377 1172 in
402 1110 610 1191 Cupernicana
632 1134 674 1187 ηα
697 1130 803 1171 secans
828 1119 875 1172 est
898 1112 1001 1191 anguli
1024 1117 1097 1189 qod,
1123 1112 1240 1173 scilicet
1267 1108 1405 1174 102012.
1453 1111 1635 1172 Differentia

281 1195 346 1263 246
371 1201 547 1280 particulae,
573 1203 648 1279 quae
673 1200 702 1261 in
725 1200 988 1280 prosthaphaeresi
1013 1201 1094 1262 orbis
1117 1201 1207 1262 annui
1230 1202 1320 1280 paulo
1349 1201 1445 1279 majus
1470 1200 1542 1279 quid
1566 1200 1634 1258 effi-

281 1310 349 1352 cere
372 1296 515 1369 possunt,
541 1297 573 1351 ut
597 1290 675 1350 inlra
698 1297 783 1369 parte
807 1299 915 1370 quarta
938 1291 1064 1369 patebit.
1111 1291 1276 1352 Possumus
1299 1297 1331 1351 et
1350 1291 1432 1351 illam
1456 1289 1634 1349 minutulam

281 1380 490 1459 aequationem
514 1379 711 1440 differentiam
735 1378 905 1454 obliterare,
930 1379 965 1452 si,
992 1399 1078 1458 quarn
1093 1379 1229 1441 Braheus
1253 1380 1509 1441 eccentricitatem
1523 1377 1634 1438 Martis

280 1468 310 1530 iu
337 1469 430 1530 forma
455 1466 663 1547 Copornioana
692 1468 807 1528 invenit
830 1465 953 1541 20160,
988 1488 1053 1529 eam
1077 1469 1105 1529 in
1132 1469 1226 1530 forma
1249 1468 1434 1530 Ptolemaiou
1462 1475 1634 1527 statuamus

282 1554 401 1620 20103.
455 1557 626 1618 Distantiae
666 1576 735 1618 vero
773 1557 886 1619 formae
920 1555 1144 1636 Copemicanae
1178 1558 1371 1620 Ptolemaicis
1409 1575 1467 1618 non
1507 1568 1635 1635 possunt

281 1647 413 1726 aequari,
438 1646 496 1706 nisi
511 1646 650 1725 aequatio
665 1642 708 1708 43
724 1647 844 1708 minutis
859 1647 1000 1708 variotur.
1025 1647 1059 1708 ln
1075 1647 1203 1728 quadam
1219 1646 1454 1730 aequipollentia
1469 1655 1592 1706 tentata
1608 1645 1633 1703 in

280 1735 441 1817 hypothesi
474 1735 641 1797 tabularum
664 1736 827 1797 Lunariurn
851 1736 1000 1816 Tychonis
1025 1736 1099 1796 dnos
1132 1736 1201 1798 illos
1234 1738 1384 1818 epicyolos
1409 1735 1634 1814 Copernicauos

280 1824 310 1886 in
335 1826 427 1886 talem
451 1826 648 1887 eccentrioum
666 1825 881 1886 Ptolemaicum
901 1844 966 1886 cum
989 1825 1163 1904 aequaturio
1183 1835 1291 1903 punctu
1304 1825 1496 1905 transposui:
1521 1825 1633 1885 nihilo-

228 1922 233 1927 '
283 1914 380 1976 minus
415 1923 514 1975 tamen
549 1922 581 1990 et
604 1915 769 1995 epicyolnm
797 1915 898 1975 addidi
927 1923 1050 1993 propter
1083 1915 1174 1975 aliam
1198 1925 1229 1975 et
1251 1916 1431 1995 peculiarem
1455 1914 1561 1976 Lunae
1588 1913 1633 1973 in-

281 2003 505 2083 aequalitatem.

368 2091 504 2171 Denique
534 2112 600 2153 curn
627 2111 680 2172 per
703 2111 768 2172 cap.
794 2093 833 2152 11.
867 2092 896 2152 in
920 2092 977 2153 hao
1003 2093 1098 2153 forma
1122 2090 1330 2171 Copemicana
1360 2093 1457 2171 major
1481 2089 1632 2171 epicyclus

281 2201 347 2244 oum
371 2201 425 2242 suo
450 2182 638 2243 concentrico
661 2181 883 2260 perfectissima
906 2181 1140 2262 aequipollentia
1162 2183 1260 2259 possit
1288 2182 1444 2263 transponi
1468 2181 1497 2242 in
1521 2177 1631 2243 ecoeir-

283 2270 401 2341 tricum,
425 2272 509 2349 cujus
533 2271 743 2333 eccentricitas
767 2270 808 2330 sit
832 2271 967 2350 aequalis
992 2270 1212 2332 semidiametro
1228 2272 1353 2352 epicycli
1369 2270 1501 2350 majoris,
1526 2287 1632 2347 super-

282 2360 385 2422 addito
423 2378 494 2438 ergo
531 2361 664 2441 epicyclo
698 2361 809 2421 minore
839 2359 897 2438 ipsi
926 2360 994 2420 huic
1018 2370 1157 2421 eccentru
1182 2358 1389 2440 Cupernioano
1414 2366 1556 2421 nascetur
1581 2377 1633 2418 ec-

283 2448 531 2529 centrepioyclus,
554 2451 640 2530 paria
664 2449 778 2510 faciens
802 2449 840 2508 ad
863 2467 990 2526 unguem
1014 2469 1080 2510 curn
1104 2449 1213 2527 duplici
1229 2450 1362 2532 epioyclo
1381 2450 1411 2510 in
1432 2447 1632 2518 comentrico,

287 2557 343 2601 nec
366 2538 434 2618 plus
457 2539 513 2600 hoc
536 2537 602 2619 ipso
627 2539 665 2600 ab
688 2537 854 2600 eccentrioo
878 2538 1062 2600 Ptolemaiou
1087 2559 1152 2600 cum
1177 2547 1325 2620 aequante
1349 2539 1535 2619 discrepans.

863 2805 1049 2814 -ι-...ῌ

858 3020 977 3119 Caput
1008 3018 1051 3092 V.

283 3181 447 3259 Quatenus
469 3179 545 3240 laea
571 3197 692 3259 quoque
719 3179 885 3263 dispositio
908 3180 1043 3252 orbium,
1072 3187 1224 3259 aequante
1252 3177 1301 3241 uel
1327 3179 1465 3240 seeundo
1495 3175 1635 3260 epioyclo

281 3291 352 3344 usa,
376 3270 500 3350 reipsa
522 3287 653 3329 munem
678 3289 744 3332 unu
767 3278 795 3331 et
818 3269 927 3331 eadem
952 3266 1016 3349 (uel
1033 3270 1182 3350 prouime
1204 3290 1270 3331 unu
1292 3277 1320 3330 et
1343 3262 1483 3343 eadm),
1509 3268 1636 3329 diuersa

281 3379 345 3421 uno
368 3366 398 3420 et
420 3357 526 3420 eodem
548 3366 698 3420 ammento
721 3357 902 3440 spectacula
929 3359 1073 3420 celtibera
1092 3360 1210 3440 possit,
1238 3367 1334 3442 prout
1359 3355 1509 3440 planetae
1531 3355 1580 3419 vel
1603 3357 1636 3417 in

422 3445 598 3509 mediaret
620 3448 656 3509 ia
678 3456 850 3530 apparente
873 3449 1068 3531 oppositione
1092 3468 1161 3510 curre
1185 3448 1259 3510 Sole
1282 3451 1489 3510 observentur.

369 3589 420 3652 Fit
443 3589 557 3650 dnobus
588 3588 700 3650 modis:
725 3610 798 3665 nno,
822 3591 850 3651 in
876 3610 933 3671 quo
958 3590 1161 3670 aequipollent
1185 3592 1280 3653 forma
1304 3589 1491 3651 Ptolemaiou
1515 3595 1546 3649 et
1571 3586 1634 3650 Co-

282 3678 461 3761 pernicana:
497 3679 608 3753 altero,
643 3679 690 3758 qni
721 3680 882 3760 peculiaris
906 3688 953 3741 est
979 3680 1091 3740 lorrnae
1117 3678 1359 3760 Cuperuicauae,
1389 3698 1475 3757 quem
1500 3687 1532 3739 ut
1557 3679 1634 3737 alie-

285 3769 399 3833 niorem
428 3790 447 3828 a
474 3776 576 3829 nostro
606 3767 744 3830 instituto
772 3769 854 3849 prius
884 3769 1094 3848 expediemus3
1126 3776 1228 3831 manet
1251 3769 1328 3830 eninr
1353 3780 1384 3830 et
1407 3768 1529 3848 propius
1555 3766 1636 3845 apud

285 3878 353 3921 sese
377 3877 463 3938 quam
488 3857 628 3937 reliquus.

373 3945 485 4009 Centro
509 3971 524 4028 y
546 3947 645 4026 spatio
659 3951 696 4025 γᾶ
719 3946 868 4008 scribatur
891 3946 1086 4019 eccentricus,
1112 3947 1141 4009 in
1163 3966 1220 4027 quo
1240 3971 1280 4026 ay
1302 3947 1343 4008 sit
1365 3947 1459 4028 primo
1474 3945 1540 4006 loco
1557 3942 1636 4004 linea

285 4035 421 4117 apsidum
445 4046 476 4096 et
500 4061 519 4096 a
542 4037 643 4097 visus:
669 4037 856 4098 continuetur
879 4036 952 4097 haec
977 4037 1007 4097 in
1031 4056 1064 4108 s;
1090 4036 1187 4116 sitque
1209 4060 1248 4115 γα
1276 4038 1429 4118 quantitas
1454 4033 1635 4095 eccentrici-

283 4126 358 4189 tatis
382 4128 429 4188 vel
452 4125 529 4186 radii
554 4126 677 4207 epicycli
694 4123 891 4204 Cupernicani
916 4125 1055 4205 majoris:
1080 4145 1149 4186 nam
1169 4127 1205 4187 de
1221 4125 1454 4207 aequipollentia
1477 4123 1633 4202 utriusque

282 4216 395 4277 dictum
423 4223 471 4276 est
502 4215 531 4274 in
556 4215 612 4275 fine
636 4234 702 4295 cap.
727 4216 782 4278 IV.
830 4215 910 4295 Ergo
938 4226 1041 4276 centro
1065 4237 1079 4275 s
1103 4215 1202 4293 spatio
1232 4238 1269 4293 ep
1300 4216 1449 4278 scribatur
1481 4211 1635 4293 epioyclus

283 4305 396 4378 minor3
420 4314 538 4366 etcum
563 4312 610 4365 est
634 4313 767 4366 centrum
792 4306 878 4382 hujus
902 4305 930 4364 in
955 4327 979 4379 s,
1005 4304 1046 4365 sit
1068 4305 1190 4384 planeta
1214 4305 1242 4364 iu
1263 4327 1288 4382 η,
1314 4305 1447 4366 incidens
1471 4301 1501 4363 in
1525 4300 1635 4362 lineam

235 4398 326 4473 stay,
350 4394 394 4455 sio
418 4402 451 4454 ut
474 4398 511 4453 ed
534 4396 730 4455 eccentricum
755 4402 908 4474 percurrat
924 4412 981 4452 non
1002 4393 1103 4467 stella,
1128 4395 1180 4454 sed
1205 4403 1339 4455 centmm
1364 4392 1489 4475 epioycli
1514 4391 1635 4451 stellam

284 4484 419 4546 serentis.
468 4483 525 4542 Per
549 4492 640 4560 caput
674 4484 764 4561 igitur
787 4483 842 4543 IV.
878 4502 1022 4562 expressa
1046 4482 1092 4542 hic
1116 4489 1164 4542 est
1192 4484 1288 4544 lerina
1312 4482 1531 4562 Cupernicana.
1580 4478 1636 4541 Cui

282 4591 337 4654 per
359 4579 450 4654 caput
474 4571 529 4633 ΙΙΙ.
564 4572 782 4634 constituemus
815 4571 905 4633 aliam
929 4571 957 4632 in
982 4571 1110 4633 veritate
1144 4591 1197 4633 seu
1226 4572 1255 4634 in
1279 4571 1460 4634 indicatione
1492 4568 1635 4652 ipsissimi

532 4710 599 4725 -ο-

372 4789 397 4847 ⁸l
419 4774 731 4860 Aequatio‚·'ieceentrici
762 4794 805 4840 ert
836 4787 861 4839 in
894 4788 980 4856 prima
1011 4787 1221 4857 inaequalitate.
1263 4788 1402 4858 Aequatio
1433 4787 1507 4843 orbis
1537 4793 1583 4842 est
1608 4785 1635 4839 in

272 4860 402 4963 *ndu
425 4868 631 4939 inaequalitate.
674 4870 741 4921 item
762 4867 1017 4939 prosthaphaeresis
1038 4882 1137 4923 annua
