3368 5534
815 1349 1103 1447 nrrsrorr
1257 1436 1266 1475 ‚.

568 1559 663 1658 nn
709 1558 924 1660 sonrs
968 1557 1353 1671 nnnrouro

662 1787 741 1866 quod
763 1786 812 1847 die
839 1783 888 1849 12.
914 1784 982 1850 Oct
1011 1781 1094 1849 1605
1118 1786 1253 1867 contigit

786 2178 1123 2259 sassrsrro

367 2337 500 2417 Keplero
524 2337 593 2399 inde
617 2338 655 2400 ab
679 2357 714 2399 eo
737 2345 888 2419 tempore,
914 2358 971 2420 quo
994 2336 1254 2402 observationibus
1277 2334 1495 2399 astronomicis
1519 2355 1633 2419 operam

279 2426 381 2502 dabat,
407 2447 466 2488 non
482 2427 619 2507 contigit,
643 2434 676 2489 ut
691 2429 826 2503 totalem,
844 2447 934 2510 quam
948 2428 1061 2502 dicunt,
1077 2426 1159 2490 Solis
1175 2425 1302 2506 eclipsin
1316 2426 1523 2505 conspiceret,
1546 2445 1634 2509 umus

279 2518 359 2578 tales
383 2515 558 2597 conquirere
581 2516 682 2597 potuit
700 2517 929 2580 observationes
945 2535 1121 2597 magnarum
1136 2513 1291 2594 eclipsinm
1306 2514 1442 2593 priorum
1461 2523 1634 2596 temporum,

279 2606 386 2688 quibus
410 2614 476 2667 tuto
501 2607 591 2667 fidere
614 2607 662 2667 vel
682 2606 839 2682 calculum,
864 2606 982 2688 qualem
1001 2605 1138 2686 optabat,
1161 2611 1370 2685 superstruere
1388 2612 1510 2684 posset
1541 2604 1632 2678 Quare

280 2695 360 2758 omui
384 2715 441 2777 quo
464 2695 565 2774 potuit
588 2695 687 2757 studio
712 2704 902 2758 astronomos
925 2715 980 2757 nec
1004 2713 1062 2756 non
1083 2691 1293 2777 qualesquales
1317 2691 1394 2756 alios
1422 2713 1547 2769 „rernm
1569 2713 1632 2756 coe·

279 2784 400 2847 lestium
418 2785 591 2847 amatores“
617 2785 804 2865 provocavit,
828 2786 992 2847 admonens
1008 2784 1078 2845 illos
1097 2783 1135 2845 dc
1153 2781 1269 2862 eclipsi,
1294 2801 1370 2863 qnae
1389 2783 1432 2845 ad
1447 2783 1477 2845 d.
1501 2781 1553 2847 12.
1571 2782 1631 2846 Oct

284 2871 368 2938 1605
393 2875 468 2936 hora
491 2874 611 2936 circiter
634 2874 800 2936 meridiana
823 2874 1064 2955 exspectabatur.
1104 2873 1139 2933 In
1164 2870 1283 2954 Opticis
1308 2871 1394 2946 (Vol.
1411 2872 1456 2947 H,
1473 2892 1505 2954 p.
1521 2870 1586 2937 288
1606 2882 1632 2933 et

279 2958 360 3037 353)
384 2972 495 3036 monet,
518 2962 595 3024 hanc
619 2963 745 3042 eclipsin
769 2964 871 3036 (Luna
889 2963 1044 3043 perigaea)
1068 2960 1256 3023 commodam
1279 2960 1353 3036 fore,
1376 2968 1412 3022 nt
1436 2963 1579 3043 quaestio
1600 2962 1631 3023 de

279 3051 345 3113 luce
370 3053 474 3115 Lunae
498 3052 622 3133 propria
644 3052 842 3128 decideretur,
866 3052 973 3114 deinde
996 3051 1215 3135 utxobserrata
1236 3050 1341 3113 Lunae
1365 3051 1521 3114 diametro
1547 3050 1631 3126 ,certi

167 3156 172 3163 ·
279 3141 351 3222 quid
376 3142 412 3203 de
436 3160 508 3202 vera
528 3141 631 3202 Lunae'
655 3141 879 3204 eccentricitate
903 3140 1038 3202 concludi
1060 3139 1192 3221 possit“.
1225 3139 1260 3200 In
1285 3139 1361 3201 libro
1379 3139 1419 3201 de
1433 3140 1529 3203 Nova
1542 3140 1632 3205 Stella

280 3232 341 3305 (Il,
364 3244 394 3310 p.
421 3226 500 3302 696)
531 3229 609 3292 hanc
639 3230 763 3310 eclipsin
797 3232 902 3305 affert,
936 3241 969 3291 ut
997 3229 1104 3310 probet
1131 3228 1233 3305 „coeli
1260 3228 1419 3292 materiam
1447 3229 1630 3293 alterabilen

280 3322 380 3381 esse“.
422 3320 459 3380 In
483 3318 580 3379 literis
602 3320 731 3401 privatis
755 3320 836 3381 viros
867 3320 943 3381 adiit
965 3319 1113 3399 Keplerns
1136 3319 1339 3380 astronomica
1362 3319 1506 3381 doctrina
1529 3321 1631 3389 claros,

279 3418 313 3470 ut
336 3410 364 3469 in
390 3409 466 3469 hunc
490 3427 577 3487 quem
600 3410 729 3471 diximus
753 3412 838 3472 linem
863 3409 970 3470 attenti
990 3416 1095 3470 essent
1113 3407 1217 3487 eclipsi
1237 3407 1353 3470 futurae
1373 3416 1406 3468 et
1425 3427 1521 3489 quum
1545 3410 1632 3471 minus

280 3518 369 3580 quarn
402 3497 542 3576 cupiebat
572 3499 706 3578 responsi
735 3501 904 3578 acceperit,
935 3497 1058 3578 publica
1085 3496 1217 3576 epistola
1245 3515 1313 3557 cnm
1342 3498 1525 3577 petitionem
1555 3516 1632 3560 suan

278 3586 400 3666 repetiit
424 3602 486 3647 rum
510 3607 594 3647 suam
618 3588 712 3667 ipsius
732 3587 972 3677 observationem
989 3585 1132 3647 exhibuit.
1170 3585 1324 3647 Volumini
1338 3585 1411 3647 XV.
1429 3588 1509 3648 Mss.
1528 3588 1630 3649 Petro·

278 3677 338 3757 pol.
364 3676 443 3737 inest
474 3687 653 3755 conspectus
685 3695 802 3750 eorum,
820 3676 939 3757 quihus
972 3675 1141 3737 transmisit
1162 3674 1312 3755 Keplerns
1336 3677 1517 3755 opusculum
1543 3695 1630 3745 suurn,

298 3766 328 3828 ui
352 3775 439 3827 sunt:

278 3787 297 3849 q
369 3870 481 3930 „Galliae
495 3872 586 3936 Agenti
599 3869 624 3924 ².
644 3872 709 3935 gehu
721 3871 805 3929 Paris,
824 3870 922 3920 lesnitis
940 3868 957 3919 1
976 3869 1042 3935 gehn
1051 3868 1123 3921 Rom.
1142 3870 1168 3918 in
1180 3867 1340 3925 Niederland.
1359 3867 1455 3927 tiaris,
1475 3870 1628 3937 ffispun

278 3943 408 3994 Wackerlo
428 3942 453 3997 2,
472 3941 589 3991 Barvitio
608 3940 624 3988 5
642 3942 709 4006 gehn
726 3942 807 3995 Rom.
826 3943 852 3990 iu
870 3941 1037 3999 Niederlandr
1057 3940 1168 3990 Gotln‘ed
1185 3937 1202 3987 2
1220 3939 1286 4004 genn
1304 3939 1456 4000 francium
1475 3940 1628 3995 Bodeu'ct,

278 4014 412 4065 Herwardo
441 4013 506 4078 gehu
526 4011 667 4068 Mulucham
696 4012 866 4063 Sohnueckart
890 4011 906 4060 2
929 4013 994 4077 gelrn
1013 4013 1185 4068 Amsterdamr
1208 4026 1256 4059 von
1274 4010 1385 4061 Polhsim
1405 4011 1422 4059 ’2
1446 4014 1515 4074 gaha
1534 4013 1627 4066 neu·

278 4086 353 4150 berg;
374 4086 479 4134 Odontio
501 4084 511 4131 1
534 4083 599 4149 gebu
614 4083 709 4140 Altori;
729 4084 866 4134 Bacchatio
887 4083 909 4144 1,
929 4084 1021 4149 Byrgio
1037 4083 1059 4144 l,
1078 4082 1223 4133 Memhnrdo
1245 4081 1266 4137 l,
1287 4080 1421 4133 Maestlino
1439 4085 1462 4141 l,
1483 4084 1591 4137 Melo
1607 4083 1626 4137 l.

279 4155 413 4206 Messalino
436 4155 457 4216 l,
477 4155 528 4204 und
550 4155 560 4202 l
582 4170 613 4202 zu
632 4154 737 4204 Galliam
756 4171 799 4219 per
817 4155 973 4205 Fleinerium.

369 4228 499 4277 Wackeriu
519 4226 551 4275 25
570 4227 629 4281 alia,
649 4226 774 4276 Bauer-ilio
787 4224 823 4287 (1)
844 4223 860 4273 1
880 4227 938 4285 slis,
959 4225 1106 4275 Corredncic
1121 4224 1145 4279 l,
1164 4225 1261 4275 Veneto
1274 4220 1299 4279 1.
1320 4224 1463 4276 florentino
1477 4223 1504 4285 3,
1526 4225 1625 4281 curat

281 4296 428 4349 Corraducio
449 4295 473 4355 3,
493 4297 661 4347 Maximiliauo
684 4298 705 4357 l,
724 4297 838 4347 Palatino
857 4297 938 4347 Nenb.
959 4295 984 4354 3,
1003 4296 1096 4347 Hallsr.
1133 4292 1148 4343 3
1167 4296 1232 4346 Italo
1250 4294 1333 4351 Scor..
1352 4294 1473 4361 Magius,
1492 4297 1509 4347 2
1529 4301 1625 4353 risu.

280 4367 357 4419 Leoni
377 4373 401 4419 iu
421 4371 523 4419 frisiam
542 4367 566 4417 8.
605 4368 749 4418 Lehmanno
767 4369 875 4425 Helvet,
894 4369 1008 4419 Rolando
1027 4369 1059 4418 ad
1077 4369 1197 4431 Lipsiam,
1216 4367 1333 4433 Waggsr,
1353 4365 1473 4420 Poltaiar.
1513 4371 1625 4423 fficio.

282 4439 380 4498 Schola,
399 4443 511 4496 Francis.
532 4440 692 4497 Ritterhusio,
711 4441 878 4504 Brnnowsk53
897 4441 1023 4490 Basileam
1044 4439 1068 4496 1.
1088 4439 1188 4491 Caelio
1206 4436 1250 4489 1.“

369 4513 438 4563 ldem
457 4514 580 4561 Volumsn
599 4512 698 4562 exhibet
715 4527 858 4577 responsum
878 4512 999 4563 Caralii
1016 4511 1097 4562 hunc:

441 4601 514 4651 Edlsr
531 4599 709 4664 Hochgslcrter
728 4637 734 4649 .
755 4638 761 4650 .
782 4638 788 4649 .
809 4603 928 4668 gelisbter
945 4601 1025 4651 Hert!

372 4672 440 4722 Mein
458 4673 570 4738 villigste
590 4672 670 4722 <lienes
689 4673 769 4722 naban
787 4674 940 4740 wdmchung
958 4674 1019 4725 aller
1036 4671 1165 4722 volliahrt

372 4743 424 4793 Das
443 4745 481 4793 ich
501 4745 557 4794 dem
575 4744 655 4794 Herm
673 4745 699 4793 in
723 4744 811 4809 langor
828 4746 885 4796 Zeit
909 4745 978 4796 nieht
1000 4745 1176 4811 gesnhrieben.
1201 4744 1235 4793 ist
1257 4744 1294 4793 nit
1319 4743 1360 4793 dis
1378 4743 1489 4799 Vrsaelr.
1516 4746 1572 4796 dara
1589 4741 1623 4794 Ιώ

282 4815 363 4864 seiner
382 4830 512 4880 rarssesssn
530 4815 598 4866 hetta
623 4814 682 4866 odor
704 4817 730 4866 in
752 4818 840 4867 ssinsn
864 4819 944 4868 dienst
968 4819 1005 4866 nit
1027 4823 1121 4882 gavdet
1144 4821 1217 4866 vtra-
1255 4813 1368 4869 Soudeta
1390 4816 1433 4868 dic
1451 4815 1622 4871 mamilli&
