3368 5534
168 275 231 348 164
694 281 848 347 Argumenta
870 280 994 349 capitum.

261 458 335 524 Cap.
356 456 431 510 XXX.
457 458 600 509 Dirtantire
613 456 676 508 Solir
695 463 721 507 et
738 457 831 508 Terrae
848 459 874 509 in
892 457 980 509 tabula
997 464 1150 524 exponuntur
1168 458 1302 526 medurque
1318 460 1422 512 docetur
1435 476 1522 513 excer-

165 531 251 598 pendi.
278 532 319 597 qui
343 532 391 580 etri
419 531 556 581 ostenditur
579 529 697 580 excedere
722 528 811 578 limiter
833 530 1005 594 principiorum
1030 533 1201 586 eteircuitum
1219 532 1306 582 dderir
1325 533 1423 584 orrlem
1441 535 1524 585 efficit

166 605 269 668 ideoque
287 608 405 667 prereeat
421 605 488 664 jurte
507 602 540 651 ad
557 601 687 665 sequeutia
706 602 790 663 capita
807 599 894 651 XXXI
914 600 966 651 XL.
985 601 1075 651 XLIV.
1095 602 1150 664 LV,
1169 604 1211 652 ubi
1224 603 1352 668 rcrupulur
1362 604 1403 656 liic
1413 606 1524 656 tollitur:

164 690 215 726 neu
232 681 317 725 tamen
335 673 483 724 sensibiliter
501 674 568 723 abire
587 673 689 723 docetur
707 672 739 721 ab
757 673 796 729 iir,
816 687 879 738 quae
898 672 1019 724 hactenus
1037 680 1108 724 eraut
1127 674 1305 725 demonstrata

258 761 333 826 Cap.
353 761 441 812 XXXI.
480 761 611 812 Metuebat
628 760 741 812 Braheur
759 776 791 811 ue
809 763 904 812 bireeta
923 759 987 811 Solia
1006 763 1193 813 ecceutricitate
1212 777 1271 813 ruar
1289 764 1335 826 ipri
1354 765 1521 828 uquroourr

165 833 230 886 Selir
248 833 381 885 turbarem.
425 834 474 885 ffic
492 849 550 900 erqo
568 839 649 882 metue
668 832 760 882 tollitur
777 833 960 887 demourtrete.
980 847 1024 883 reu
1041 848 1085 896 per
1102 835 1225 899 integrm
1243 835 1458 886 eeeenmieitrtem
1478 850 1523 886 reu

165 921 210 970 per
224 906 357 959 timeam
383 919 428 955 reu
455 919 499 968 per
525 904 718 969 duplicationem
737 907 789 966 elur
809 903 873 967 quod
892 917 909 953 a
926 902 1028 954 dimidia
1046 907 1233 955 ecceutricltate
1251 908 1397 963 urtrnitu.
1422 921 1521 971 reruper

138 988 142 996 '
166 977 271 1028 eandem
301 976 327 1024 in
355 973 413 1025 Sole
439 976 536 1040 prodire
562 975 745 1040 aequationem.
788 975 858 1025 Aitna
876 975 951 1039 igitur
978 975 1104 1040 rcrupuiur
1132 981 1171 1025 ert
1198 991 1253 1041 erp.
1281 976 1356 1026 XXX.
1388 977 1453 1028 eliur
1481 978 1523 1029 bie

164 1062 221 1113 cap.
246 1046 334 1098 xxxi
371 1047 409 1097 Ibi
434 1047 592 1097 metuebatur
617 1046 754 1106 ἀίιιιιιιίὶι,
787 1046 827 1096 hie
854 1047 972 1096 metuitur
999 1047 1187 1111 aequatienibur
1210 1046 1365 1107 BraheauIrr
1390 1050 1425 1099 ibi
1444 1063 1524 1100 caura

167 1127 249 1170 matur
268 1124 307 1168 ert
324 1118 404 1184 figura
422 1119 525 1175 itiuertr.
543 1117 584 1168 ate
603 1117 798 1169 eecentrititatir
815 1118 898 1167 ratio:
916 1117 967 1167 iilic
985 1119 1125 1183 anticipata
1142 1119 1190 1168 tuit
1207 1119 1386 1176 cenridmtie.
1405 1120 1447 1172 iric
1465 1136 1522 1185 pre·

164 1193 220 1257 pria
237 1190 310 1253 betur
327 1190 383 1240 loci.

254 1261 327 1326 Cap.
345 1261 446 1312 XXXII.
483 1260 591 1310 Primum
608 1259 637 1309 fit
655 1259 780 1316 Inductio,
806 1273 892 1310 omnen
916 1260 1015 1310 omuino
1034 1260 1149 1324 piaretur
1167 1261 1203 1311 uti
1222 1268 1347 1327 aequante
1366 1262 1459 1313 circuio
1478 1277 1524 1314 rer

164 1333 300 1384 bireotione
323 1333 517 1384 eoceuuioitrtir
535 1332 621 1396 puncti
638 1330 784 1395 requatorii.

254 1403 333 1468 Super
350 1404 399 1454 bec
415 1405 561 1468 principium
580 1403 732 1468 geometrica
750 1402 958 1452 demeurtrrtiene
976 1403 1110 1452 exrtruitur
1126 1402 1265 1455 mirantia
1282 1403 1346 1455 hoc:
1365 1418 1449 1455 merar
1467 1405 1522 1470 pia·

167 1481 243 1526 natae
267 1477 293 1524 iu
319 1477 463 1540 aequalibur
489 1475 595 1525 arcubur
621 1474 729 1523 ecceutri
753 1475 931 1538 propertiouari
949 1488 1004 1523 eum
1023 1475 1133 1524 direerru
1151 1475 1267 1538 planetae
1287 1484 1428 1540 rpurreto‚
1455 1477 1522 1526 unde

166 1547 292 1612 eenrurqit
309 1548 491 1598 eeoenmicitar.
530 1546 638 1610 Arrigite
657 1558 730 1594 aurer
747 1544 848 1608 phynici,
867 1544 907 1595 irie
925 1545 992 1595 enim
1004 1545 1289 1609 deliberrtlorurcipitur
1305 1547 1337 1597 de
1359 1548 1521 1611 imprerrleue

164 1619 190 1667 iu
214 1625 321 1668 rostram
339 1620 492 1682 provindrm
509 1616 633 1669 iacienda.

258 1705 332 1772 Gap.
352 1707 466 1759 XXXIII.
491 1707 549 1758 ianr
571 1706 638 1757 euim
657 1718 686 1754 ea
707 1702 862 1754 conclurieue
880 1704 1094 1756 demonstrationis
1112 1706 1262 1770 praemirrre
1280 1712 1306 1756 et
1324 1706 1451 1770 rdJuocut
1470 1708 1523 1757 aii'r

169 1779 332 1831 ariomab'bur
350 1793 417 1829 mere
435 1778 542 1843 phyricir
561 1786 587 1828 et
607 1776 725 1826 conterrir
744 1776 876 1834 evincitur,
905 1776 1037 1827 dictandas
1059 1777 1177 1841 planetae
1195 1791 1211 1826 a
1229 1784 1314 1828 oeutm
1333 1779 1400 1828 uude
1420 1792 1521 1844 compu-

168 1858 238 1903 tatur
261 1852 433 1902 eecentricitar
457 1865 512 1900 erre
531 1862 620 1899 caurar
639 1848 828 1912 diepenrrtricer
846 1861 968 1897 morarum
986 1849 1103 1912 planetae
1121 1850 1146 1897 iu
1166 1848 1309 1913 aequalibus
1328 1852 1463 1901 eeeentricl
1483 1866 1522 1900 ar·

168 1925 256 1976 robur.
293 1921 408 1973 Secunde
427 1922 537 1981 deeetur,
558 1933 648 1971 eaurar
665 1919 711 1970 bar
730 1918 920 1981 dirpeuratricee
937 1934 1060 1970 morarum
1072 1919 1181 1970 reridere
1191 1921 1216 1968 iu
1230 1921 1405 1971 detentionum
1417 1923 1522 1971 termine

167 1996 256 2051 altero,
275 1995 316 2058 qui
336 1993 459 2043 dirtantiie
478 1992 589 2042 omnibur
608 1998 648 2041 ert
665 1990 812 2042 eommunia:
836 1990 932 2040 rcilicet
954 1991 978 2039 iu
998 2003 1081 2041 cenem
1100 1993 1242 2054 ryatematir
1259 1992 1400 2056 planetarii.
1438 1993 1522 2044 Tertio

168 2066 301 2117 arrumitur
314 2064 347 2113 ad
364 2064 427 2114 bace
446 2066 482 2114 ric
494 2064 673 2120 denumerata,
693 2062 781 2127 partim
801 2075 831 2110 ex
847 2060 953 2112 Parte
971 2062 1085 2124 Prima,
1104 2068 1133 2111 ut
1145 2063 1303 2126 probabiliter
1315 2064 1521 2123 demonatmurn,

166 2138 257 2202 partim
284 2150 314 2185 ex
333 2134 458 2196 Quarta
488 2142 519 2185 et
545 2135 667 2195 Quinta
692 2131 869 2189 Partibus.
894 2140 922 2182 ut
940 2135 1079 2184 ueoerrarie
1098 2140 1124 2184 at
1141 2135 1292 2200 geometrice
1311 2135 1523 2193 demourtratumr

164 2210 255 2272 partim
275 2208 350 2257 ettam
369 2206 417 2257 boc
435 2207 488 2270 ipre
506 2206 560 2258 leco
578 2213 606 2255 et
623 2215 693 2269 parte
712 2201 868 2254 Secunda
885 2204 1010 2267 probabile
1028 2205 1146 2261 efficitur.
1172 2206 1251 2269 iprum
1275 2220 1362 2271 corpur
1381 2205 1448 2259 Selir
1466 2221 1522 2258 erre

163 2281 188 2330 iu
207 2284 293 2330 caeno
311 2278 454 2342 ryrtematir
472 2277 611 2341 planetarii.
650 2274 745 2336 Quarto
763 2274 821 2325 hiue
837 2278 890 2337 jam
908 2283 1101 2327 conrentaueum
1121 2276 1240 2338 efficitur,
1259 2278 1375 2328 mrtutem
1393 2280 1522 2331 tetricam

164 2365 207 2401 reu
226 2364 350 2400 morarum
369 2350 573 2414 dirpeurrtricem
591 2361 646 2398 cere
664 2348 689 2396 iu
707 2359 807 2409 corpere
825 2343 898 2396 Solia.
935 2348 1066 2399 Accedunt
1083 2356 1232 2414 argumenta
1249 2349 1360 2413 pbyriea

255 2421 326 2473 Iunc
344 2422 423 2472 obiter
439 2420 542 2470 insertur
560 2426 587 2469 et
603 2418 664 2475 boo,
690 2416 773 2466 Solem
791 2418 816 2465 iu
836 2425 920 2467 eeueo
938 2419 1022 2468 mnudi
1040 2421 1180 2485 quiereere.
1200 2419 1302 2471 Terram
1321 2421 1390 2471 eirea
1408 2428 1522 2471 ceum

165 2493 251 2543 muudi
269 2493 368 2543 mereri.
405 2491 454 2542 Hic
473 2491 655 2542 animadvertat
672 2488 805 2556 phyricur,
831 2490 1014 2552 rpeonlatiouer
1031 2491 1077 2540 hrr
1094 2491 1210 2555 pbyricar
1227 2493 1299 2542 inuiti
1317 2494 1395 2542 metui
1407 2492 1522 2549 Tellur'a.

167 2564 214 2615 red
241 2563 340 2614 aliunde
368 2563 455 2613 deduci
483 2571 509 2612 et
533 2563 616 2612 ralere
639 2569 693 2610 tam
710 2560 736 2608 iu
754 2558 846 2609 Brahei
865 2574 938 2624 quam
956 2563 981 2610 in
1000 2560 1131 2626 Cepernioi
1149 2564 1284 2614 renteetia.
1321 2562 1388 2625 Quin
1408 2565 1522 2628 petiuae

166 2637 291 2688 centrario
310 2635 348 2684 bie
365 2635 424 2698 iprir
442 2633 650 2699 apecuiatienibur
673 2635 726 2695 jaer
744 2639 825 2680 metor
844 2631 948 2681 Tellurir
966 2640 992 2682 et
1009 2635 1077 2696 quiea
1095 2633 1159 2684 Selia
1177 2634 1375 2684 inwdidcautur.

254 2706 347 2768 Quinte
365 2706 554 2762 demourtratur,
572 2706 686 2754 rinuteur
699 2702 825 2752 metricam
834 2702 909 2766 piane
921 2710 950 2752 ut
958 2704 1038 2754 lucem
1051 2706 1158 2769 recipere
1170 2707 1332 2770 quantitatem
1344 2707 1523 2770 extenuariqrre

168 2780 194 2831 iu
212 2780 300 2842 maiori
318 2777 421 2835 ambito.
442 2776 586 2827 condensari
606 2777 631 2825 in
650 2776 744 2824 minori.
781 2773 856 2827 Serto
874 2773 932 2824 binc
950 2775 1145 2834 demourtratur,
1171 2777 1196 2827 id
1218 2777 1283 2841 qnod
1305 2783 1390 2827 meret
1406 2777 1523 2841 planetae

168 2851 200 2901 de
217 2849 271 2900 loco
291 2850 317 2899 in
334 2848 429 2908 lecum,
448 2852 502 2898 erre
520 2848 627 2914 rpeciern
646 2847 837 2896 immateriatam
857 2849 910 2909 elur
927 2848 1038 2904 rimutb,
1056 2861 1122 2912 quae
1139 2849 1164 2899 iu
1183 2862 1284 2914 corpore
1303 2846 1368 2898 Seiir
1386 2855 1435 2907 ert,
1454 2849 1523 2899 rini-

165 2921 214 2973 lem
232 2921 324 2985 rpeeiei
342 2921 524 2971 immateriatae
542 2920 612 2969 lucie.

253 3008 323 3074 Cap.
343 3008 454 3060 XXXIV.
491 3007 629 3058 Pertexitur
651 3006 788 3070 rpeeuiatio
810 3006 913 3070 pbyricr
936 3007 1164 3073 demourtraturque
1187 3021 1218 3057 er
1234 3007 1392 3072 praemlrrla.
1412 3010 1522 3072 rpeolrm

165 3081 233 3131 illam
257 3083 371 3139 virtuti,
397 3092 462 3145 qure
487 3079 555 3129 rabit
578 3079 714 3143 penetra.-
731 3092 774 3141 per
794 3078 880 3128 mnndi
903 3077 1088 3141 amplitudinem
1105 3080 1234 3129 circumire
1252 3080 1332 3128 iurtar
1348 3079 1459 3130 dumlulr
1476 3094 1522 3131 rer

164 3153 271 3207 torticir.
290 3152 393 3204 ealeriur
411 3166 485 3217 quam
502 3151 626 3214 planetae.
658 3149 773 3201 Secunde
790 3148 848 3199 binc
866 3149 1055 3206 demourtratur,
1074 3156 1101 3199 et
1114 3164 1201 3214 corpur
1215 3149 1277 3200 Soiir
1290 3151 1522 3202 eireraremrm

165 3226 289 3276 converti:
309 3225 349 3274 ubi
367 3223 527 3287 probabiliter
543 3222 693 3286 periodicum
711 3219 899 3285 tempurlrujur
918 3221 1082 3270 convertionIr
1099 3223 1228 3286 inquiritur
1240 3221 1359 3286 rimuique
1369 3221 1520 3287 dlrputatnn

166 3296 223 3361 quid
242 3296 343 3346 Terram
365 3294 471 3359 quidque
491 3293 588 3343 Lunam
613 3299 719 3342 moreat.
756 3293 839 3341 Tertio
858 3306 944 3355 corpur
963 3290 1026 3341 Solio
1045 3292 1161 3356 probatur
1179 3307 1234 3344 erre
1252 3293 1322 3357 quari
1339 3296 1518 3360 magedon

163 3368 197 3417 Et
214 3367 350 3417 orteudieur
368 3365 478 3431 exemplo
497 3365 610 3423 Tellurir,
630 3379 683 3415 erre
701 3371 832 3428 magnetes
855 3364 880 3413 in
899 3362 974 3413 coele.

256 3455 332 3519 Cap.
351 3454 451 3504 XXXV.
482 3453 594 3516 Objeetio
613 3453 722 3510 reicitur,
742 3465 774 3502 au
794 3457 874 3501 metue
892 3451 1007 3509 riderem,
1025 3451 1046 3501 ai
1065 3465 1094 3502 er
1113 3450 1170 3503 Sele
1189 3459 1235 3516 ert,
1253 3453 1401 3518 impediatur
1413 3455 1520 3522 interpo-

170 3529 220 3577 ritu
238 3541 373 3590 corporum,
393 3533 423 3575 ut
440 3526 493 3575 lux:
512 3539 611 3590 unaque
629 3524 708 3574 muita
727 3539 757 3574 ex
775 3525 857 3588 capite
875 3524 991 3587 repertori
1009 3523 1174 3575 iilurtrautur:
1193 3524 1313 3590 quomodo
1331 3525 1428 3578 reilicet
1445 3529 1522 3578 vlrtar

168 3600 257 3649 metrir
276 3606 302 3648 et
319 3598 361 3647 lux
379 3604 503 3663 cognotae
521 3599 572 3647 rint
590 3604 615 3646 et
633 3597 713 3647 altera
731 3595 832 3645 alteriue
850 3609 940 3644 comer.

255 3686 325 3751 Gap.
347 3684 459 3737 xxxvi
498 3683 629 3734 Solvuntur
648 3685 713 3734 aliae
732 3682 892 3745 obiectioner.
930 3682 1013 3735 Prima
1036 3682 1133 3748 quidem
1151 3685 1301 3750 geometrice
1320 3686 1460 3744 turtum.
1480 3702 1520 3738 ar·

165 3764 316 3826 pumentam
335 3770 352 3806 a
369 3766 461 3822 puncto
481 3757 587 3821 corporir
606 3754 670 3806 Seiir
689 3756 722 3805 ad
739 3757 839 3810 lineam,
859 3754 891 3804 ab
909 3753 957 3804 irae
975 3754 1008 3803 ad
1027 3755 1181 3818 ruperiiciem
1199 3760 1253 3820 elur
1271 3756 1372 3821 planam
1381 3759 1521 3810 uerum

166 3831 337 3894 apparentiam
357 3836 383 3878 et
401 3829 437 3878 rio
456 3829 531 3879 etiam
551 3828 584 3877 ad
601 3828 765 3893 rpbrerlcam,
785 3833 813 3874 ut
833 3827 939 3883 evincet,
957 3825 1038 3876 lucem
1051 3827 1133 3892 rparqi
1147 3827 1197 3876 alia
1208 3829 1365 3892 proportione
1375 3828 1518 3887 deariutb,

164 3915 238 3966 quarn
266 3906 295 3950 ut
319 3901 474 3964 aequiparari
497 3900 574 3963 periit
591 3900 673 3949 virtuti
692 3900 794 3948 metrici.
833 3895 883 3947 Sed
902 3897 1062 3961 respondetur
1081 3900 1245 3963 exprincipiir
1260 3900 1355 3964 eptioir,
1370 3901 1519 3967 principIun

166 3972 389 4037 argumentatiouir
408 3986 457 4020 neu
476 3985 547 4034 perre
566 3986 620 4021 erre
638 3978 757 4034 puuctum
776 3969 813 4019 rel
832 3969 933 4026 lineam,
952 3966 996 4017 red
1015 3968 1167 4031 ruperticiem
1186 3971 1273 4034 ipram.
1294 3969 1392 4021 Deinde
1402 3980 1518 4038 matur.

166 4044 233 4095 eenri
251 4044 357 4094 eraudar
380 4043 534 4106 quantitate·
554 4049 702 4107 apparenter
721 4042 781 4092 dieci
801 4039 864 4091 Selia
889 4040 915 4088 iu
933 4039 1023 4089 effectu
1042 4039 1155 4104 phyrlce;
1182 4043 1246 4106 quod
1270 4043 1392 4105 peteteret
1409 4043 1520 4107 pruritur

165 4113 219 4167 deel
279 4115 295 4164 “.
332 4113 398 4165 Nam
417 4129 448 4164 ue
467 4115 565 4178 rignum
582 4114 679 4179 quidem
699 4127 753 4163 aare
771 4118 852 4177 petert
869 4109 941 4172 butor
960 4110 1062 4161 effectur
1079 4110 1186 4175 phyrici.
1214 4128 1269 4164 cum
1288 4113 1340 4164 alia
1357 4120 1444 4166 utatur
1462 4130 1517 4179 pro·

163 4188 288 4252 portione,
320 4187 367 4236 etri
384 4186 448 4234 iutra
475 4185 520 4235 liat
544 4186 641 4252 atquem
669 4186 703 4233 rei
722 4184 831 4234 alteriue¹
870 4182 903 4230 Et
924 4183 959 4232 ric
977 4183 1095 4233 moritu
1119 4183 1168 4233 luci
1186 4185 1273 4236 moder
1291 4184 1426 4250 aparrienir
1443 4186 1520 4253 plane

164 4265 375 4310 commenruratur
393 4263 503 4306 motrrurn
522 4257 712 4321 planetariorum
732 4253 964 4321 dirpeuartieorbur.

253 4330 340 4380 Altero
366 4329 472 4392 objectio
498 4335 595 4395 pugnat
622 4329 647 4377 in
668 4329 826 4383 ceccanum,
844 4325 925 4375 locem
944 4327 1053 4389 ineptam
1073 4326 1105 4375 ad
1123 4332 1204 4376 inetur
1222 4325 1383 4384 roeletalem.
1408 4334 1436 4377 ut
1455 4343 1519 4394 quae

164 4402 240 4452 etiam
266 4402 298 4451 ad
316 4399 386 4465 polor
404 4407 551 4464 rpargatun
582 4398 684 4448 rolritur
705 4407 789 4448 autem
814 4413 844 4448 ex
866 4397 990 4460 priucipiir
1012 4399 1150 4461 rurceptir.
1179 4396 1225 4447 bec
1249 4404 1287 4448 ert
1305 4398 1422 4462 pbyrieir.
1443 4401 1518 4464 plane

163 4475 329 4539 geometrice,
352 4478 381 4521 ut
399 4487 429 4522 er
446 4471 568 4521 relatione
585 4475 673 4534 pateat
692 4483 769 4519 cauea
787 4467 908 4519 nuuraiir
936 4466 1032 4517 zodiaci
1058 4476 1084 4518 et
1108 4483 1151 4519 eur
1169 4469 1286 4535 planetae
1304 4470 1435 4521 zodiacum
1455 4487 1517 4522 uun·

163 4558 238 4610 qnam
256 4544 381 4594 deterant

253 4632 324 4698 Cap.
344 4630 466 4682 mvn.
504 4628 663 4690 Quaeruutur
681 4644 711 4679 er
730 4630 815 4693 peritis
834 4630 957 4692 principiir
975 4627 1082 4691 phynicir
1100 4628 1245 4679 occariouer
1259 4632 1312 4692 elur
1331 4631 1519 4695 mrequdtuta

164 4705 190 4754 iu
209 4705 291 4760 Luna.
309 4717 383 4769 quam
403 4701 514 4753 liraireur
535 4701 760 4751 Variatieuem
779 4700 924 4764 appelirrit.
944 4713 1008 4764 quae
1025 4699 1124 4749 Lunam
1142 4713 1231 4750 ueram
1249 4709 1275 4750 et
1291 4700 1392 4764 pleaur
1410 4702 1516 4754 reinero

165 4790 218 4827 reru
237 4776 318 4826 reddit
335 4789 409 4840 quam
428 4775 498 4824 alirr.
536 4773 584 4824 Ubi
602 4781 756 4824 remorentur
774 4772 839 4821 dure
858 4772 937 4822 iatrre
960 4785 1032 4835 ruper
1050 4771 1098 4821 bae
1116 4786 1143 4820 re
1161 4773 1297 4836 epiulener.
1334 4771 1434 4825 Deinde
1452 4774 1516 4825 infl-

164 4847 221 4897 dem
238 4854 391 4913 quaeruntur
416 4847 575 4902 occariouer,
599 4845 685 4911 quibur
704 4844 819 4909 aequate
837 4842 925 4894 Lunae
943 4845 969 4892 in
987 4842 1144 4907 quadrrtrrlr
1161 4846 1241 4906 major
1257 4841 1303 4893 dat
1319 4857 1394 4909 quam
1410 4847 1439 4897 ir
1456 4860 1516 4899 aar·
