3368 5534
163 313 228 386 668
762 315 906 375 bahan

250 501 323 557 Miro
342 519 400 564 res:
432 501 522 557 omnia
542 508 738 573 repraesentat
758 503 811 558 ista
832 504 964 568 calculus,
995 517 1067 574 quae
1087 516 1107 555 a
1126 498 1231 555 tubulis
1250 509 1501 572 repraesententur,

163 581 287 637 nimirum
308 584 467 638 tantundem
488 600 538 653 per
552 584 602 638 GD
620 576 679 639 18⁰,
701 583 782 640 MGD
804 576 836 638 5⁰
859 591 889 639 et
907 601 958 659 per
972 583 1020 641 cl>
1044 573 1219 650 17⁰(v12‘t
1247 582 1327 637 HCD
1350 574 1385 636 5⁰
1404 578 1449 639 17⁴
1462 579 1502 647 l“,

162 670 279 734 utroque
299 665 377 717 rnndo
397 664 455 718 ΒΜ
477 656 508 717 1⁰
531 658 577 719 ³2⁴
600 659 666 718 57“.

252 758 381 821 Omnino
413 759 505 837 igitur
537 758 655 820 videtur
684 759 713 820 in
744 759 860 840 copulis
890 780 957 821 ense
996 759 1104 821 debere
1141 758 1270 839 angulus
1303 776 1360 839 pro
1397 758 1503 820 ratium

163 846 326 909 distantiae
347 844 386 925 Θ
406 867 426 907 a
440 852 473 918 ,tt
497 866 632 926 magnus,
657 855 691 909 at
713 848 996 928 prosthapbaeresis
1019 849 1103 911 nulla
1125 847 1154 910 iu
1178 846 1306 928 copulis,
1330 847 1390 909 sed
1413 857 1504 909 umen

163 944 259 998 extra.
305 935 370 998 Imn
399 935 485 1010 vide,
518 936 588 1016 quid
617 935 649 997 in
671 955 764 998 causa
793 946 939 999 versetur.
989 938 1048 1000 Hic
1080 937 1157 999 euim
1186 935 1323 1003 calculus
1354 936 1505 1017 pollicetur

163 1024 388 1087 exactissimam
409 1024 673 1105 aequipollentiam
697 1045 763 1089 cum
787 1027 938 1108 Tychnne,
962 1045 1056 1106 eoque
1078 1026 1271 1088 latitudinem
1293 1023 1324 1087 iu
1349 1024 1505 1106 eclipsibus

161 1132 256 1195 aeque
286 1132 411 1194 parvam
441 1122 475 1175 ut
497 1113 648 1195 Tychcnis
672 1123 738 1191 est,
769 1115 960 1195 quantumvis
989 1115 1238 1199 praetendamus,
1272 1114 1420 1195 angulum
1444 1107 1529 1176 esne'

163 1219 312 1284 maguum.
357 1203 416 1266 Est
438 1222 574 1283 magnus,
598 1212 631 1264 at
653 1204 860 1285 propinquitas
880 1204 952 1266 nodi
974 1212 1091 1267 tantum
1114 1204 1208 1268 demit
1229 1202 1399 1266 latitudini.
1443 1203 1504 1269 lton

163 1293 259 1354 solum
289 1300 390 1354 autem
413 1292 462 1354 bic
492 1293 642 1367 calculus,
673 1294 727 1354 sed
753 1302 784 1354 et
812 1295 890 1356 alter
917 1312 971 1374 per
1002 1293 1247 1374 compositionem
1277 1292 1452 1355 latitudinis
1471 1311 1504 1353 ex

162 1381 289 1462 simplici
313 1391 344 1442 et
357 1391 512 1444 menstrua
533 1383 622 1462 plane
646 1383 828 1463 aequipollet
841 1381 1013 1466 Tychouico
1037 1384 1134 1446 modo.
1172 1381 1255 1460 Ergo
1272 1381 1397 1444 omuino
1411 1398 1505 1443 verum

162 1478 225 1545 est,
255 1490 302 1532 me
334 1480 422 1534 exba
451 1471 586 1534 ordinem
617 1490 743 1550 magnas
767 1473 910 1537 adhibere
942 1472 1117 1535 latitudines
1148 1472 1177 1533 iu
1204 1471 1322 1552 copulis
1353 1471 1503 1551 eclipticia

162 1558 225 1621 lias
249 1571 351 1622 tamen
372 1561 528 1641 patiuntur
551 1560 698 1641 etiamque
722 1562 897 1624 desiderant
919 1580 1022 1623 omnes
1045 1561 1174 1641 eclipses
1193 1561 1333 1623 Lunares
1356 1561 1503 1640 partiales,

163 1666 239 1730 quae
263 1658 294 1710 et
316 1649 446 1728 majores
474 1651 586 1712 vellent
612 1650 797 1714 latitudines.
843 1651 906 1713 Sed
929 1651 1070 1714 subvenit
1091 1649 1272 1732 'l'ycbnnicis
1299 1649 1505 1712 latitudinibus

163 1737 387 1800 semidiameter
418 1739 540 1801 umbrae
576 1757 672 1820 parva
703 1740 740 1801 ob
771 1760 878 1803 causas
916 1740 1032 1821 opticas
1064 1748 1096 1802 et
1127 1739 1357 1825 ampliationem
1392 1738 1505 1801 luminis

162 1825 255 1889 Solis.
310 1829 416 1910 Itaque
447 1828 506 1891 nisi
539 1828 630 1890 etiam
661 1827 786 1892 Solones
819 1830 948 1911 eclipses
980 1828 1136 1910 postulent
1165 1847 1293 1910 magnas
1325 1826 1505 1899 latitudines,

163 1934 256 1979 causa
278 1917 353 1979 baec
375 1918 493 1998 patebit
516 1917 593 1980 satis
615 1918 707 1980 clare.

249 2005 440 2069 Examinatis
463 2007 579 2088 aliquot
594 2005 752 2069 Solaribus
775 2006 947 2086 eclipsibus,
971 2014 1059 2088 patet
1076 2006 1194 2070 omnino
1218 2006 1312 2070 etiam
1335 2007 1407 2070 illas
1430 2006 1504 2069 desi·

149 2096 268 2159 ·derare
292 2114 434 2189 magnum
456 2097 606 2175 angulum.
653 2094 770 2168 Quodsi
797 2096 934 2159 volumus
967 2096 1127 2159 defendere
1157 2096 1505 2180 latitudines‘l'ycbonir

161 2185 194 2248 in
217 2185 388 2249 octantibus
411 2192 443 2247 et
465 2185 607 2265 angulum
630 2185 820 2248 nihilominus
844 2204 983 2266 magnum
1005 2186 1036 2247 in
1059 2185 1233 2265 eclipsibus,
1256 2195 1382 2267 aportat
1402 2198 1505 2259 tamea

161 2276 188 2348 b
214 2276 244 2337 in
267 2281 299 2346 st
323 2275 353 2336 in
377 2274 548 2336 octantibus
573 2286 727 2349 versante,
751 2275 795 2337 uti
817 2275 1103 2356 prostbapbaeresi3
1131 2294 1187 2355 pro
1210 2275 1420 2357 dispertiendo
1442 2294 1504 2337 vern

162 2365 217 2427 illo
241 2371 400 2443 augmento
424 2363 558 2444 copulari
577 2361 616 2426 18
636 2383 678 2426 sc.
704 2372 824 2443 oportet
846 2364 931 2426 initio
955 2365 1081 2444 quidem·
1090 2364 1173 2427 illam
1187 2386 1374 2444 ansanum
1389 2365 1504 2437 orbium,

162 2472 239 2536 quae
261 2453 472 2516 inclinationes
495 2453 605 2528 reddit,
630 2452 813 2515 fundamenti
838 2452 903 2515 loco
926 2472 1048 2533 ponere,
1071 2460 1106 2515 at
1119 2452 1226 2516 deinde
1250 2475 1341 2518 meus
1364 2454 1505 2536 scopulis

162 2543 299 2625 inceptos
332 2550 452 2624 oportet
483 2550 622 2622 respectu
655 2542 744 2622 hujus
781 2542 933 2622 augmenti
966 2544 1073 2622 longos
1103 2544 1238 2618 censeri;
1269 2556 1303 2606 ut
1326 2545 1408 2608 sicut
1429 2543 1505 2624 vigor

162 2651 341 2713 promovens
370 2634 396 2705 b
429 2650 482 2712 per
514 2633 637 2714 copulas
665 2630 695 2691 in
727 2632 849 2711 longum
880 2639 929 2693 est
960 2631 1098 2706 validus,
1118 2633 1164 2707 sic
1196 2634 1288 2696 etiarn
1319 2634 1400 2697 idem
1429 2633 1505 2712 vigor

163 2723 294 2785 inferens
327 2721 537 2785 latitudinibus
560 2722 616 2783 hoc
643 2727 834 2800 augmentum
865 2727 929 2781 tam
957 2721 986 2782 in
1017 2721 1155 2800 augenda
1187 2742 1277 2804 quam
1299 2723 1329 2785 in
1354 2721 1505 2785 minuenda

163 2811 205 2875 sit
234 2811 363 2875 validus.
409 2810 452 2872 Et
475 2811 593 2873 omniuo
617 2810 696 2871 sicut
727 2818 776 2870 est
805 2809 934 2870 variatio
963 2808 1085 2890 (dupla)
1109 2808 1148 2873 81
1179 2811 1218 2873 ad
1240 2809 1281 2874 2⁰
1303 2809 1338 2877 9‘
1365 2811 1417 2874 vel
1442 2806 1504 2883 itt,

163 2900 260 2964 totuin
283 2902 363 2981 quod
386 2919 423 2962 ex
447 2899 518 2962 Sole
542 2908 599 2973 est,
625 2899 669 2960 sic
693 2899 751 2959 erit
780 2898 936 2978 quodlibet
963 2907 1155 2977 augmentum
1179 2901 1218 2962 ad
1241 2910 1339 2965 totum
1367 2898 1418 2966 18.
1442 2900 1504 2963 ie.

163 2991 361 3053 distribuetur
384 2991 441 3052 boc
465 2999 655 3069 augmentum
683 2984 742 3061 18‘,
768 2987 816 3049 vel
839 2996 982 3069 quantum
1011 2988 1135 3071 requirit
1157 2988 1310 3053 inclinatio
1336 2989 1505 3067 limitia,in

162 3080 356 3163 proportione
386 3079 505 3141 sinuum
534 3079 696 3159 duplicata.
748 3076 791 3139 Et
820 3077 939 3139 videtur
971 3078 1076 3141 eadem
1106 3097 1174 3140 esse
1209 3080 1367 3160 proportio
1396 3080 1504 3162 prnstb

163 3170 319 3233 nodorum.
371 3166 432 3231 Sed
461 3168 504 3230 sic
534 3187 671 3248 agamus.
716 3166 809 3228 Primi
839 3167 950 3246 gradus
982 3167 1110 3230 variatio
1144 3175 1193 3229 est
1227 3166 1256 3230 1‘
1279 3165 1358 3245 26¹2
1392 3170 1505 3252 duplum

162 3256 196 3322 2⁴
210 3256 287 3334 52⁴¹,
312 3266 345 3321 ut
367 3275 439 3338 ergo
462 3277 578 3320 summa
599 3253 660 3320 129
684 3256 723 3317 ad
739 3253 770 3318 2⁴
785 3253 850 3318 52ss
874 3256 918 3318 sic
937 3253 987 3320 18⁴
1004 3256 1043 3318 ad
1066 3266 1258 3338 augmentum
1280 3258 1370 3321 unius
1402 3259 1504 3340 grah

163 3349 195 3410 in
222 3347 343 3431 copula,
368 3367 411 3410 sc.
435 3343 509 3410 W.
556 3348 621 3410 Hoc
652 3355 742 3426 pacto
776 3345 864 3407 facile
896 3346 1087 3426 colligeretur
1117 3355 1310 3426 augmentum
1344 3347 1505 3411 latitudinis

164 3455 218 3518 per
253 3438 494 3518 rectangulorum
531 3435 707 3518 quadrantis
743 3434 976 3516 proportionem.
1030 3433 1093 3497 Sed
1125 3436 1193 3497 vide
1232 3454 1376 3515 quorsum
1406 3436 1438 3499 id
1468 3436 1505 3497 nit

164 3529 324 3590 collectum
347 3527 433 3590 nobis
455 3528 542 3590 beret
564 3526 647 3587 utile.
686 3523 769 3587 Pone
788 3530 821 3595 st
845 3543 911 3586 cum
927 3521 967 3601 Θ
988 3525 1058 3596 εἰ)
1080 3526 1112 3600 ό
1126 3518 1176 3601 Θ.
1214 3523 1272 3586 Hic
1295 3525 1385 3588 uobis
1407 3525 1506 3589 suflcit

165 3617 205 3678 ad
227 3617 396 3696 aagendam
419 3616 607 3679 latitudinem
627 3615 742 3676 sinuum
759 3613 912 3694 proportio
930 3613 1069 3692 simplex,
1093 3614 1185 3695 dupla
1199 3613 1319 3676 vitiabit
1335 3614 1506 3679 latitudines

165 3706 265 3769 nimis.
309 3707 392 3786 Ergo
416 3706 464 3767 bic
488 3724 540 3786 spe
565 3705 753 3766 frustramur.
788 3703 840 3766 An
863 3702 1076 3765 distribuemus
1100 3703 1217 3783 quidem
1239 3702 1414 3768 latitudinis
1435 3722 1504 3784 aug·

163 3802 297 3857 mentum
318 3813 372 3875 pro
395 3794 516 3856 modulo
540 3792 744 3856 inclinationis
767 3791 871 3854 limitis
893 3810 1034 3871 magnum
1057 3791 1106 3852 vel
1128 3811 1268 3873 parvum,
1296 3792 1505 3857 distrrbnemus

165 3883 207 3958 id,
230 3883 360 3964 inquam,
384 3884 599 3964 primumcum
622 3881 761 3961 digressu
784 3882 897 3953 batt
920 3899 992 3943 vero
1011 3889 1043 3942 et
1061 3890 1190 3962 Quanto
1213 3899 1267 3961 per
1289 3883 1504 3965 proportionem

167 3974 283 4036 sinuum
306 3972 487 4036 distantiae:
512 3982 543 4034 et
561 3972 668 4034 deinde
692 3970 836 4032 addemus
860 3969 927 4031 huic
946 3977 1107 4049 augmento
1130 3968 1171 4032 ali
1192 3969 1242 4030 uid
1265 3970 1296 4032 iu
1319 3972 1504 4053 proportione

165 4062 368 4125 variationis?
390 4064 473 4125 (lbnc
496 4063 568 4124 nihil
593 4061 771 4123 adderemus
795 4059 824 4120 in
848 4062 887 4135 (s,
909 4055 1005 4135 ΘΟΘ,
1029 4059 1101 4121 nibil
1126 4059 1153 4119 in
1172 3989 1220 4123 l]
1266 4059 1313 4121 lta
1335 4078 1396 4123 uon
1420 4079 1503 4141 auge-

33 4150 37 4157 '
166 4150 246 4212 bitur
269 4151 355 4212 nobis
378 4152 512 4213 vicissim
536 4151 588 4212 lat.
612 4152 642 4212 in
667 4152 707 4227 ό,
729 4153 766 4223 8,
792 4168 880 4229 quam
903 4147 1043 4210 diminuit
1064 4148 1350 4228 prostbapbaeresis
1374 4152 1454 4212 nodi.

256 4248 318 4311 Sed
341 4249 423 4310 dices
447 4250 534 4322 forte,
558 4257 699 4329 quantum
719 4253 752 4318 Ω,
774 4246 869 4307 distat
891 4267 910 4306 a
926 4249 956 4322 (s
971 4243 1011 4324 Θ
1035 4247 1084 4309 vel
1101 4250 1127 4318 8
1145 4243 1195 4324 Θ,
1221 4256 1324 4308 tantae
1350 4248 1503 4310 distantiae

167 4338 193 4408 b
216 4356 234 4397 a
253 4334 294 4413 Θ
318 4337 515 4399 variationem
534 4356 600 4399 esse
624 4336 824 4400 adhibendam
843 4335 881 4396 ad
904 4335 1065 4398 eruendam
1084 4335 1261 4396 variationis
1285 4336 1503 4399 latitudinariae

169 4425 333 4506 portionem
357 4426 385 4487 in
410 4427 533 4507 copulis.
567 4426 647 4499 Quid
670 4445 741 4506 ergo
764 4426 816 4487 fiet
839 4431 925 4485 extra
948 4424 1092 4505 copulas?
1116 4426 1223 4487 Nonne
1246 4424 1339 4486 etiam
1362 4427 1503 4488 sisteret

169 4515 407 4578 extraordinaria
420 4516 625 4596 augmentatio
639 4516 669 4577 iu
686 4515 824 4596 copulis?
848 4513 964 4586 Quodsi
988 4513 1193 4593 confugiamus
1209 4513 1248 4574 ad
1265 4515 1501 4595 compositionem

170 4601 338 4665 latitudiuis
361 4605 544 4667 tabularem:
573 4605 697 4685 primum
720 4605 896 4678 notandum,
920 4601 999 4684 quod
1022 4603 1075 4664 illa
1102 4610 1312 4682 repraesentet
1335 4603 1501 4666 latitudines

170 4689 357 4772 Tycbouicas
380 4694 472 4755 etiam
500 4693 564 4756 sine
586 4693 702 4773 prostb.
727 4693 811 4767 nodi,
840 4694 867 4754 si
891 4698 1048 4772 usurpetur
1070 4691 1232 4754 secundum
1255 4704 1423 4775 praecepta
1444 4694 1502 4757 Ru·

172 4777 322 4859 dolphina.
368 4781 410 4842 Et
430 4784 465 4844 lit
487 4783 639 4861 ingressus
661 4799 715 4862 per
737 4781 807 4846 dist.
832 4779 872 4859 Θ
897 4802 916 4843 a
943 4786 975 4851 Ω
999 4790 1030 4843 et
1060 4782 1087 4853 b
1117 4778 1199 4859 εΘ
1230 4780 1261 4842 iu
1291 4781 1427 4845 tabulam
1455 4784 1502 4843 lat

31 4926 38 4939 ,
172 4856 1211 4957 menstruae,sedperdist.)nfliutabulsmlatsirbplicis.
1257 4866 1502 4950 Quomodoemo

1183 5054 1189 5068 “
1313 5058 1340 5105 ἦ
