3368 5534
174 304 236 375 104
589 309 690 361 Literae
707 309 811 374 Kepieri
828 308 978 376 Quumque
995 314 1096 361 metuas

172 485 349 568 appetentia
383 494 469 548 tanta
502 494 615 567 quanta
639 485 702 550 ΑΡ.
748 487 844 549 Aufer
866 486 904 548 ab
926 486 984 550 ΑΡ
1015 485 1171 566 aequalem
1194 484 1253 567 ipsi
1273 485 1349 564 ΒΡ,
1379 489 1527 570 quaesit

169 576 244 650 AS,
276 594 347 656 ergo
376 574 426 638 SP
458 583 506 637 eet
538 575 586 636 hic
617 576 753 637 modulus
783 577 976 656 appetentiae
1004 585 1036 636 et
1064 575 1122 636 AD
1154 595 1295 639 mensura
1326 580 1526 658 appetentiae

169 666 279 745 angulo
303 665 395 727 nullo.
441 664 485 725 Et
506 665 588 726 AD:
609 663 878 727 SP=BD:BP
906 666 954 727 vel
982 663 1049 729 CN.
1094 663 1176 745 Ergo
1208 666 1292 728 sinna
1321 667 1526 747 digressionis

168 757 309 837 planetae
333 755 371 815 ab
395 772 530 834 apogseo
553 754 601 814 vel
624 755 765 835 perigaeo
787 756 909 816 metitur
932 754 1118 816 celeritatem
1141 755 1313 818 accedendi.

257 844 342 909 Haec
366 852 414 906 est
436 843 652 905 demonstratio
676 843 859 923 geometrica
890 852 921 906 et
952 842 1131 905 certissima.
1177 845 1284 925 Itaque
1314 844 1341 908 si
1370 845 1524 927 principia

170 942 276 997 nostra
298 933 373 995 bene
406 931 566 1005 haberent,
599 933 716 994 omnino
751 932 870 996 libratio
902 933 988 995 lieret
1019 932 1084 1011 lege
1112 932 1228 995 sinuum
1256 933 1457 1015 digressionis
1483 935 1524 997 ab

169 1042 314 1105 apogaeo.
361 1020 422 1084 Sed
447 1022 516 1102 quia
539 1021 725 1102 experientia
748 1030 780 1083 et
802 1021 917 1102 ellipsis
939 1039 993 1102 per
1015 1020 1231 1101 experientiam
1255 1023 1426 1087 certissime
1453 1031 1522 1087 sta-

167 1114 255 1177 bilita
277 1113 447 1191 refragatur
469 1118 501 1171 et
522 1111 588 1172 vult
611 1110 800 1172 librationem
823 1111 887 1173 fieri
916 1129 970 1190 per
1001 1110 1083 1172 sinus
1112 1129 1216 1173 verses
1248 1112 1448 1193 digressionis
1482 1113 1521 1175 ab

169 1221 322 1285 apogaeo‚
343 1205 394 1263 'sc
426 1218 484 1261 non
509 1217 561 1280 per
585 1197 640 1261 CN
665 1199 718 1261 sed
741 1218 796 1279 per
817 1200 873 1274 M,
904 1219 975 1280 ergo
1007 1199 1153 1280 principia
1185 1208 1291 1264 nostra
1320 1220 1450 1264 neeesse
1472 1212 1523 1265 sat

167 1291 290 1356 variari.
337 1289 504 1353 Sumsimus
533 1297 632 1351 autem
664 1307 718 1369 pro
752 1286 806 1350 CN
839 1288 1114 1369 perpendicularem
1136 1288 1183 1351 NI
1214 1289 1245 1352 in
1272 1291 1391 1355 effectu.
1437 1289 1521 1372 Ergo

169 1383 261 1444 etiam
285 1382 314 1442 in
338 1378 492 1460 principiis
521 1396 575 1457 pro
599 1377 658 1439 AD
682 1397 799 1440 sumere
830 1378 970 1439 debemus
1003 1378 1280 1457 perpendicularem
1302 1380 1355 1443 ΕΙ.
1400 1380 1521 1462 Nempe

169 1471 411 1540 dicendumst,
446 1486 504 1529 neu
528 1475 599 1528 tunc
623 1485 690 1528 esse
713 1468 866 1546 planetam
890 1467 919 1527 in
943 1467 1114 1547 apsidibus‚
1148 1486 1214 1530 cum
1237 1469 1304 1531 axis
1327 1470 1520 1549 magneticne

168 1557 457 1640 perpendiculariter
479 1556 586 1617 incidit
608 1556 704 1618 lineae
725 1576 763 1617 ex
785 1555 866 1630 Sole,
893 1557 946 1617 sed
961 1564 1031 1619 tunc
1050 1575 1116 1618 cnm
1139 1557 1184 1619 illi
1207 1558 1307 1620 unitur
1325 1557 1369 1633 (si
1386 1562 1518 1638 potest).

166 1647 255 1720 Quod
290 1647 347 1709 etsi
379 1646 473 1725 primo
504 1644 613 1706 iutuitu
643 1664 708 1707 cnm
739 1647 908 1725 magnetica
940 1646 1049 1707 virtute
1079 1645 1109 1708 in
1132 1646 1233 1725 specie
1264 1646 1428 1710 'conciliare
1459 1667 1519 1711 non

165 1757 297 1820 possum,
322 1746 423 1797 tamen
448 1753 494 1796 me
518 1734 623 1797 mirum
654 1734 683 1797 in
711 1735 831 1796 modum
864 1735 966 1796 afficit.
1013 1735 1092 1796 Nam
1123 1735 1152 1796 in
1184 1735 1259 1797 meis
1282 1734 1518 1801 Commentariis

166 1829 274 1891 relicta
297 1826 356 1888 fuit
378 1825 452 1886 haec
476 1823 621 1903 objectio:
646 1824 672 1885 si
694 1825 835 1903 planetae
858 1843 912 1904 per
934 1824 1128 1885 directionem
1147 1824 1214 1887 axis
1228 1825 1257 1886 in
1273 1825 1399 1888 easdem
1417 1827 1517 1889 mnndi

165 1918 273 1999 plagas
297 1915 409 1976 virtute
432 1912 604 1994 magnetica
627 1914 869 1976 eccentricitates
892 1913 1066 1984 conficiunt,
1096 1913 1191 1976 Terra
1217 1912 1296 1976 idem
1320 1915 1425 1980 saciet.
1471 1917 1516 1979 At

163 2007 275 2068 Terrae
298 2003 364 2065 axis
389 2003 414 2064 is
438 2003 520 2065 solus
544 2002 676 2064 directus
702 2011 759 2076 est,
785 2002 833 2083 qui
854 2002 1051 2084 porrigitura
1074 2015 1106 2067 ee
1125 2002 1153 2063 in
1178 2007 1222 2078 ᾖ,
1246 2004 1332 2084 eujus
1351 2004 1516 2067 directione

163 2095 275 2159 accidit
298 2100 401 2155 aestas
425 2101 456 2152 et
479 2091 583 2155 hiems.
622 2090 712 2153 Circa
734 2093 810 2154 hunc
824 2101 920 2153 totum
944 2090 1087 2172 reliquum
1112 2110 1220 2172 corpus
1243 2092 1349 2165 dietim
1372 2093 1514 2157 volvitur.

162 2184 244 2265 Ergo
277 2200 445 2262 apogaeum
477 2181 588 2242 Terrae
621 2191 704 2242 esset
735 2182 824 2242 lixum
855 2182 884 2242 in
914 2177 953 2242 0⁰
975 2179 1020 2257 Υ,
1044 2176 1083 2243 0⁰
1106 2190 1163 2247 Ω..
1208 2184 1255 2244 At
1282 2181 1516 2262 deprehenditur

162 2292 273 2354 vagum
306 2281 337 2332 et
369 2271 488 2350 quidem
517 2271 582 2349 jam
614 2270 643 2330 in
668 2268 713 2346 Υ,
742 2279 790 2335 9,
819 2270 904 2350 (quia
926 2267 1007 2331 Solis
1030 2269 1059 2330 in
1084 2272 1144 2344 ee),
1168 2270 1237 2332 oiim
1260 2289 1332 2333 vero
1355 2271 1387 2334 iu
1410 2275 1455 2345 Π,
1475 2278 1514 2346 ,it

162 2363 213 2427 Ad
236 2363 313 2424 hanc
337 2359 536 2439 objectionem
560 2358 633 2419 nihil
657 2359 838 2438 respondere
861 2357 945 2438 potui
968 2357 1025 2423 nisi
1056 2359 1129 2421 boc:
1156 2360 1199 2420 rei
1226 2368 1376 2440 cognatae
1405 2360 1514 2425 simili·

165 2451 268 2514 tudine
291 2448 410 2511 modum
434 2447 562 2510 similem
576 2446 802 2531 demonstrari,
828 2465 886 2508 non
909 2448 998 2527 plane
1022 2466 1083 2510 rem
1108 2447 1244 2514 eandem.
1290 2448 1349 2511 Hic
1367 2448 1437 2529 jam
1458 2468 1512 2513 sa·

164 2539 313 2622 perientia
344 2544 491 2606 testatur,
524 2536 661 2616 apsidum
694 2536 802 2597 lineam
826 2536 856 2597 in
879 2537 946 2597 axis
971 2537 1076 2600 directi
1100 2537 1209 2600 lineam
1232 2547 1416 2619 competere,
1442 2557 1512 2620 ergo

167 2630 280 2692 Terrae
303 2644 468 2707 apogaeum
492 2625 521 2686 in
545 2622 585 2686 0⁰
605 2629 640 2700 ᾖ
663 2643 730 2685 esee
762 2623 881 2687 stabile.
926 2625 983 2688 Ubi
1014 2645 1073 2688 una
1101 2644 1172 2706 pars
1202 2627 1380 2707 objectionis
1412 2629 1515 2692 solnta

167 2727 226 2781 est.
272 2717 319 2778 De
343 2717 441 2777 altera
463 2722 550 2794 purte
581 2714 766 2792 respondebo
789 2714 850 2775 sic:
879 2714 908 2775 in
933 2716 1111 2795 aequatione
1143 2716 1275 2779 maxima
1302 2717 1383 2780 circa
1405 2714 1447 2780 0·
1467 2716 1512 2794 Υ,

167 2803 208 2872 0⁰
230 2816 278 2871 32·-
302 2806 399 2867 locum
413 2804 494 2867 Solis
510 2803 710 2885 Tychonicum
725 2802 797 2864 nihil
811 2803 931 2878 variari,
949 2805 974 2866 si
993 2806 1041 2866 vei
1055 2823 1222 2886 apogaeum
1236 2825 1256 2867 a
1273 2802 1312 2869 0⁰
1326 2812 1362 2883 ,6
1375 2806 1405 2869 in
1430 2801 1515 2889 5'i,'

168 2903 199 2975 ᾗ
218 2896 375 2958 referatur.
412 2895 445 2956 In
460 2898 494 2969 ᾖ
510 2900 542 2954 et
557 2906 588 2958 ee
604 2893 721 2971 peccari
739 2892 856 2972 quidem
879 2891 939 2966 tt‘,
955 2894 1008 2955 sed
1022 2894 1105 2956 illum
1119 2912 1249 2957 errorem
1262 2914 1301 2956 ex
1316 2895 1517 2959 declinatione

168 3007 225 3048 non
250 3003 340 3064 posse
364 2982 561 3063 deprehendi3
586 2981 614 3042 in
631 2978 692 3043 «15⁰
712 2984 764 3054 (ers
783 2982 867 3061 cujus
883 2982 1090 3046 declinationis
1105 2984 1316 3047 observatione
1329 2985 1516 3048 annuenda

167 3086 215 3137 est
238 3073 356 3136 theoria
377 3071 473 3144 Solis)
498 3070 529 3133 7⁴
555 3070 672 3151 quidem
696 3072 788 3132 errari
814 3072 842 3131 in
867 3072 931 3134 loco
946 3070 1038 3146 Solis,
1063 3073 1090 3134 si
1113 3091 1280 3154 apogaeum
1303 3069 1387 3158 5¹12·
1411 3084 1515 3138 trans·

166 3174 304 3246 ponatur,
329 3162 383 3222 sed
407 3160 460 3222 illa
480 3159 510 3220 7⁴
525 3160 645 3222 admitti
668 3178 768 3239 posse,
793 3161 819 3222 si
842 3160 1002 3223 declinatio
1017 3162 1082 3240 ejus
1096 3162 1153 3224 loci
1170 3160 1201 3224 2⁴
1221 3163 1330 3225 erroris
1353 3165 1383 3226 in
1407 3164 1515 3228 obser·

167 3255 265 3315 vaudo
290 3251 443 3312 admittat.
483 3246 598 3318 Quodsi
618 3249 720 3329 Tycbo
745 3250 836 3324 dicat,
860 3269 892 3313 se
916 3250 1133 3314 declinationes
1156 3251 1327 3314 vindicasse
1351 3253 1389 3314 ab
1413 3271 1515 3318 errore

167 3362 225 3405 non
250 3351 365 3403 tantum
390 3338 432 3411 2‘,
459 3340 511 3400 aed
535 3338 624 3418 plane
655 3333 717 3420 Ἰώ
751 3358 822 3418 ergo
856 3340 884 3400 id
908 3359 1018 3417 negare
1041 3349 1163 3420 potero,
1188 3360 1223 3403 eo
1245 3342 1324 3422 qnod
1346 3342 1515 3421 parallaxis

167 3432 244 3493 forte
268 3431 297 3492 in
321 3429 450 3491 minimis
473 3440 579 3506 peccet
601 3438 653 3488 aut
677 3427 837 3508 obliquitas
857 3429 1025 3508 ecliptieae.
1064 3428 1213 3510 Objiciam
1235 3431 1293 3510 ipsi
1318 3450 1389 3492 suas
1404 3431 1513 3495 obser·

166 3521 305 3581 uationes
338 3519 430 3580 etiam
463 3517 492 3578 in
528 3517 605 3597 long.
640 3518 749 3579 media.
796 3518 873 3579 Nam
906 3537 984 3580 anno
1020 3515 1114 3582 1588.
1144 3517 1174 3582 3.
1200 3518 1302 3582 Martii
1332 3520 1458 3601 eclipsis
1485 3522 1513 3583 in

166 3604 228 3672 23⁰
250 3616 278 3681 l(
301 3608 435 3669 ostenmt
457 3608 532 3667 lixas
557 3606 588 3668 7⁴
611 3607 807 3686 promotiores
831 3625 919 3687 qnam
943 3608 1060 3690 lycho:
1088 3617 1121 3670 et
1151 3607 1198 3670 hic
1227 3609 1317 3689 plane
1347 3609 1513 3674 faciteam

166 3697 368 3776 landgravio.
415 3698 480 3758 Aut
503 3696 601 3758 dicam
625 3696 770 3768 sortasse,
794 3704 927 3758 centrum
950 3696 1033 3759 Solis
1056 3698 1104 3760 vel
1126 3698 1238 3760 Terrae
1266 3699 1297 3762 in
1326 3698 1514 3762 revolutione

165 3806 266 3849 annua
289 3805 346 3847 non
375 3804 495 3847 manere
528 3785 761 3867 exquisitissime
793 3786 822 3846 in
855 3786 959 3847 eodem
991 3787 1081 3867 piano
1114 3798 1146 3849 et
1177 3788 1232 3850 snb
1264 3788 1370 3851 eodem
1400 3789 1512 3852 circulo

165 3876 307 3948 maximo,
332 3884 365 3936 ut
387 3894 441 3936 nec
464 3874 552 3937 Luna
575 3875 604 3936 in
629 3874 800 3936 menstrua?
836 3874 883 3936 De
906 3882 931 3944 ο·
954 3876 1082 3938 nondum
1106 3876 1151 3938 ita
1172 3877 1346 3959 scrupulose
1368 3876 1511 3958 eogitari

164 3987 203 4029 an
235 3966 299 4045 ejus
332 3963 461 4026 latitudo
494 3964 613 4025 omnino
644 3963 920 4026 constantissimam
943 3973 1053 4045 arguat
1084 3966 1319 4030 inclinationem.
1371 3964 1456 4037 Quid
1485 3966 1513 4028 si

164 4065 266 4117 autem
296 4053 370 4114 haec
402 4072 509 4124 eausa,
543 4073 596 4114 cnr
627 4071 683 4132 ego
710 4060 780 4131 post
809 4051 911 4133 5jam
939 4072 1034 4116 annos
1063 4054 1191 4117 nendum
1218 4065 1321 4119 tamen
1347 4055 1511 4136 impetrare

163 4145 258 4225 potui,
284 4151 317 4203 ut
339 4142 529 4221 operationes
553 4160 620 4203 mea
641 4141 780 4203 methodo
803 4141 960 4205 institutae
982 4143 1041 4206 sibi
1069 4144 1143 4224 ipsis
1169 4154 1390 4207 consentaneae
1420 4145 1510 4209 exhi·

164 4232 269 4296 berent
293 4231 454 4293 distantias
479 4236 504 4301 ο*
528 4253 546 4292 a
570 4228 631 4308 (99
675 4230 753 4293 it'sm
777 4232 856 4293 inter
877 4243 1012 4294 sesama
1034 4242 1083 4294 est
1109 4233 1193 4296 locus
1216 4231 1257 4312 Θ
1281 4242 1315 4296 ut
1341 4234 1511 4299 certissima

163 4322 311 4403 cognitus.
358 4318 420 4381 Sed
444 4320 514 4401 quid
538 4321 574 4381 de
599 4320 763 4392 veteribus,
792 4320 841 4401 qui
864 4340 1030 4402 apogaeum
1053 4323 1082 4382 in
1105 4317 1190 4402 5¹!st
1211 4327 1244 4397 Π
1265 4323 1413 4404 pennensi
1457 4325 1509 4388 nti

162 4412 255 4493 igitur
283 4413 312 4473 in
341 4409 416 4472 locis
447 4410 487 4485 Θ
516 4410 596 4470 circa
627 4427 792 4488 apogaeum
820 4409 937 4472 dicendi
965 4419 1035 4472 eunt
1061 4430 1179 4474 errasse
1211 4409 1276 4476 49⁴.
1321 4412 1416 4475 Nulla
1437 4412 1512 4477 nist

162 4502 267 4582 religio
292 4500 348 4561 boc
371 4499 480 4569 dicere,
505 4517 570 4558 curn
594 4499 638 4559 usi
663 4499 772 4559 luerint
794 4499 1004 4562 observatione
1027 4502 1151 4563 solstitii
1174 4501 1412 4582 imperceptibili.

252 4589 313 4651 Sed
337 4587 508 4669 prinsquam
532 4587 711 4666 triumphum
733 4608 853 4662 canam,
885 4589 1078 4669 cogitandum
1107 4590 1145 4653 de
1175 4592 1302 4673 physica
1323 4609 1435 4667 cansa,
1459 4592 1509 4674 qm'

163 4676 226 4740 deri
248 4678 355 4757 pessit,
378 4687 413 4738 ut
435 4694 600 4756 apogaeum
624 4678 796 4741 conficiatur
817 4699 874 4741 axe
888 4679 1071 4767 magneticot
1092 4689 1232 4743 manente
1251 4679 1413 4744 indirecta
1429 4681 1511 4745 linea

164 4783 201 4826 ea
216 4766 276 4842 Q?
304 4766 454 4838 Quidnam
478 4778 540 4838 est,
564 4765 642 4846 quod
668 4767 756 4830 simul
779 4769 842 4841 liat,
866 4779 899 4830 ut
921 4769 949 4831 ei
971 4788 1093 4832 cansam
1116 4770 1387 4834 murmurat
1413 4770 1511 4835 ‘lbera

877 4954 896 4991 ι’·
925 4976 936 4993 a

861 5004 891 5059 i..
932 5006 944 5035 ¹

888 5054 930 5103 νὴ
