3368 5534
283 283 347 352 130
700 283 800 336 literae
818 281 920 348 Koplari
937 282 1088 350 aliorumque
1104 286 1207 337 numae

277 473 401 541 stratur,
421 464 486 546 ipse
501 463 621 527 circulis
635 462 794 544 exprimat.
832 465 897 525 Tua
913 462 990 526 enim
1006 463 1082 525 haec
1097 461 1219 525 libratio
1236 461 1420 526 mechanicis
1435 460 1632 544 opportunis-

277 557 355 618 sima
373 562 429 630 est
456 573 521 617 cum
541 573 600 615 una
622 552 723 614 tidelia
742 553 799 615 duo
814 554 945 633 parietes
969 553 1099 615 dealbet.
1138 552 1219 624 Quid
1242 552 1368 633 igiturl.
1395 554 1476 617 Num
1490 554 1631 617 deseram

277 645 394 708 infinita
408 663 476 706 mea
492 650 660 705 commenta
683 660 773 722 super
797 643 896 705 causis
915 642 1061 726 physicis,
1084 650 1223 704 naturam
1242 642 1393 705 coelorum
1415 663 1435 704 a
1456 643 1515 705 mei
1534 642 1632 707 trian-

216 746 219 751 ’
275 734 340 816 guli
371 753 442 795 area
472 734 510 794 ad
537 730 613 794 'tuas
636 731 812 793 librationes
844 733 1010 806 traducam,
1034 732 1204 806 affirmans,
1237 740 1320 794 tuam
1349 731 1533 814 hypothesin
1565 750 1633 795 esse

276 823 436 902 genuinam
460 831 491 884 et
513 820 692 883 rationalem
715 830 892 901 propterea,
915 821 994 902 quod
1018 820 1161 901 simplex,
1186 839 1282 883 meam
1305 822 1406 883 fictam
1429 828 1461 883 et
1483 841 1502 882 a
1524 829 1635 883 natura

276 912 417 986 alienam,
440 919 600 992 propterea
622 910 699 990 quod
719 930 791 972 area
809 911 952 990 trianguli
973 910 1097 971 metitur
1112 917 1258 988 tempora,
1282 911 1409 990 angulus
1432 930 1504 973 vero
1518 930 1635 991 aequa·

277 1003 390 1064 tionem
415 1000 572 1081 opticam?
617 999 686 1062 non
710 999 830 1075 faciam,
854 1020 913 1062 non
937 999 1016 1061 enim
1038 999 1095 1061 hoo
1118 1006 1203 1060 esset
1224 998 1441 1081 philosophari.
1484 999 1633 1063 Gratulor

276 1091 349 1153 mihi
372 1089 489 1172 potius,
520 1096 604 1150 tuam
631 1088 709 1150 hanc
741 1089 931 1151 librationem
962 1089 1109 1151 hactenus
1142 1087 1316 1163 delituisse,
1349 1089 1452 1170 quoad
1470 1090 1508 1150 de
1532 1088 1636 1150 causis

274 1179 410 1261 physicis
432 1199 482 1241 res
496 1178 655 1258 explorata
677 1186 733 1240 est.
772 1180 851 1240 Nam
875 1179 972 1241 fateor
995 1178 1134 1257 ingenue,
1158 1176 1183 1238 si
1207 1185 1240 1240 tu
1262 1177 1475 1258 praevenisses
1497 1177 1557 1239 hac
1581 1161 1636 1238 tna

277 1270 373 1332 forma
395 1267 554 1330 libratoria
567 1287 666 1329 meam
687 1265 855 1348 physicam,
879 1267 1080 1348 vidissemque
1095 1267 1161 1347 ejus
1175 1285 1354 1329 consensum
1368 1286 1436 1330 curn
1451 1266 1636 1340 observatis,

276 1377 323 1422 me
346 1376 495 1439 nunquam
519 1356 549 1418 iu
573 1376 681 1418 causas
704 1364 837 1418 motuum
857 1356 1027 1418 incasurum
1042 1357 1145 1419 luisse.
1183 1356 1263 1419 Nam
1278 1356 1344 1439 quis
1358 1375 1483 1437 quaeso,
1505 1375 1636 1418 versans

276 1447 375 1509 animo
399 1445 575 1508 librationes
599 1465 709 1526 easque
733 1445 839 1507 videns
863 1446 1032 1508 consentire
1055 1444 1240 1521 observatis,
1265 1445 1347 1527 qnia,
1381 1445 1516 1527 inquam,
1550 1444 1635 1506 alind

278 1535 425 1616 suscipiat
448 1535 660 1614 indagandum,
685 1555 773 1615 quarn
797 1553 918 1596 causam
942 1535 1031 1615 hujus
1053 1533 1235 1609 librationis,
1259 1535 1345 1614 quasi
1368 1533 1526 1596 verissime
1550 1534 1636 1595 acci·

277 1624 387 1688 deret?
433 1623 510 1696 Quis
534 1643 592 1685 non
626 1623 695 1685 hinc
725 1622 781 1685 sibi
812 1624 1023 1686 adamantinos
1057 1620 1242 1685 eccentricos
1265 1624 1322 1686 DE
1353 1632 1384 1684 et
1412 1623 1472 1686 GH
1500 1643 1636 1704 axesque

278 1712 462 1776 fortissimos
478 1715 537 1776 AD
552 1722 584 1774 et
596 1712 657 1776 AG
673 1713 879 1793 persuadeat?
916 1714 994 1786 Quis
1016 1721 1111 1794 putet,
1138 1712 1200 1773 ista
1222 1713 1322 1774 omnia
1336 1712 1414 1775 ellici
1429 1731 1521 1793 posse
1537 1713 1636 1775 lorma

277 1803 486 1866 diversissima
498 1802 659 1865 virtutibus
674 1803 873 1882 magneticis?
896 1804 1003 1884 Itaque
1015 1803 1199 1882 complector
1212 1801 1311 1864 animo
1322 1801 1473 1881 ingentem
1487 1802 1634 1875 dolorem,

276 1893 326 1976 qui
348 1892 423 1954 mihi
446 1892 555 1953 fuisset
579 1892 710 1956 oriturus
735 1913 824 1974 super
846 1891 1014 1955 miserrimo
1037 1892 1156 1965 labore,
1189 1890 1355 1972 inquirendi
1380 1911 1490 1953 causas
1521 1910 1633 1965 rernm,

277 2001 353 2066 quae
383 2001 442 2045 non
472 1989 542 2043 sont
568 1982 599 2044 in
622 2001 721 2044 rerum
744 1993 867 2056 natura,
901 1983 954 2044 sed
984 1981 1123 2043 videntur
1151 1999 1234 2054 esse,
1268 1980 1461 2043 librationum
1493 1980 1634 2043 nimirum

277 2070 437 2135 eccent'rici
469 2070 593 2152 ejusque
621 2071 760 2132 diametri
792 2074 869 2134 fixae
902 2073 931 2132 in
960 2090 1083 2151 corpore
1107 2069 1206 2144 Solis,
1239 2089 1274 2132 ac
1303 2070 1328 2131 si
1356 2069 1423 2151 quis
1452 2069 1573 2133 clavum
1605 2069 1635 2133 in

275 2161 422 2243 parietem
454 2159 617 2239 impactum
640 2160 755 2222 crebris
785 2161 953 2222 ad'latera
976 2159 1217 2222 contorsionibus
1241 2166 1287 2227 et..
1301 2157 1520 2221 retorsionibus
1554 2160 1634 2222 nite·

276 2258 359 2313 retur
391 2247 531 2310 evellere.
577 2250 623 2311 At
655 2250 749 2312 eheu!
783 2268 841 2311 uon
874 2259 964 2312 vacat
996 2249 1150 2328 indulgere
1179 2248 1294 2310 doloris
1326 2247 1554 2327 imaginationi,
1586 2249 1635 2331 qui

276 2344 458 2423 praeventus
481 2344 513 2398 et
535 2337 704 2401 declinatus
723 2338 787 2418 jam
811 2347 877 2400 est:
903 2358 992 2402 verus
1014 2358 1062 2400 me
1085 2338 1170 2399 dolor
1194 2337 1319 2418 corripit
1342 2356 1432 2419 super
1454 2336 1633 2418 impenden-

276 2428 367 2502 tibus,
392 2446 446 2507 pro
464 2446 499 2487 eo
516 2446 573 2507 quo
589 2427 644 2488 tibi
668 2428 879 2507 gratulandum
903 2437 978 2491 erat.
1016 2430 1129 2492 Natam
1143 2427 1190 2489 ais
1213 2426 1267 2488 tibi
1291 2426 1382 2488 filiam
1406 2446 1444 2488 ex
1465 2428 1634 2507 geometria

276 2516 397 2579 matre?
434 2515 522 2576 Vidi:
548 2516 674 2596 pulchra
695 2525 752 2592 est,
777 2526 811 2579 at
832 2520 976 2580 meretrix
992 2517 1125 2599 pessima
1148 2517 1249 2577 lutura
1271 2524 1328 2590 est,
1352 2515 1522 2578 abductura
1545 2536 1633 2597 qnam

277 2604 416 2688 plurimis
439 2603 515 2666 meis
539 2605 657 2667 filiabus
686 2626 722 2666 ex
746 2615 841 2668 matre
865 2609 993 2689 physica
1016 2606 1166 2686 susceptis
1197 2605 1323 2667 maritos
1354 2626 1435 2667 suos.
1482 2606 1635 2669 Traducet

276 2704 330 2758 tua
351 2694 530 2775 hypothesis
551 2694 591 2756 ad
615 2715 648 2756 se
672 2696 802 2757 lectores
821 2706 852 2759 et
873 2697 1081 2778 philosophos,
1105 2694 1189 2756 dabit
1204 2695 1316 2774 effugia
1337 2693 1474 2757 hostibus
1490 2694 1633 2778 physicae

276 2783 431 2857 coelestis,
454 2783 592 2864 patronis
608 2784 755 2859 inscitiae,
779 2787 954 2848 architectis
978 2787 1142 2848 solidorum
1156 2782 1282 2857 orbium,
1306 2784 1489 2847 mechanicis
1508 2785 1635 2861 crassis,

277 2873 384 2956 quibus
408 2890 441 2934 se
463 2872 616 2935 redimant
638 2896 653 2933 e
678 2874 805 2936 vinculis
828 2875 1115 2938 demonstrationum
1145 2891 1277 2935 meanrm
1300 2873 1511 2955 physicarum,
1548 2875 1636 2956 inque

276 2962 448 3026 libertatem
464 2963 546 3024 Deos
566 2962 732 3025 fabricandi
749 2982 816 3025 sese
831 2965 986 3046 recipient.
1016 2964 1177 3028 Redibitur
1192 2961 1230 3023 ad
1252 2961 1479 3042 intelligentias,
1499 2963 1635 3045 duaeque

277 3051 505 3115 collocabuntur
537 3050 576 3113 ad
599 3052 675 3113 duos
706 3053 834 3114 circulos
863 3055 943 3116 circa
966 3062 1100 3116 centrum
1132 3055 1175 3127 il,
1208 3049 1314 3131 quibus
1338 3051 1487 3114 efficiatur
1516 3052 1635 3116 isthaec

276 3141 409 3204 libratio.
860 3137 868 3154 ’

365 3231 470 3313 Neque
494 3237 594 3291 tamen
620 3230 685 3290 sinc
706 3231 847 3292 molestia
871 3229 953 3292 iliarn
977 3232 1152 3293 adolescere
1174 3229 1283 3311 patiar.
1319 3228 1451 3290 Primum
1476 3229 1633 3305 fateberis,

276 3328 318 3395 te,
341 3328 502 3401 postquam
518 3318 661 3380 audivisti
677 3320 713 3380 de
738 3320 788 3381 via
803 3320 913 3382 Martis
934 3321 1024 3395 ovali,
1044 3320 1181 3401 coepisse
1198 3317 1331 3397 cogitare
1350 3318 1387 3378 de
1411 3317 1632 3381 librationibus.

277 3411 319 3473 Et
342 3418 412 3471 ante
437 3408 553 3488 aliquot
576 3407 694 3488 quidem
726 3429 821 3470 annos
851 3409 928 3471 hanc
951 3410 1081 3473 Martiae
1106 3409 1172 3470 riae
1202 3407 1438 3470 contractionem
1466 3407 1505 3468 ad
1535 3407 1633 3471 latera

277 3498 400 3561 nimiam
424 3519 443 3559 a
465 3516 513 3558 me
546 3497 743 3559 constitutam
767 3500 929 3577 coarguisti
961 3519 998 3560 ex
1021 3497 1289 3560 observationibus.
1336 3497 1443 3577 itaque
1474 3515 1632 3561 excessum

276 3607 342 3650 cum
366 3586 618 3668 deprehenderis,
650 3605 712 3648 rem
744 3587 840 3666 ipsam
864 3597 949 3649 tanto
973 3589 1083 3649 certius
1107 3586 1281 3667 complexus
1304 3604 1337 3646 es
1361 3583 1471 3648 animo.
1518 3587 1634 3649 Postea

277 3674 366 3760 quam
382 3674 538 3738 emendavi
556 3694 612 3753 ego
628 3675 704 3736 istos
724 3676 879 3755 ingressus
893 3679 930 3737 ad
956 3677 1051 3739 latera
1066 3675 1212 3756 simulque
1231 3672 1376 3754 genuinas
1393 3694 1502 3735 causas
1521 3675 1632 3751 iuveni,

275 3774 308 3829 tn
328 3785 454 3827 versans
471 3783 566 3825 meam
582 3763 763 3844 hypothesin
782 3785 900 3828 rursum
916 3785 1109 3846 prorsurnque
1125 3776 1158 3827 et
1177 3784 1245 3827 cum
1260 3762 1521 3825 obaemationibus
1546 3784 1631 3828 com-

275 3875 399 3936 parans,
423 3861 614 3925 testatores,
639 3853 722 3914 illam
745 3855 931 3917 consentire:
958 3856 1053 3916 solam
1071 3873 1226 3917 causarum
1251 3852 1516 3914 incredibilitatem
1539 3873 1631 3934 aegre

276 3943 389 4015 tulisti,
414 3940 600 4021 circulosquo
624 3941 805 4005 desiderasti
829 3963 883 4023 pro
908 3944 1003 4017 areis,
1037 3952 1070 4004 ut
1094 3945 1188 4005 forma
1210 3941 1396 4004 Ptolemaios
1419 3941 1632 4022 hypothesium

275 4032 456 4115 persisteret
479 4030 645 4104 incolumis,
670 4032 767 4112 quoad
783 4033 848 4111 ejus
863 4035 925 4095 lieri
948 4043 1061 4114 posset.
1101 4034 1148 4095 Ex
1163 4031 1324 4113 hypothesi
1348 4031 1439 4109 igitur
1461 4049 1530 4092 mea
1548 4041 1631 4095 tuam

278 4119 461 4193 efformasti3
493 4127 595 4180 centro
627 4120 705 4182 euim
735 4123 894 4184 ecccntrici
917 4126 942 4185 ll
965 4124 1002 4183 ad
1027 4125 1107 4185 latus
1131 4123 1250 4184 detorto
1274 4139 1327 4200 per
1352 4119 1543 4182 librationem
1565 4122 1631 4199 BC,

276 4220 311 4274 ut
333 4215 610 4289 repraesentaretur
626 4211 792 4272 contractio
810 4211 927 4274 itineris
941 4212 1101 4293 planetarii
1119 4212 1211 4284 DFll,
1236 4209 1314 4290 quod
1331 4208 1412 4270 varie
1428 4210 1492 4271 tieri
1517 4221 1631 4292 potest,

277 4299 386 4362 deinde
399 4315 454 4376 per
477 4296 533 4357 hoc
557 4307 689 4360 centrum
706 4299 731 4363 C
748 4309 779 4360 ct
792 4320 846 4380 per
862 4321 969 4381 corpus
986 4302 1069 4365 Solis
1083 4304 1111 4364 A
1129 4302 1226 4379 ejecta
1242 4300 1321 4361 linea
1335 4298 1472 4378 apsidum
1488 4302 1560 4376 AC,
1575 4302 1630 4363 sub

277 4393 470 4468 conspectum
503 4385 586 4447 venit
618 4388 745 4467 angulus
776 4390 880 4464 Bac,
914 4391 1039 4453 idoneus
1070 4390 1158 4452 alteri
1189 4389 1267 4469 parti
1300 4387 1507 4469 aequationis,
1539 4411 1629 4474 quam

278 4477 398 4539 sciebas
422 4493 468 4537 me
491 4493 546 4554 per
567 4476 710 4556 trianguli
730 4496 831 4539 arcam
856 4480 975 4542 salvare
1004 4479 1202 4560 cupiebasque
1226 4477 1315 4540 aliter
1338 4477 1497 4539 salvatam.
1547 4482 1630 4543 ilaec

277 4567 379 4646 itaque
404 4564 499 4626 series
522 4565 703 4627 inventionis
726 4576 855 4630 testetur
878 4570 915 4630 de
939 4588 1036 4631 rerum
1059 4576 1176 4629 natura.
1223 4568 1318 4640 Mihi,
1350 4574 1383 4627 ut
1405 4565 1482 4640 dixi,
1511 4570 1629 4651 impos-

278 4655 367 4716 sibile
388 4655 518 4716 futurum
533 4663 607 4729 erat,
632 4674 669 4715 ex
683 4665 735 4716 tua
749 4675 846 4719 meanr
871 4659 1006 4730 educere,
1031 4656 1086 4718 tibi
1101 4655 1200 4729 iaciie,
1224 4674 1343 4718 exinea
1363 4665 1444 4716 tuam
1458 4658 1629 4733 efformare,

278 4763 344 4805 cum
368 4743 421 4806 iilo
436 4743 544 4806 aflectu
559 4764 655 4807 meam
678 4752 837 4820 tractares,
861 4768 918 4828 quc
937 4748 974 4808 de
989 4747 1060 4808 dixi.
1100 4745 1147 4807 Ex
1171 4745 1340 4806 observatis
1365 4763 1435 4806 vero
1459 4746 1546 4827 ipsis,
1570 4768 1630 4811 non

277 4842 440 4916 praeeunte
470 4853 537 4897 mea
566 4833 744 4919 hypothesi,
767 4837 870 4897 nescio
893 4857 932 4899 an
955 4836 1010 4899 tibi
1041 4832 1176 4917 proclive
1199 4835 1330 4897 futurum
1353 4833 1452 4909 luerit,
1484 4834 1516 4897 in
1545 4845 1629 4903 tnarn
