<?xml version="1.0" encoding="UTF-8"?>
<!DOCTYPE html PUBLIC "-//W3C//DTD XHTML 1.0 Transitional//EN"
    "http://www.w3.org/TR/xhtml1/DTD/xhtml1-transitional.dtd">
<html xmlns="http://www.w3.org/1999/xhtml" xml:lang="en" lang="en">
 <head>
  <title>
</title>
<meta http-equiv="Content-Type" content="text/html;charset=utf-8" />
  <meta name='ocr-system' content='tesseract 3.04.00' />
  <meta name='ocr-capabilities' content='ocr_page ocr_carea ocr_par ocr_line ocrx_word'/>
</head>
<body>
  <div class='ocr_page' id='page_1' title='image "./joanniskepleria05frisgoog/joanniskepleria05frisgoog_0147.png"; bbox 0 0 3368 5534; ppageno 0'>
   <div class='ocr_carea' id='block_1_1' title="bbox 424 464 1362 2790">
    <p class='ocr_par' dir='ltr' id='par_1_1' title="bbox 424 464 1362 2790">
     <span class='ocr_line' id='line_1_1' title="bbox 479 464 1362 541; baseline 0.001 -17"><span class='ocrx_word' id='word_1_1' title='bbox 479 470 555 541; x_wconf 59' lang='lat' dir='ltr'><strong>lngo</strong></span> <span class='ocrx_word' id='word_1_2' title='bbox 577 467 655 540; x_wconf 80' lang='lat' dir='ltr'><strong>agite</strong></span> <span class='ocrx_word' id='word_1_3' title='bbox 677 485 692 520; x_wconf 93' lang='lat' dir='ltr'><strong>o</strong></span> <span class='ocrx_word' id='word_1_4' title='bbox 709 466 838 536; x_wconf 81' lang='lat' dir='ltr'><strong>juvenes,</strong></span> <span class='ocrx_word' id='word_1_5' title='bbox 860 467 958 538; x_wconf 89' lang='lat' dir='ltr'><strong>quibus</strong></span> <span class='ocrx_word' id='word_1_6' title='bbox 979 473 1024 520; x_wconf 89' lang='lat' dir='ltr'><strong>est</strong></span> <span class='ocrx_word' id='word_1_7' title='bbox 1042 464 1123 537; x_wconf 75' lang='lat' dir='ltr'><strong>vigor</strong></span> <span class='ocrx_word' id='word_1_8' title='bbox 1144 465 1216 521; x_wconf 91' lang='lat' dir='ltr'><strong>acris</strong></span> <span class='ocrx_word' id='word_1_9' title='bbox 1236 473 1266 523; x_wconf 83' lang='lat' dir='ltr'><strong>et</strong></span> <span class='ocrx_word' id='word_1_10' title='bbox 1285 469 1362 525; x_wconf 82' lang='lat' dir='ltr'><strong>altus</strong></span> 
     </span>
     <span class='ocr_line' id='line_1_2' title="bbox 430 546 1184 624; baseline -0.008 -18"><span class='ocrx_word' id='word_1_11' title='bbox 430 549 537 624; x_wconf 70' lang='lat' dir='ltr'><strong>Ingenii</strong></span> <span class='ocrx_word' id='word_1_12' title='bbox 558 549 687 621; x_wconf 78' lang='lat' dir='ltr'><strong>geniique</strong></span> <span class='ocrx_word' id='word_1_13' title='bbox 709 548 796 612; x_wconf 84' lang='lat' dir='ltr'><strong>favor,</strong></span> <span class='ocrx_word' id='word_1_14' title='bbox 820 547 917 618; x_wconf 90' lang='lat' dir='ltr'><strong>quibus</strong></span> <span class='ocrx_word' id='word_1_15' title='bbox 939 547 1046 618; x_wconf 83' lang='lat' dir='ltr'><strong>inclyta</strong></span> <span class='ocrx_word' id='word_1_16' title='bbox 1065 546 1184 601; x_wconf 88' lang='lat' dir='ltr'><strong>abortu</strong></span> 
     </span>
     <span class='ocr_line' id='line_1_3' title="bbox 429 627 1043 698; baseline -0.01 -12"><span class='ocrx_word' id='word_1_17' title='bbox 429 630 532 686; x_wconf 90' lang='lat' dir='ltr'><strong>Uranie</strong></span> <span class='ocrx_word' id='word_1_18' title='bbox 552 628 634 682; x_wconf 90' lang='lat' dir='ltr'><strong>Dium</strong></span> <span class='ocrx_word' id='word_1_19' title='bbox 656 627 726 680; x_wconf 86' lang='lat' dir='ltr'><strong>coeli</strong></span> <span class='ocrx_word' id='word_1_20' title='bbox 747 627 893 698; x_wconf 74' lang='lat' dir='ltr'><strong>inspiravit</strong></span> <span class='ocrx_word' id='word_1_21' title='bbox 914 644 1043 690; x_wconf 82' lang='lat' dir='ltr'><strong>amorem,</strong></span> 
     </span>
     <span class='ocr_line' id='line_1_4' title="bbox 424 705 1222 780; baseline -0.005 -14"><span class='ocrx_word' id='word_1_22' title='bbox 424 713 463 766; x_wconf 83' lang='lat' dir='ltr'><strong>Et</strong></span> <span class='ocrx_word' id='word_1_23' title='bbox 482 709 557 763; x_wconf 90' lang='lat' dir='ltr'><strong>dedit</strong></span> <span class='ocrx_word' id='word_1_24' title='bbox 577 708 716 761; x_wconf 77' lang='lat' dir='ltr'><strong>aethereis</strong></span> <span class='ocrx_word' id='word_1_25' title='bbox 737 709 849 763; x_wconf 84' lang='lat' dir='ltr'><strong>‘l&#39;erram</strong></span> <span class='ocrx_word' id='word_1_26' title='bbox 870 715 901 763; x_wconf 85' lang='lat' dir='ltr'><strong>et</strong></span> <span class='ocrx_word' id='word_1_27' title='bbox 920 705 1075 763; x_wconf 71' lang='lat' dir='ltr'><strong>Terrestris</strong></span> <span class='ocrx_word' id='word_1_28' title='bbox 1095 722 1222 780; x_wconf 88' lang='lat' dir='ltr'><strong>quaeque</strong></span> 
     </span>
     <span class='ocr_line' id='line_1_5' title="bbox 426 786 1153 859; baseline -0.008 -14"><span class='ocrx_word' id='word_1_29' title='bbox 426 788 624 846; x_wconf 86' lang='lat' dir='ltr'><strong>Posthabuisse</strong></span> <span class='ocrx_word' id='word_1_30' title='bbox 646 788 740 842; x_wconf 92' lang='lat' dir='ltr'><strong>bonis:</strong></span> <span class='ocrx_word' id='word_1_31' title='bbox 762 789 807 858; x_wconf 93' lang='lat' dir='ltr'><strong>qui</strong></span> <span class='ocrx_word' id='word_1_32' title='bbox 829 807 883 842; x_wconf 91' lang='lat' dir='ltr'><strong>non</strong></span> <span class='ocrx_word' id='word_1_33' title='bbox 904 787 1056 843; x_wconf 87' lang='lat' dir='ltr'><strong>temeraria</strong></span> <span class='ocrx_word' id='word_1_34' title='bbox 1074 786 1153 859; x_wconf 79' lang='lat' dir='ltr'><strong>vulgi</strong></span> 
     </span>
     <span class='ocr_line' id='line_1_6' title="bbox 428 867 1136 935; baseline -0.008 -7"><span class='ocrx_word' id='word_1_35' title='bbox 428 869 545 935; x_wconf 82' lang='lat' dir='ltr'><strong>Judioic,</strong></span> <span class='ocrx_word' id='word_1_36' title='bbox 565 873 619 924; x_wconf 89' lang='lat' dir='ltr'><strong>aut</strong></span> <span class='ocrx_word' id='word_1_37' title='bbox 636 869 753 925; x_wconf 70' lang='lat' dir='ltr'><strong>tetrice·</strong></span> <span class='ocrx_word' id='word_1_38' title='bbox 774 886 855 924; x_wconf 83' lang='lat' dir='ltr'><strong>voces</strong></span> <span class='ocrx_word' id='word_1_39' title='bbox 876 868 979 925; x_wconf 83' lang='lat' dir='ltr'><strong>curatis</strong></span> <span class='ocrx_word' id='word_1_40' title='bbox 1000 867 1136 931; x_wconf 73' lang='lat' dir='ltr'><strong>inertumr</strong></span> 
     </span>
     <span class='ocr_line' id='line_1_7' title="bbox 430 946 1129 1022; baseline -0.009 -15"><span class='ocrx_word' id='word_1_41' title='bbox 430 949 561 1007; x_wconf 76' lang='lat' dir='ltr'><strong>Obscuris</strong></span> <span class='ocrx_word' id='word_1_42' title='bbox 582 948 676 1019; x_wconf 88' lang='lat' dir='ltr'><strong>talpas</strong></span> <span class='ocrx_word' id='word_1_43' title='bbox 698 947 839 1003; x_wconf 81' lang='lat' dir='ltr'><strong>mittentes</strong></span> <span class='ocrx_word' id='word_1_44' title='bbox 860 950 963 1022; x_wconf 76' lang='lat' dir='ltr'><strong>degere</strong></span> <span class='ocrx_word' id='word_1_45' title='bbox 984 948 1013 1003; x_wconf 92' lang='lat' dir='ltr'><strong>in</strong></span> <span class='ocrx_word' id='word_1_46' title='bbox 1033 946 1129 1010; x_wconf 89' lang='lat' dir='ltr'><strong>antris,</strong></span> 
     </span>
     <span class='ocr_line' id='line_1_8' title="bbox 427 1026 1263 1102; baseline -0.001 -16"><span class='ocrx_word' id='word_1_47' title='bbox 427 1034 566 1102; x_wconf 85' lang='lat' dir='ltr'><strong>Perpetuo</strong></span> <span class='ocrx_word' id='word_1_48' title='bbox 587 1038 620 1083; x_wconf 89' lang='lat' dir='ltr'><strong>ut</strong></span> <span class='ocrx_word' id='word_1_49' title='bbox 641 1045 740 1082; x_wconf 86' lang='lat' dir='ltr'><strong>coccae</strong></span> <span class='ocrx_word' id='word_1_50' title='bbox 760 1036 900 1095; x_wconf 88' lang='lat' dir='ltr'><strong>maneant,</strong></span> <span class='ocrx_word' id='word_1_51' title='bbox 922 1030 1000 1083; x_wconf 84' lang='lat' dir='ltr'><strong>velut</strong></span> <span class='ocrx_word' id='word_1_52' title='bbox 1020 1046 1081 1082; x_wconf 89' lang='lat' dir='ltr'><strong>esse</strong></span> <span class='ocrx_word' id='word_1_53' title='bbox 1102 1026 1263 1099; x_wconf 87' lang='lat' dir='ltr'><strong>cupiscunt:</strong></span> 
     </span>
     <span class='ocr_line' id='line_1_9' title="bbox 429 1101 1269 1181; baseline -0.001 -14"><span class='ocrx_word' id='word_1_54' title='bbox 429 1115 491 1167; x_wconf 89' lang='lat' dir='ltr'><strong>lluc</strong></span> <span class='ocrx_word' id='word_1_55' title='bbox 511 1110 617 1181; x_wconf 79' lang='lat' dir='ltr'><strong>spirate</strong></span> <span class='ocrx_word' id='word_1_56' title='bbox 637 1109 764 1172; x_wconf 59' lang='lat' dir='ltr'><strong>alacrem</strong></span> <span class='ocrx_word' id='word_1_57' title='bbox 784 1110 889 1181; x_wconf 90' lang='lat' dir='ltr'><strong>populo</strong></span> <span class='ocrx_word' id='word_1_58' title='bbox 910 1101 965 1164; x_wconf 75' lang='lat' dir='ltr'><strong>buc</strong></span> <span class='ocrx_word' id='word_1_59' title='bbox 983 1114 1050 1180; x_wconf 90' lang='lat' dir='ltr'><strong>post</strong></span> <span class='ocrx_word' id='word_1_60' title='bbox 1069 1113 1152 1179; x_wconf 76' lang='lat' dir='ltr'><strong>terga</strong></span> <span class='ocrx_word' id='word_1_61' title='bbox 1172 1111 1269 1166; x_wconf 87' lang='lat' dir='ltr'><strong>relicto</strong></span> 
     </span>
     <span class='ocr_line' id='line_1_10' title="bbox 428 1189 1246 1263; baseline -0.002 -16"><span class='ocrx_word' id='word_1_62' title='bbox 428 1192 560 1254; x_wconf 78' lang='lat' dir='ltr'><strong>Tendite3</strong></span> <span class='ocrx_word' id='word_1_63' title='bbox 581 1209 632 1244; x_wconf 89' lang='lat' dir='ltr'><strong>neo</strong></span> <span class='ocrx_word' id='word_1_64' title='bbox 652 1198 779 1254; x_wconf 88' lang='lat' dir='ltr'><strong>mentem,</strong></span> <span class='ocrx_word' id='word_1_65' title='bbox 801 1207 872 1263; x_wconf 84' lang='lat' dir='ltr'><strong>quae</strong></span> <span class='ocrx_word' id='word_1_66' title='bbox 893 1207 957 1262; x_wconf 89' lang='lat' dir='ltr'><strong>pars</strong></span> <span class='ocrx_word' id='word_1_67' title='bbox 979 1197 1024 1245; x_wconf 90' lang='lat' dir='ltr'><strong>est</strong></span> <span class='ocrx_word' id='word_1_68' title='bbox 1044 1189 1147 1244; x_wconf 88' lang='lat' dir='ltr'><strong>enthea</strong></span> <span class='ocrx_word' id='word_1_69' title='bbox 1168 1191 1246 1256; x_wconf 82' lang='lat' dir='ltr'><strong>coeli,</strong></span> 
     </span>
     <span class='ocr_line' id='line_1_11' title="bbox 426 1268 1227 1342; baseline -0.004 -14"><span class='ocrx_word' id='word_1_70' title='bbox 426 1276 486 1328; x_wconf 89' lang='lat' dir='ltr'><strong>lloo</strong></span> <span class='ocrx_word' id='word_1_71' title='bbox 506 1271 598 1342; x_wconf 86' lang='lat' dir='ltr'><strong>patrio</strong></span> <span class='ocrx_word' id='word_1_72' title='bbox 618 1269 727 1341; x_wconf 83' lang='lat' dir='ltr'><strong>private</strong></span> <span class='ocrx_word' id='word_1_73' title='bbox 749 1272 836 1332; x_wconf 82' lang='lat' dir='ltr'><strong>bono;</strong></span> <span class='ocrx_word' id='word_1_74' title='bbox 858 1270 978 1326; x_wconf 87' lang='lat' dir='ltr'><strong>studium</strong></span> <span class='ocrx_word' id='word_1_75' title='bbox 999 1275 1084 1340; x_wconf 84' lang='lat' dir='ltr'><strong>etque</strong></span> <span class='ocrx_word' id='word_1_76' title='bbox 1104 1268 1227 1325; x_wconf 90' lang='lat' dir='ltr'><strong>laborem</strong></span> 
     </span>
     <span class='ocr_line' id='line_1_12' title="bbox 427 1348 1183 1421; baseline -0.009 -12"><span class='ocrx_word' id='word_1_77' title='bbox 427 1356 489 1409; x_wconf 84' lang='lat' dir='ltr'><strong>lluc</strong></span> <span class='ocrx_word' id='word_1_78' title='bbox 510 1352 581 1406; x_wconf 83' lang='lat' dir='ltr'><strong>ferte</strong></span> <span class='ocrx_word' id='word_1_79' title='bbox 602 1351 763 1414; x_wconf 84' lang='lat' dir='ltr'><strong>unanimes;</strong></span> <span class='ocrx_word' id='word_1_80' title='bbox 786 1351 859 1406; x_wconf 81' lang='lat' dir='ltr'><strong>fesso</strong></span> <span class='ocrx_word' id='word_1_81' title='bbox 871 1348 913 1406; x_wconf 87' lang='lat' dir='ltr'><strong>&#39;ut</strong></span> <span class='ocrx_word' id='word_1_82' title='bbox 932 1367 1090 1406; x_wconf 75' lang='lat' dir='ltr'><strong>succurrere</strong></span> <span class='ocrx_word' id='word_1_83' title='bbox 1111 1348 1183 1421; x_wconf 77' lang='lat' dir='ltr'><strong>Regi</strong></span> 
     </span>
     <span class='ocr_line' id='line_1_13' title="bbox 427 1429 1104 1502; baseline -0.007 -13"><span class='ocrx_word' id='word_1_84' title='bbox 427 1434 544 1489; x_wconf 82' lang='lat' dir='ltr'><strong>Alfonso</strong></span> <span class='ocrx_word' id='word_1_85' title='bbox 565 1430 657 1495; x_wconf 82' lang='lat' dir='ltr'><strong>liceat,</strong></span> <span class='ocrx_word' id='word_1_86' title='bbox 680 1433 786 1502; x_wconf 91' lang='lat' dir='ltr'><strong>pondus</strong></span> <span class='ocrx_word' id='word_1_87' title='bbox 808 1449 862 1487; x_wconf 91' lang='lat' dir='ltr'><strong>non</strong></span> <span class='ocrx_word' id='word_1_88' title='bbox 883 1431 986 1486; x_wconf 83' lang='lat' dir='ltr'><strong>viribus</strong></span> <span class='ocrx_word' id='word_1_89' title='bbox 1008 1429 1104 1501; x_wconf 87' lang='lat' dir='ltr'><strong>aequis</strong></span> 
     </span>
     <span class='ocr_line' id='line_1_14' title="bbox 429 1509 1134 1578; baseline -0.006 -11"><span class='ocrx_word' id='word_1_90' title='bbox 429 1513 481 1578; x_wconf 87' lang='lat' dir='ltr'><strong>Qui</strong></span> <span class='ocrx_word' id='word_1_91' title='bbox 502 1514 580 1566; x_wconf 90' lang='lat' dir='ltr'><strong>modo</strong></span> <span class='ocrx_word' id='word_1_92' title='bbox 601 1511 680 1566; x_wconf 83' lang='lat' dir='ltr'><strong>ricini</strong></span> <span class='ocrx_word' id='word_1_93' title='bbox 702 1512 808 1567; x_wconf 90' lang='lat' dir='ltr'><strong>tulerat</strong></span> <span class='ocrx_word' id='word_1_94' title='bbox 828 1528 970 1567; x_wconf 86' lang='lat' dir='ltr'><strong>successor</strong></span> <span class='ocrx_word' id='word_1_95' title='bbox 990 1509 1134 1573; x_wconf 74' lang='lat' dir='ltr'><strong>Atlantis3</strong></span> 
     </span>
     <span class='ocr_line' id='line_1_15' title="bbox 426 1590 1182 1663; baseline -0.005 -15"><span class='ocrx_word' id='word_1_96' title='bbox 426 1592 567 1649; x_wconf 83' lang='lat' dir='ltr'><strong>Auxilium</strong></span> <span class='ocrx_word' id='word_1_97' title='bbox 589 1592 668 1645; x_wconf 88' lang='lat' dir='ltr'><strong>simul</strong></span> <span class='ocrx_word' id='word_1_98' title='bbox 690 1598 722 1646; x_wconf 92' lang='lat' dir='ltr'><strong>ut</strong></span> <span class='ocrx_word' id='word_1_99' title='bbox 741 1599 876 1662; x_wconf 86' lang='lat' dir='ltr'><strong>promtum</strong></span> <span class='ocrx_word' id='word_1_100' title='bbox 897 1592 1063 1663; x_wconf 89' lang='lat' dir='ltr'><strong>Copernicus</strong></span> <span class='ocrx_word' id='word_1_101' title='bbox 1084 1590 1182 1662; x_wconf 77' lang='lat' dir='ltr'><strong>ingens</strong></span> 
     </span>
     <span class='ocr_line' id='line_1_16' title="bbox 427 1670 1144 1737; baseline -0.007 -7"><span class='ocrx_word' id='word_1_102' title='bbox 427 1674 552 1735; x_wconf 86' lang='lat' dir='ltr'><strong>Sentiat;</strong></span> <span class='ocrx_word' id='word_1_103' title='bbox 574 1672 712 1727; x_wconf 87' lang='lat' dir='ltr'><strong>Herculeo</strong></span> <span class='ocrx_word' id='word_1_104' title='bbox 732 1688 777 1737; x_wconf 82' lang='lat' dir='ltr'><strong>ne,</strong></span> <span class='ocrx_word' id='word_1_105' title='bbox 798 1674 860 1727; x_wconf 90' lang='lat' dir='ltr'><strong>dum</strong></span> <span class='ocrx_word' id='word_1_106' title='bbox 882 1689 911 1727; x_wconf 93' lang='lat' dir='ltr'><strong>se</strong></span> <span class='ocrx_word' id='word_1_107' title='bbox 932 1672 1033 1726; x_wconf 80' lang='lat' dir='ltr'><strong>inferre</strong></span> <span class='ocrx_word' id='word_1_108' title='bbox 1053 1670 1144 1725; x_wconf 92' lang='lat' dir='ltr'><strong>labori</strong></span> 
     </span>
     <span class='ocr_line' id='line_1_17' title="bbox 428 1750 1123 1826; baseline -0.004 -17"><span class='ocrx_word' id='word_1_109' title='bbox 428 1753 600 1826; x_wconf 78' lang='lat' dir='ltr'><strong>Aggreditur</strong></span> <span class='ocrx_word' id='word_1_110' title='bbox 619 1753 714 1816; x_wconf 85' lang='lat' dir='ltr'><strong>fidens.</strong></span> <span class='ocrx_word' id='word_1_111' title='bbox 736 1753 813 1808; x_wconf 89' lang='lat' dir='ltr'><strong>oneri</strong></span> <span class='ocrx_word' id='word_1_112' title='bbox 834 1753 994 1807; x_wconf 79' lang='lat' dir='ltr'><strong>succumbet</strong></span> <span class='ocrx_word' id='word_1_113' title='bbox 1014 1750 1123 1823; x_wconf 90' lang='lat' dir='ltr'><strong>iniquo:</strong></span> 
     </span>
     <span class='ocr_line' id='line_1_18' title="bbox 430 1832 1215 1908; baseline -0.001 -18"><span class='ocrx_word' id='word_1_114' title='bbox 430 1836 528 1908; x_wconf 90' lang='lat' dir='ltr'><strong>Sicque</strong></span> <span class='ocrx_word' id='word_1_115' title='bbox 548 1833 615 1904; x_wconf 88' lang='lat' dir='ltr'><strong>poli,</strong></span> <span class='ocrx_word' id='word_1_116' title='bbox 637 1834 761 1887; x_wconf 81' lang='lat' dir='ltr'><strong>Atlantis</strong></span> <span class='ocrx_word' id='word_1_117' title='bbox 783 1834 854 1887; x_wconf 85' lang='lat' dir='ltr'><strong>cassi</strong></span> <span class='ocrx_word' id='word_1_118' title='bbox 875 1832 1043 1904; x_wconf 80' lang='lat' dir='ltr'><strong>Alcidaeque</strong></span> <span class='ocrx_word' id='word_1_119' title='bbox 1065 1833 1215 1900; x_wconf 78' lang='lat' dir='ltr'><strong>columnis‚⁴</strong></span> 
     </span>
     <span class='ocr_line' id='line_1_19' title="bbox 428 1912 1119 1987; baseline -0.006 -16"><span class='ocrx_word' id='word_1_120' title='bbox 428 1918 581 1987; x_wconf 78' lang='lat' dir='ltr'><strong>Ingentem,</strong></span> <span class='ocrx_word' id='word_1_121' title='bbox 599 1913 659 1983; x_wconf 83' lang='lat' dir='ltr'><strong>jem</strong></span> <span class='ocrx_word' id='word_1_122' title='bbox 675 1915 736 1982; x_wconf 89' lang='lat' dir='ltr'><strong>jam</strong></span> <span class='ocrx_word' id='word_1_123' title='bbox 757 1920 897 1978; x_wconf 70' lang='lat' dir='ltr'><strong>nutantes,</strong></span> <span class='ocrx_word' id='word_1_124' title='bbox 919 1914 991 1967; x_wconf 81' lang='lat' dir='ltr'><strong>serre</strong></span> <span class='ocrx_word' id='word_1_125' title='bbox 1013 1912 1119 1967; x_wconf 85' lang='lat' dir='ltr'><strong>ruinam</strong></span> 
     </span>
     <span class='ocr_line' id='line_1_20' title="bbox 426 1988 1210 2067; baseline -0.008 -14"><span class='ocrx_word' id='word_1_126' title='bbox 426 1998 569 2067; x_wconf 63' lang='lat' dir='ltr'><strong>cogantur</strong></span> <span class='ocrx_word' id='word_1_127' title='bbox 589 1995 755 2066; x_wconf 90' lang='lat' dir='ltr'><strong>Terramque</strong></span> <span class='ocrx_word' id='word_1_128' title='bbox 777 1993 857 2050; x_wconf 90' lang='lat' dir='ltr'><strong>simul</strong></span> <span class='ocrx_word' id='word_1_129' title='bbox 878 1993 998 2049; x_wconf 88' lang='lat' dir='ltr'><strong>statione</strong></span> <span class='ocrx_word' id='word_1_130' title='bbox 1019 1988 1210 2063; x_wconf 72' lang='lat' dir='ltr'><strong>moventes‚⁸)</strong></span> 
     </span>
     <span class='ocr_line' id='line_1_21' title="bbox 426 2070 1183 2147; baseline -0.004 -17"><span class='ocrx_word' id='word_1_131' title='bbox 426 2074 579 2131; x_wconf 88' lang='lat' dir='ltr'><strong>Barbariae</strong></span> <span class='ocrx_word' id='word_1_132' title='bbox 600 2074 749 2144; x_wconf 85' lang='lat' dir='ltr'><strong>hospitium</strong></span> <span class='ocrx_word' id='word_1_133' title='bbox 770 2070 880 2145; x_wconf 79' lang='lat' dir='ltr'><strong>(cresse</strong></span> <span class='ocrx_word' id='word_1_134' title='bbox 899 2072 1059 2147; x_wconf 76' lang='lat' dir='ltr'><strong>ignorantia</strong></span> <span class='ocrx_word' id='word_1_135' title='bbox 1079 2073 1150 2128; x_wconf 90' lang='lat' dir='ltr'><strong>coeli</strong></span> <span class='ocrx_word' id='word_1_136' title='bbox 1180 2092 1183 2103; x_wconf 93' lang='lat'>·</span> 
     </span>
     <span class='ocr_line' id='line_1_22' title="bbox 427 2149 1315 2227; baseline 0.001 -16"><span class='ocrx_word' id='word_1_137' title='bbox 427 2158 514 2220; x_wconf 86' lang='lat' dir='ltr'><strong>Quam</strong></span> <span class='ocrx_word' id='word_1_138' title='bbox 535 2149 641 2225; x_wconf 86' lang='lat' dir='ltr'><strong>pariet)</strong></span> <span class='ocrx_word' id='word_1_139' title='bbox 662 2161 829 2226; x_wconf 87' lang='lat' dir='ltr'><strong>cunctosque</strong></span> <span class='ocrx_word' id='word_1_140' title='bbox 850 2154 972 2209; x_wconf 90' lang='lat' dir='ltr'><strong>homines</strong></span> <span class='ocrx_word' id='word_1_141' title='bbox 994 2154 1166 2225; x_wconf 82' lang='lat' dir='ltr'><strong>pecudesque</strong></span> <span class='ocrx_word' id='word_1_142' title='bbox 1188 2157 1315 2227; x_wconf 80' lang='lat' dir='ltr'><strong>ferasque</strong></span> 
     </span>
     <span class='ocr_line' id='line_1_23' title="bbox 426 2233 1120 2307; baseline -0.004 -17"><span class='ocrx_word' id='word_1_143' title='bbox 426 2237 582 2291; x_wconf 83' lang='lat' dir='ltr'><strong>Turbsntes</strong></span> <span class='ocrx_word' id='word_1_144' title='bbox 604 2251 669 2289; x_wconf 87' lang='lat' dir='ltr'><strong>casu</strong></span> <span class='ocrx_word' id='word_1_145' title='bbox 691 2236 805 2306; x_wconf 84' lang='lat' dir='ltr'><strong>ancipiti</strong></span> <span class='ocrx_word' id='word_1_146' title='bbox 827 2236 969 2307; x_wconf 90' lang='lat' dir='ltr'><strong>coecisque</strong></span> <span class='ocrx_word' id='word_1_147' title='bbox 990 2233 1120 2298; x_wconf 84' lang='lat' dir='ltr'><strong>tenebris,</strong></span> 
     </span>
     <span class='ocr_line' id='line_1_24' title="bbox 426 2313 1075 2387; baseline -0.003 -16"><span class='ocrx_word' id='word_1_148' title='bbox 426 2317 601 2387; x_wconf 82' lang='lat' dir='ltr'><strong>Antiquoque</strong></span> <span class='ocrx_word' id='word_1_149' title='bbox 622 2317 693 2370; x_wconf 87' lang='lat' dir='ltr'><strong>chao</strong></span> <span class='ocrx_word' id='word_1_150' title='bbox 714 2316 859 2370; x_wconf 80' lang='lat' dir='ltr'><strong>miscentes</strong></span> <span class='ocrx_word' id='word_1_151' title='bbox 881 2314 955 2369; x_wconf 89' lang='lat' dir='ltr'><strong>atria</strong></span> <span class='ocrx_word' id='word_1_152' title='bbox 975 2313 1075 2369; x_wconf 89' lang='lat' dir='ltr'><strong>mundi.</strong></span> 
     </span>
     <span class='ocr_line' id='line_1_25' title="bbox 427 2394 1199 2467; baseline -0.005 -16"><span class='ocrx_word' id='word_1_153' title='bbox 427 2400 487 2451; x_wconf 83' lang='lat' dir='ltr'><strong>lloc</strong></span> <span class='ocrx_word' id='word_1_154' title='bbox 507 2397 653 2466; x_wconf 86' lang='lat' dir='ltr'><strong>prohibete</strong></span> <span class='ocrx_word' id='word_1_155' title='bbox 676 2397 755 2450; x_wconf 80' lang='lat' dir='ltr'><strong>nefas</strong></span> <span class='ocrx_word' id='word_1_156' title='bbox 777 2412 917 2467; x_wconf 90' lang='lat' dir='ltr'><strong>pronoque</strong></span> <span class='ocrx_word' id='word_1_157' title='bbox 938 2394 1072 2449; x_wconf 87' lang='lat' dir='ltr'><strong>occurrite</strong></span> <span class='ocrx_word' id='word_1_158' title='bbox 1093 2394 1199 2458; x_wconf 85' lang='lat' dir='ltr'><strong>damno,</strong></span> 
     </span>
     <span class='ocr_line' id='line_1_26' title="bbox 426 2475 1228 2546; baseline 0 -15"><span class='ocrx_word' id='word_1_159' title='bbox 426 2480 464 2532; x_wconf 86' lang='lat' dir='ltr'><strong>Et</strong></span> <span class='ocrx_word' id='word_1_160' title='bbox 483 2494 587 2531; x_wconf 88' lang='lat' dir='ltr'><strong>mecum</strong></span> <span class='ocrx_word' id='word_1_161' title='bbox 607 2477 747 2531; x_wconf 86' lang='lat' dir='ltr'><strong>excelsum</strong></span> <span class='ocrx_word' id='word_1_162' title='bbox 768 2477 867 2531; x_wconf 79' lang='lat' dir='ltr'><strong>validis</strong></span> <span class='ocrx_word' id='word_1_163' title='bbox 887 2475 1062 2530; x_wconf 85' lang='lat' dir='ltr'><strong>conscendite</strong></span> <span class='ocrx_word' id='word_1_164' title='bbox 1084 2475 1228 2546; x_wconf 82' lang='lat' dir='ltr'><strong>Olympum</strong></span> 
     </span>
     <span class='ocr_line' id='line_1_27' title="bbox 427 2555 1104 2620; baseline -0.003 -9"><span class='ocrx_word' id='word_1_165' title='bbox 427 2558 545 2620; x_wconf 88' lang='lat' dir='ltr'><strong>Viribus,</strong></span> <span class='ocrx_word' id='word_1_166' title='bbox 568 2563 600 2611; x_wconf 88' lang='lat' dir='ltr'><strong>ut</strong></span> <span class='ocrx_word' id='word_1_167' title='bbox 619 2558 699 2611; x_wconf 82' lang='lat' dir='ltr'><strong>fissas</strong></span> <span class='ocrx_word' id='word_1_168' title='bbox 720 2564 828 2611; x_wconf 85' lang='lat' dir='ltr'><strong>msture</strong></span> <span class='ocrx_word' id='word_1_169' title='bbox 848 2557 992 2611; x_wconf 85' lang='lat' dir='ltr'><strong>occludere</strong></span> <span class='ocrx_word' id='word_1_170' title='bbox 1011 2555 1104 2620; x_wconf 81' lang='lat' dir='ltr'><strong>rimas,</strong></span> 
     </span>
     <span class='ocr_line' id='line_1_28' title="bbox 427 2635 1128 2710; baseline -0.004 -17"><span class='ocrx_word' id='word_1_171' title='bbox 427 2639 465 2693; x_wconf 77' lang='lat' dir='ltr'><strong>lit</strong></span> <span class='ocrx_word' id='word_1_172' title='bbox 486 2638 613 2692; x_wconf 85' lang='lat' dir='ltr'><strong>stsbilire</strong></span> <span class='ocrx_word' id='word_1_173' title='bbox 634 2637 711 2693; x_wconf 81' lang='lat' dir='ltr'><strong>novis</strong></span> <span class='ocrx_word' id='word_1_174' title='bbox 732 2638 802 2692; x_wconf 89' lang='lat' dir='ltr'><strong>coeli</strong></span> <span class='ocrx_word' id='word_1_175' title='bbox 823 2636 970 2710; x_wconf 82' lang='lat' dir='ltr'><strong>laquearia</strong></span> <span class='ocrx_word' id='word_1_176' title='bbox 989 2635 1128 2701; x_wconf 81' lang='lat' dir='ltr'><strong>transtris,</strong></span> 
     </span>
     <span class='ocr_line' id='line_1_29' title="bbox 427 2716 1225 2790; baseline 0.001 -17"><span class='ocrx_word' id='word_1_177' title='bbox 427 2720 542 2790; x_wconf 86' lang='lat' dir='ltr'><strong>Jamque</strong></span> <span class='ocrx_word' id='word_1_178' title='bbox 563 2718 639 2788; x_wconf 85' lang='lat' dir='ltr'><strong>prius</strong></span> <span class='ocrx_word' id='word_1_179' title='bbox 660 2717 753 2783; x_wconf 83' lang='lat' dir='ltr'><strong>liceat,</strong></span> <span class='ocrx_word' id='word_1_180' title='bbox 776 2734 856 2790; x_wconf 85' lang='lat' dir='ltr'><strong>quarn</strong></span> <span class='ocrx_word' id='word_1_181' title='bbox 877 2716 1006 2772; x_wconf 83' lang='lat' dir='ltr'><strong>machina</strong></span> <span class='ocrx_word' id='word_1_182' title='bbox 1025 2722 1086 2772; x_wconf 86' lang='lat' dir='ltr'><strong>tota</strong></span> <span class='ocrx_word' id='word_1_183' title='bbox 1105 2716 1225 2774; x_wconf 65' lang='lat' dir='ltr'><strong>sedeat.</strong></span> 
     </span>
    </p>
   </div>
   <div class='ocr_carea' id='block_1_2' title="bbox 425 2868 1343 3988">
    <p class='ocr_par' dir='ltr' id='par_1_2' title="bbox 426 2868 1343 3336">
     <span class='ocr_line' id='line_1_30' title="bbox 479 2868 1343 2943; baseline 0.005 -18"><span class='ocrx_word' id='word_1_184' title='bbox 479 2870 579 2941; x_wconf 86' lang='lat' dir='ltr'><strong>Ecquis</strong></span> <span class='ocrx_word' id='word_1_185' title='bbox 599 2872 680 2924; x_wconf 86' lang='lat' dir='ltr'><strong>adest</strong></span> <span class='ocrx_word' id='word_1_186' title='bbox 700 2870 794 2943; x_wconf 80' lang='lat' dir='ltr'><strong>igitur,</strong></span> <span class='ocrx_word' id='word_1_187' title='bbox 816 2871 959 2941; x_wconf 83' lang='lat' dir='ltr'><strong>pulchram</strong></span> <span class='ocrx_word' id='word_1_188' title='bbox 980 2868 1043 2924; x_wconf 87' lang='lat' dir='ltr'><strong>binc</strong></span> <span class='ocrx_word' id='word_1_189' title='bbox 1063 2868 1194 2925; x_wconf 89' lang='lat' dir='ltr'><strong>meruisse</strong></span> <span class='ocrx_word' id='word_1_190' title='bbox 1215 2880 1343 2929; x_wconf 82' lang='lat' dir='ltr'><strong>cbronsm</strong></span> 
     </span>
     <span class='ocr_line' id='line_1_31' title="bbox 430 2950 1132 3023; baseline -0.001 -18"><span class='ocrx_word' id='word_1_191' title='bbox 430 2952 548 3023; x_wconf 80' lang='lat' dir='ltr'><strong>Obryro,</strong></span> <span class='ocrx_word' id='word_1_192' title='bbox 571 2952 694 3023; x_wconf 75' lang='lat' dir='ltr'><strong>genimis,</strong></span> <span class='ocrx_word' id='word_1_193' title='bbox 716 2953 800 3006; x_wconf 85' lang='lat' dir='ltr'><strong>ebore</strong></span> <span class='ocrx_word' id='word_1_194' title='bbox 821 2960 851 3005; x_wconf 89' lang='lat' dir='ltr'><strong>et</strong></span> <span class='ocrx_word' id='word_1_195' title='bbox 871 2950 1005 3005; x_wconf 87' lang='lat' dir='ltr'><strong>rutilante</strong></span> <span class='ocrx_word' id='word_1_196' title='bbox 1026 2966 1132 3021; x_wconf 75' lang='lat' dir='ltr'><strong>pyropo</strong></span> 
     </span>
     <span class='ocr_line' id='line_1_32' title="bbox 428 3031 1240 3103; baseline 0.001 -17"><span class='ocrx_word' id='word_1_197' title='bbox 428 3033 608 3103; x_wconf 85' lang='lat' dir='ltr'><strong>Conspicuam</strong></span> <span class='ocrx_word' id='word_1_198' title='bbox 628 3032 785 3103; x_wconf 77' lang='lat' dir='ltr'><strong>firmamque</strong></span> <span class='ocrx_word' id='word_1_199' title='bbox 808 3031 896 3103; x_wconf 75' lang='lat' dir='ltr'><strong>megia</strong></span> <span class='ocrx_word' id='word_1_200' title='bbox 915 3031 1071 3102; x_wconf 74' lang='lat' dir='ltr'><strong>saeclisque</strong></span> <span class='ocrx_word' id='word_1_201' title='bbox 1092 3046 1240 3100; x_wconf 85' lang='lat' dir='ltr'><strong>perennem</strong></span> 
     </span>
     <span class='ocr_line' id='line_1_33' title="bbox 428 3110 1238 3184; baseline 0.001 -18"><span class='ocrx_word' id='word_1_202' title='bbox 428 3113 480 3176; x_wconf 89' lang='lat' dir='ltr'><strong>Qui</strong></span> <span class='ocrx_word' id='word_1_203' title='bbox 501 3114 578 3166; x_wconf 79' lang='lat' dir='ltr'><strong>solet</strong></span> <span class='ocrx_word' id='word_1_204' title='bbox 598 3120 682 3184; x_wconf 83' lang='lat' dir='ltr'><strong>atque</strong></span> <span class='ocrx_word' id='word_1_205' title='bbox 704 3112 801 3166; x_wconf 84' lang='lat' dir='ltr'><strong>animis</strong></span> <span class='ocrx_word' id='word_1_206' title='bbox 822 3111 942 3166; x_wconf 87' lang='lat' dir='ltr'><strong>animum</strong></span> <span class='ocrx_word' id='word_1_207' title='bbox 962 3110 1068 3164; x_wconf 88' lang='lat' dir='ltr'><strong>sociare</strong></span> <span class='ocrx_word' id='word_1_208' title='bbox 1089 3112 1238 3181; x_wconf 81' lang='lat' dir='ltr'><strong>supernis?</strong></span> 
     </span>
     <span class='ocr_line' id='line_1_34' title="bbox 426 3191 1132 3263; baseline -0.004 -16"><span class='ocrx_word' id='word_1_209' title='bbox 426 3192 527 3263; x_wconf 80' lang='lat' dir='ltr'><strong>Ecquis</strong></span> <span class='ocrx_word' id='word_1_210' title='bbox 548 3193 702 3247; x_wconf 82' lang='lat' dir='ltr'><strong>Terricolss</strong></span> <span class='ocrx_word' id='word_1_211' title='bbox 724 3192 804 3255; x_wconf 84' lang='lat' dir='ltr'><strong>inter,</strong></span> <span class='ocrx_word' id='word_1_212' title='bbox 827 3210 893 3262; x_wconf 89' lang='lat' dir='ltr'><strong>quos</strong></span> <span class='ocrx_word' id='word_1_213' title='bbox 916 3191 1038 3244; x_wconf 87' lang='lat' dir='ltr'><strong>continet</strong></span> <span class='ocrx_word' id='word_1_214' title='bbox 1059 3191 1132 3245; x_wconf 89' lang='lat' dir='ltr'><strong>orbis</strong></span> 
     </span>
     <span class='ocr_line' id='line_1_35' title="bbox 427 3272 1132 3336; baseline -0.007 -8"><span class='ocrx_word' id='word_1_215' title='bbox 427 3275 585 3328; x_wconf 87' lang='lat' dir='ltr'><strong>Innumeros</strong></span> <span class='ocrx_word' id='word_1_216' title='bbox 607 3275 724 3336; x_wconf 85' lang='lat' dir='ltr'><strong>dubitur,</strong></span> <span class='ocrx_word' id='word_1_217' title='bbox 747 3274 789 3325; x_wconf 90' lang='lat' dir='ltr'><strong>cui</strong></span> <span class='ocrx_word' id='word_1_218' title='bbox 812 3280 867 3326; x_wconf 84' lang='lat' dir='ltr'><strong>turn</strong></span> <span class='ocrx_word' id='word_1_219' title='bbox 889 3272 1018 3325; x_wconf 86' lang='lat' dir='ltr'><strong>sublimia</strong></span> <span class='ocrx_word' id='word_1_220' title='bbox 1038 3272 1132 3325; x_wconf 79' lang='lat' dir='ltr'><strong>cordi?</strong></span> 
     </span>
    </p>

    <p class='ocr_par' dir='ltr' id='par_1_3' title="bbox 428 3353 1161 3424">
     <span class='ocr_line' id='line_1_36' title="bbox 428 3353 1161 3424; baseline -0.003 -17"><span class='ocrx_word' id='word_1_221' title='bbox 428 3354 528 3424; x_wconf 80' lang='lat' dir='ltr'><strong>Ecquis</strong></span> <span class='ocrx_word' id='word_1_222' title='bbox 549 3362 579 3407; x_wconf 89' lang='lat' dir='ltr'><strong>et</strong></span> <span class='ocrx_word' id='word_1_223' title='bbox 599 3363 738 3408; x_wconf 83' lang='lat' dir='ltr'><strong>auctorem</strong></span> <span class='ocrx_word' id='word_1_224' title='bbox 760 3353 859 3415; x_wconf 84' lang='lat' dir='ltr'><strong>mundi,</strong></span> <span class='ocrx_word' id='word_1_225' title='bbox 881 3370 931 3422; x_wconf 87' lang='lat' dir='ltr'><strong>per</strong></span> <span class='ocrx_word' id='word_1_226' title='bbox 951 3353 1062 3406; x_wconf 88' lang='lat' dir='ltr'><strong>condita</strong></span> <span class='ocrx_word' id='word_1_227' title='bbox 1080 3358 1161 3405; x_wconf 84' lang='lat' dir='ltr'><strong>vasto</strong></span> 
     </span>
    </p>

    <p class='ocr_par' dir='ltr' id='par_1_4' title="bbox 425 3433 1186 3585">
     <span class='ocr_line' id='line_1_37' title="bbox 427 3433 1186 3505; baseline 0 -18"><span class='ocrx_word' id='word_1_228' title='bbox 427 3436 480 3488; x_wconf 84' lang='lat' dir='ltr'><strong>Tot</strong></span> <span class='ocrx_word' id='word_1_229' title='bbox 500 3435 623 3489; x_wconf 87' lang='lat' dir='ltr'><strong>mirande</strong></span> <span class='ocrx_word' id='word_1_230' title='bbox 644 3435 708 3504; x_wconf 92' lang='lat' dir='ltr'><strong>polo</strong></span> <span class='ocrx_word' id='word_1_231' title='bbox 730 3435 881 3504; x_wconf 86' lang='lat' dir='ltr'><strong>spectacla,</strong></span> <span class='ocrx_word' id='word_1_232' title='bbox 904 3448 1056 3505; x_wconf 76' lang='lat' dir='ltr'><strong>agnoscere</strong></span> <span class='ocrx_word' id='word_1_233' title='bbox 1077 3433 1186 3504; x_wconf 75' lang='lat' dir='ltr'><strong>gestit?</strong></span> 
     </span>
     <span class='ocr_line' id='line_1_38' title="bbox 425 3512 1180 3585; baseline -0.001 -17"><span class='ocrx_word' id='word_1_234' title='bbox 425 3515 505 3569; x_wconf 86' lang='lat' dir='ltr'><strong>Siene</strong></span> <span class='ocrx_word' id='word_1_235' title='bbox 527 3531 619 3569; x_wconf 90' lang='lat' dir='ltr'><strong>omnes</strong></span> <span class='ocrx_word' id='word_1_236' title='bbox 640 3515 746 3585; x_wconf 88' lang='lat' dir='ltr'><strong>pariter</strong></span> <span class='ocrx_word' id='word_1_237' title='bbox 767 3521 849 3569; x_wconf 86' lang='lat' dir='ltr'><strong>tanta</strong></span> <span class='ocrx_word' id='word_1_238' title='bbox 869 3515 904 3567; x_wconf 88' lang='lat' dir='ltr'><strong>ad</strong></span> <span class='ocrx_word' id='word_1_239' title='bbox 925 3513 1052 3583; x_wconf 85' lang='lat' dir='ltr'><strong>quaesita</strong></span> <span class='ocrx_word' id='word_1_240' title='bbox 1072 3512 1180 3567; x_wconf 73' lang='lat' dir='ltr'><strong>siletis?</strong></span> 
     </span>
    </p>

    <p class='ocr_par' dir='ltr' id='par_1_5' title="bbox 428 3593 1242 3745">
     <span class='ocr_line' id='line_1_39' title="bbox 429 3593 1242 3665; baseline -0.002 -15"><span class='ocrx_word' id='word_1_241' title='bbox 429 3596 500 3658; x_wconf 87' lang='lat' dir='ltr'><strong>Quid</strong></span> <span class='ocrx_word' id='word_1_242' title='bbox 519 3611 643 3650; x_wconf 88' lang='lat' dir='ltr'><strong>mussare</strong></span> <span class='ocrx_word' id='word_1_243' title='bbox 664 3596 763 3665; x_wconf 84' lang='lat' dir='ltr'><strong>juvat?</strong></span> <span class='ocrx_word' id='word_1_244' title='bbox 784 3595 883 3648; x_wconf 82' lang='lat' dir='ltr'><strong>Manus</strong></span> <span class='ocrx_word' id='word_1_245' title='bbox 905 3602 949 3647; x_wconf 88' lang='lat' dir='ltr'><strong>est</strong></span> <span class='ocrx_word' id='word_1_246' title='bbox 969 3593 1126 3647; x_wconf 83' lang='lat' dir='ltr'><strong>adhibenda</strong></span> <span class='ocrx_word' id='word_1_247' title='bbox 1146 3595 1242 3658; x_wconf 88' lang='lat' dir='ltr'><strong>labori,</strong></span> 
     </span>
     <span class='ocr_line' id='line_1_40' title="bbox 428 3673 1128 3745; baseline -0.006 -15"><span class='ocrx_word' id='word_1_248' title='bbox 428 3677 465 3730; x_wconf 94' lang='lat' dir='ltr'><strong>Ut</strong></span> <span class='ocrx_word' id='word_1_249' title='bbox 485 3679 595 3729; x_wconf 84' lang='lat' dir='ltr'><strong>tandem</strong></span> <span class='ocrx_word' id='word_1_250' title='bbox 616 3676 737 3730; x_wconf 87' lang='lat' dir='ltr'><strong>abstrusi</strong></span> <span class='ocrx_word' id='word_1_251' title='bbox 759 3682 877 3745; x_wconf 76' lang='lat' dir='ltr'><strong>pateant</strong></span> <span class='ocrx_word' id='word_1_252' title='bbox 896 3674 1030 3745; x_wconf 79' lang='lat' dir='ltr'><strong>mysteria</strong></span> <span class='ocrx_word' id='word_1_253' title='bbox 1050 3673 1128 3726; x_wconf 89' lang='lat' dir='ltr'><strong>coeli.</strong></span> 
     </span>
    </p>

    <p class='ocr_par' dir='ltr' id='par_1_6' title="bbox 428 3755 1127 3827">
     <span class='ocr_line' id='line_1_41' title="bbox 428 3755 1127 3827; baseline -0.006 -17"><span class='ocrx_word' id='word_1_254' title='bbox 428 3757 456 3811; x_wconf 90' lang='lat' dir='ltr'><strong>Si</strong></span> <span class='ocrx_word' id='word_1_255' title='bbox 478 3774 544 3827; x_wconf 92' lang='lat' dir='ltr'><strong>quos</strong></span> <span class='ocrx_word' id='word_1_256' title='bbox 566 3757 689 3820; x_wconf 79' lang='lat' dir='ltr'><strong>ambitio,</strong></span> <span class='ocrx_word' id='word_1_257' title='bbox 711 3757 824 3819; x_wconf 89' lang='lat' dir='ltr'><strong>lucrum,</strong></span> <span class='ocrx_word' id='word_1_258' title='bbox 846 3755 1013 3826; x_wconf 65' lang='lat' dir='ltr'><strong>ignorantia</strong></span> <span class='ocrx_word' id='word_1_259' title='bbox 1036 3755 1127 3816; x_wconf 84' lang='lat' dir='ltr'><strong>luxus,</strong></span> 
     </span>
    </p>

    <p class='ocr_par' dir='ltr' id='par_1_7' title="bbox 427 3834 1279 3988">
     <span class='ocr_line' id='line_1_42' title="bbox 427 3834 1226 3890; baseline -0.004 0"><span class='ocrx_word' id='word_1_260' title='bbox 427 3838 494 3890; x_wconf 86' lang='lat' dir='ltr'><strong>Tam</strong></span> <span class='ocrx_word' id='word_1_261' title='bbox 515 3838 595 3890; x_wconf 89' lang='lat' dir='ltr'><strong>celsis</strong></span> <span class='ocrx_word' id='word_1_262' title='bbox 617 3836 764 3890; x_wconf 78' lang='lat' dir='ltr'><strong>retrahunt</strong></span> <span class='ocrx_word' id='word_1_263' title='bbox 784 3835 858 3889; x_wconf 88' lang='lat' dir='ltr'><strong>ausis</strong></span> <span class='ocrx_word' id='word_1_264' title='bbox 879 3835 963 3889; x_wconf 86' lang='lat' dir='ltr'><strong>etad</strong></span> <span class='ocrx_word' id='word_1_265' title='bbox 984 3834 1077 3889; x_wconf 83' lang='lat' dir='ltr'><strong>infima</strong></span> <span class='ocrx_word' id='word_1_266' title='bbox 1097 3834 1226 3888; x_wconf 90' lang='lat' dir='ltr'><strong>trudunt:</strong></span> 
     </span>
     <span class='ocr_line' id='line_1_43' title="bbox 427 3916 1279 3988; baseline 0 -17"><span class='ocrx_word' id='word_1_267' title='bbox 427 3917 533 3973; x_wconf 80' lang='lat' dir='ltr'><strong>Saltem</strong></span> <span class='ocrx_word' id='word_1_268' title='bbox 553 3917 616 3973; x_wconf 84' lang='lat' dir='ltr'><strong>aliis</strong></span> <span class='ocrx_word' id='word_1_269' title='bbox 635 3925 753 3988; x_wconf 84' lang='lat' dir='ltr'><strong>pareant</strong></span> <span class='ocrx_word' id='word_1_270' title='bbox 775 3934 825 3971; x_wconf 89' lang='lat' dir='ltr'><strong>nec</strong></span> <span class='ocrx_word' id='word_1_271' title='bbox 846 3916 985 3971; x_wconf 82' lang='lat' dir='ltr'><strong>commoda</strong></span> <span class='ocrx_word' id='word_1_272' title='bbox 1005 3929 1111 3969; x_wconf 86' lang='lat' dir='ltr'><strong>summa</strong></span> <span class='ocrx_word' id='word_1_273' title='bbox 1128 3917 1279 3971; x_wconf 81' lang='lat' dir='ltr'><strong>retardent.</strong></span> 
     </span>
    </p>
   </div>
   <div class='ocr_carea' id='block_1_3' title="bbox 428 4064 1260 4464">
    <p class='ocr_par' dir='ltr' id='par_1_8' title="bbox 428 4064 1260 4464">
     <span class='ocr_line' id='line_1_44' title="bbox 481 4064 1246 4141; baseline -0.003 -18"><span class='ocrx_word' id='word_1_274' title='bbox 481 4070 544 4139; x_wconf 92' lang='lat' dir='ltr'><strong>lpse</strong></span> <span class='ocrx_word' id='word_1_275' title='bbox 564 4069 636 4141; x_wconf 82' lang='lat' dir='ltr'><strong>Ego,</strong></span> <span class='ocrx_word' id='word_1_276' title='bbox 658 4069 681 4122; x_wconf 93' lang='lat' dir='ltr'><strong>si</strong></span> <span class='ocrx_word' id='word_1_277' title='bbox 702 4067 777 4122; x_wconf 81' lang='lat' dir='ltr'><strong>sacili</strong></span> <span class='ocrx_word' id='word_1_278' title='bbox 799 4066 924 4136; x_wconf 87' lang='lat' dir='ltr'><strong>aspirent</strong></span> <span class='ocrx_word' id='word_1_279' title='bbox 943 4066 1007 4121; x_wconf 85' lang='lat' dir='ltr'><strong>mihi</strong></span> <span class='ocrx_word' id='word_1_280' title='bbox 1029 4064 1140 4122; x_wconf 90' lang='lat' dir='ltr'><strong>nurnina</strong></span> <span class='ocrx_word' id='word_1_281' title='bbox 1159 4067 1246 4130; x_wconf 73' lang='lat' dir='ltr'><strong>vultu,</strong></span> 
     </span>
     <span class='ocr_line' id='line_1_45' title="bbox 429 4145 1145 4221; baseline -0.007 -17"><span class='ocrx_word' id='word_1_282' title='bbox 429 4151 467 4204; x_wconf 82' lang='lat' dir='ltr'><strong>Et</strong></span> <span class='ocrx_word' id='word_1_283' title='bbox 486 4166 618 4221; x_wconf 84' lang='lat' dir='ltr'><strong>superare</strong></span> <span class='ocrx_word' id='word_1_284' title='bbox 640 4151 699 4204; x_wconf 87' lang='lat' dir='ltr'><strong>nltc</strong></span> <span class='ocrx_word' id='word_1_285' title='bbox 720 4148 845 4202; x_wconf 85' lang='lat' dir='ltr'><strong>dederint</strong></span> <span class='ocrx_word' id='word_1_286' title='bbox 865 4148 1012 4202; x_wconf 81' lang='lat' dir='ltr'><strong>obstacula</strong></span> <span class='ocrx_word' id='word_1_287' title='bbox 1032 4145 1145 4219; x_wconf 82' lang='lat' dir='ltr'><strong>quasvis</strong></span> 
     </span>
     <span class='ocr_line' id='line_1_46' title="bbox 429 4227 1260 4302; baseline -0.002 -18"><span class='ocrx_word' id='word_1_288' title='bbox 429 4231 628 4302; x_wconf 75' lang='lat' dir='ltr'><strong>constantique</strong></span> <span class='ocrx_word' id='word_1_289' title='bbox 649 4230 747 4291; x_wconf 82' lang='lat' dir='ltr'><strong>animo,</strong></span> <span class='ocrx_word' id='word_1_290' title='bbox 770 4230 848 4283; x_wconf 79' lang='lat' dir='ltr'><strong>velut</strong></span> <span class='ocrx_word' id='word_1_291' title='bbox 868 4228 1012 4292; x_wconf 83' lang='lat' dir='ltr'><strong>hactenus,</strong></span> <span class='ocrx_word' id='word_1_292' title='bbox 1042 4227 1166 4283; x_wconf 87' lang='lat' dir='ltr'><strong>omnibus</strong></span> <span class='ocrx_word' id='word_1_293' title='bbox 1187 4230 1260 4284; x_wconf 88' lang='lat' dir='ltr'><strong>ultro</strong></span> 
     </span>
     <span class='ocr_line' id='line_1_47' title="bbox 428 4308 1048 4382; baseline -0.006 -16"><span class='ocrx_word' id='word_1_294' title='bbox 428 4312 546 4366; x_wconf 80' lang='lat' dir='ltr'><strong>Annitar</strong></span> <span class='ocrx_word' id='word_1_295' title='bbox 567 4311 665 4375; x_wconf 85' lang='lat' dir='ltr'><strong>nervis,</strong></span> <span class='ocrx_word' id='word_1_296' title='bbox 687 4309 779 4382; x_wconf 75' lang='lat' dir='ltr'><strong>magni</strong></span> <span class='ocrx_word' id='word_1_297' title='bbox 800 4308 958 4379; x_wconf 86' lang='lat' dir='ltr'><strong>penetralia</strong></span> <span class='ocrx_word' id='word_1_298' title='bbox 978 4309 1048 4364; x_wconf 87' lang='lat' dir='ltr'><strong>coeli</strong></span> 
     </span>
     <span class='ocr_line' id='line_1_48' title="bbox 428 4388 1165 4464; baseline -0.001 -18"><span class='ocrx_word' id='word_1_299' title='bbox 428 4392 552 4447; x_wconf 86' lang='lat' dir='ltr'><strong>Pandere</strong></span> <span class='ocrx_word' id='word_1_300' title='bbox 573 4391 720 4464; x_wconf 80' lang='lat' dir='ltr'><strong>terrigenis</strong></span> <span class='ocrx_word' id='word_1_301' title='bbox 741 4397 884 4460; x_wconf 85' lang='lat' dir='ltr'><strong>tectosque</strong></span> <span class='ocrx_word' id='word_1_302' title='bbox 905 4388 1012 4461; x_wconf 85' lang='lat' dir='ltr'><strong>aperire</strong></span> <span class='ocrx_word' id='word_1_303' title='bbox 1033 4405 1165 4445; x_wconf 88' lang='lat' dir='ltr'><strong>recessus.</strong></span> 
     </span>
    </p>
   </div>
   <div class='ocr_carea' id='block_1_4' title="bbox 429 4523 1246 4674">
    <p class='ocr_par' dir='ltr' id='par_1_9' title="bbox 429 4523 1246 4674">
     <span class='ocr_line' id='line_1_49' title="bbox 483 4523 1168 4594; baseline -0.003 -16"><span class='ocrx_word' id='word_1_304' title='bbox 483 4526 522 4578; x_wconf 90' lang='lat' dir='ltr'><strong>Tu</strong></span> <span class='ocrx_word' id='word_1_305' title='bbox 544 4526 621 4579; x_wconf 88' lang='lat' dir='ltr'><strong>modo</strong></span> <span class='ocrx_word' id='word_1_306' title='bbox 642 4524 745 4579; x_wconf 75' lang='lat' dir='ltr'><strong>mirifici</strong></span> <span class='ocrx_word' id='word_1_307' title='bbox 766 4523 878 4594; x_wconf 87' lang='lat' dir='ltr'><strong>sapiens</strong></span> <span class='ocrx_word' id='word_1_308' title='bbox 898 4523 1038 4579; x_wconf 74' lang='lat' dir='ltr'><strong>Fundstor</strong></span> <span class='ocrx_word' id='word_1_309' title='bbox 1058 4523 1168 4594; x_wconf 77' lang='lat' dir='ltr'><strong>Olympi</strong></span> 
     </span>
     <span class='ocr_line' id='line_1_50' title="bbox 429 4604 1246 4674; baseline 0.001 -15"><span class='ocrx_word' id='word_1_310' title='bbox 429 4609 528 4660; x_wconf 80' lang='lat' dir='ltr'><strong>Annus</strong></span> <span class='ocrx_word' id='word_1_311' title='bbox 548 4612 579 4660; x_wconf 90' lang='lat' dir='ltr'><strong>et</strong></span> <span class='ocrx_word' id='word_1_312' title='bbox 599 4605 678 4659; x_wconf 77' lang='lat' dir='ltr'><strong>adfer</strong></span> <span class='ocrx_word' id='word_1_313' title='bbox 698 4620 786 4674; x_wconf 88' lang='lat' dir='ltr'><strong>opem,</strong></span> <span class='ocrx_word' id='word_1_314' title='bbox 808 4612 859 4658; x_wconf 85' lang='lat' dir='ltr'><strong>tua</strong></span> <span class='ocrx_word' id='word_1_315' title='bbox 878 4604 955 4658; x_wconf 76' lang='lat' dir='ltr'><strong>facta</strong></span> <span class='ocrx_word' id='word_1_316' title='bbox 974 4606 1111 4674; x_wconf 84' lang='lat' dir='ltr'><strong>stupenda</strong></span> <span class='ocrx_word' id='word_1_317' title='bbox 1130 4604 1246 4660; x_wconf 71' lang='lat' dir='ltr'><strong>notanti</strong></span> 
     </span>
    </p>
   </div>
   <div class='ocr_carea' id='block_1_5' title="bbox 164 4787 1514 4930">
    <p class='ocr_par' dir='ltr' id='par_1_10' title="bbox 164 4787 1514 4930">
     <span class='ocr_line' id='line_1_51' title="bbox 237 4787 1514 4860; baseline -0.002 -15"><span class='ocrx_word' id='word_1_318' title='bbox 237 4792 265 4853; x_wconf 81' lang='lat'><strong>⁴&#39;)</strong></span> <span class='ocrx_word' id='word_1_319' title='bbox 284 4793 447 4860; x_wconf 68' lang='lat' dir='ltr'><strong>subintelllqs</strong></span> <span class='ocrx_word' id='word_1_320' title='bbox 457 4791 510 4843; x_wconf 83' lang='lat' dir='ltr'><strong>Pell</strong></span> <span class='ocrx_word' id='word_1_321' title='bbox 522 4796 630 4842; x_wconf 77' lang='lat' dir='ltr'><strong>mentes.</strong></span> <span class='ocrx_word' id='word_1_322' title='bbox 645 4787 694 4840; x_wconf 78' lang='lat' dir='ltr'><strong>nis</strong></span> <span class='ocrx_word' id='word_1_323' title='bbox 705 4789 772 4842; x_wconf 84' lang='lat' dir='ltr'><strong>sulm</strong></span> <span class='ocrx_word' id='word_1_324' title='bbox 784 4788 993 4855; x_wconf 77' lang='lat' dir='ltr'><strong>imperdsetlouem</strong></span> <span class='ocrx_word' id='word_1_325' title='bbox 1005 4790 1178 4842; x_wconf 65' lang='lat' dir='ltr'><strong>moeniae</strong></span> <span class='ocrx_word' id='word_1_326' title='bbox 1189 4790 1295 4848; x_wconf 73' lang='lat' dir='ltr'><strong>houset.</strong></span> <span class='ocrx_word' id='word_1_327' title='bbox 1309 4800 1335 4842; x_wconf 89' lang='lat' dir='ltr'><strong>st</strong></span> <span class='ocrx_word' id='word_1_328' title='bbox 1347 4793 1514 4857; x_wconf 67' lang='lat' dir='ltr'><strong>ignorandu-</strong></span> 
     </span>
     <span class='ocr_line' id='line_1_52' title="bbox 164 4860 1105 4930; baseline -0.004 -14"><span class='ocrx_word' id='word_1_329' title='bbox 164 4867 235 4930; x_wconf 66' lang='lat' dir='ltr'><strong>slon</strong></span> <span class='ocrx_word' id='word_1_330' title='bbox 253 4881 303 4916; x_wconf 83' lang='lat' dir='ltr'><strong>son</strong></span> <span class='ocrx_word' id='word_1_331' title='bbox 321 4880 377 4917; x_wconf 81' lang='lat' dir='ltr'><strong>rsro</strong></span> <span class='ocrx_word' id='word_1_332' title='bbox 396 4864 551 4930; x_wconf 74' lang='lat' dir='ltr'><strong>Hypotbesss</strong></span> <span class='ocrx_word' id='word_1_333' title='bbox 570 4861 707 4928; x_wconf 55' lang='lat' dir='ltr'><strong>come.</strong></span> <span class='ocrx_word' id='word_1_334' title='bbox 725 4861 959 4925; x_wconf 69' lang='lat' dir='ltr'><strong>Tarraflmfflsn</strong></span> <span class='ocrx_word' id='word_1_335' title='bbox 977 4860 1105 4915; x_wconf 65' lang='lat' dir='ltr'><strong>adm.</strong></span> 
     </span>
    </p>
   </div>
   <div class='ocr_carea' id='block_1_6' title="bbox 0 0 1691 5534">
    <p class='ocr_par' dir='ltr' id='par_1_11' title="bbox 0 0 1691 5534">
     <span class='ocr_line' id='line_1_53' title="bbox 0 0 1691 5534; baseline 0 0"><span class='ocrx_word' id='word_1_336' title='bbox 0 0 1691 5534; x_wconf 95' lang='lat' dir='ltr'><strong> </strong></span> 
     </span>
    </p>
   </div>
  </div>
 </body>
</html>
