3374 5528
448 281 479 333 da
497 279 689 333 Commentariis·
702 282 734 333 de
751 287 820 335 motu
837 228 1041 355 stam.
1371 283 1416 353 49

494 380 496 385 .
900 360 949 411 ,μζ
966 396 971 405 ,
1040 363 1042 368 ,

63 458 133 521 viae
156 458 284 536 Lunae,
314 478 381 522 cum
402 459 484 523 lines
510 460 637 542 apogaei
668 460 813 542 competit
834 461 864 523 ln
887 462 998 525 lineam
1020 452 1237 527 diametralem.
1282 463 1329 529 At
1349 486 1417 529 cum

63 551 122 612 hae
146 548 248 623 lineae
271 569 390 611 crucem
413 550 536 625 faciunt,
559 551 715 614 circularis
738 551 858 631 penitus
881 559 929 613 est
951 552 1000 613 via
1022 555 1136 616 Lunae.

154 637 295 709 Quarto:
327 658 459 719 aequans
490 640 609 720 gemino
636 642 725 703 modo
754 640 898 702 variatur.
945 640 1020 705 (inm
1044 644 1122 705 euim
1155 662 1287 723 aequans
1310 645 1353 707 sit
1373 645 1417 707 nil

64 729 159 802 aliud,
185 746 273 807 quarn
297 728 482 810 geometrica
504 748 644 809 mensura
666 728 811 811 physicae
834 730 1059 811 inaequalitatis
1082 733 1112 794 in
1132 740 1224 806 motu,
1248 751 1324 814 quae
1347 734 1416 797 inde

64 827 132 892 est,
163 817 244 897 quod
268 816 352 879 sidus
374 836 467 898 prope
498 819 613 886 iontem
635 819 757 881 virtutis
785 818 921 881 metricis
948 821 1073 882 veniens
1102 820 1242 883 celeriter
1263 819 1416 897 moitatur,

66 907 155 970 tarde
180 925 249 968 cum
271 906 418 968 discedit:
444 907 584 971 convenit
606 909 717 989 itaque,
741 917 776 970 ut
795 907 884 969 Luna
911 907 999 970 simul
1023 919 1055 972 et
1076 909 1362 973 ceutro‘eccentrici
1385 910 1417 973 in

65 995 147 1059 linea
167 993 343 1057 diametrali
374 995 538 1075 existente,
569 997 738 1077 hujusmodi
771 996 951 1059 acceleratio
975 1005 1009 1060 et
1033 999 1166 1067 tardatio
1198 998 1246 1061 vel
1269 999 1353 1061 nulla
1376 1001 1418 1062 sit

66 1085 114 1147 rel
138 1083 269 1164 exigna;
295 1085 403 1163 itaque
434 1093 576 1166 punctum
607 1088 766 1169 aequantis
788 1086 837 1146 vel
861 1085 1013 1149 coincidet
1035 1107 1101 1150 curn
1124 1095 1227 1153 centro
1256 1087 1415 1151 scoentrici

64 1174 114 1235 rel
137 1173 186 1237 illi
210 1172 252 1234 sit
273 1173 452 1253 proximum.-
496 1172 576 1237 Nam
605 1176 686 1238 linea
715 1175 905 1239 diamettalis
933 1183 982 1237 est
1009 1177 1077 1239 fons
1108 1175 1230 1239 virtutis
1262 1177 1342 1239 omni
1369 1177 1416 1239 sui

64 1270 183 1351 parta
212 1261 290 1327 Cum
319 1281 391 1324 vero
422 1263 637 1343 digreditur)
663 1285 683 1326 a
705 1267 751 1342 (Ω
769 1271 871 1326 centro
895 1262 1061 1329 'eccentrici
1092 1273 1232 1328 manente
1260 1266 1293 1328 in
1324 1265 1415 1342 linea,

66 1352 195 1416 multum
226 1351 355 1433 decedat
384 1370 508 1415 necesse
540 1361 588 1416 est
618 1346 787 1440 celeritati,
818 1366 884 1415 cum
904 1353 1070 1418 'celerrima
1102 1354 1241 1427 fuerit)
1273 1355 1304 1417 in
1335 1355 1418 1417 linea
1470 1358 1473 1366 '

67 1440 250 1504 diametrali.
290 1441 397 1522 Itaque
420 1442 482 1505 alte
506 1445 650 1505 ascendet
672 1454 815 1525 aequans,
839 1441 989 1524 facietque
1011 1443 1173 1507 maximam
1195 1443 1413 1522 aequationem

67 1531 136 1597 Jam
161 1529 190 1592 si
214 1548 332 1591 crucem
355 1530 469 1594 iaciant
491 1530 572 1594 linea
594 1533 721 1613 apogaei
746 1539 775 1593 et
791 1530 988 1617 diametralis,
1013 1526 1152 1613 sitque)
1171 1533 1203 1594 in
1221 1525 1266 1605 U,
1290 1551 1413 1596 necesse

68 1628 114 1683 est
132 1618 342 1681 tardissimam
361 1638 437 1695 esse,
462 1627 494 1682 et
507 1619 859 1702 altissimumaequantis
876 1627 1029 1700 punctum,
1048 1628 1135 1697 tanto
1149 1640 1221 1684 vero
1236 1621 1415 1685 velociorem

68 1710 95 1771 iu
119 1708 222 1771 altera
244 1701 289 1781 Π,
313 1727 379 1770 cum
402 1716 452 1770 est
472 1710 502 1772 in
525 1711 677 1791 perigaeo.
723 1711 765 1772 Et
787 1717 888 1771 tamen
916 1709 1012 1790 prima
1038 1706 1240 1791 inaequalitas
1262 1710 1414 1772 intercur-

68 1818 135 1860 rens
158 1796 263 1872 efficit,
287 1798 369 1868 ut)
394 1816 531 1878 apogaea
548 1800 578 1861 in
597 1804 678 1877 (Μ
703 1798 800 1861 a‘dhuc
823 1799 955 1870 velocior
968 1798 1019 1874 sit,
1044 1818 1132 1880 quam
1153 1800 1297 1880 perigaea
1318 1797 1348 1861 in
1368 1793 1414 1871 [J.

68 1888 213 1951 Manente
236 1903 309 1948 vero
331 1887 419 1948 modo
443 1886 526 1950 dicta
548 1908 644 1963 cruce,
668 1908 735 1950 cum
760 1890 784 1960 ὶ)
809 1888 839 1950 in
864 1889 949 1964 0⁰,6
970 1888 1085 1964 incidit,
1110 1888 1181 1969 quia
1204 1888 1328 1950 alonte
1352 1888 1415 1951 vir-

69 1977 142 2038 tutis
164 1974 375 2038 vehementius
396 1966 557 2052 incitatur,
581 1996 705 2040 necesse
729 1985 778 2039 est
807 1972 1111 2055 contemperatlonem
1134 1976 1196 2039 fieri
1220 1986 1250 2039 et
1272 1984 1415 2057 punctum

70 2063 292 2146 aequantisad
315 2062 554 2130 mediocritatem
577 2067 769 2135 descendere.
806 2066 855 2129 Sit
872 2066 899 2128 F
914 2066 1018 2139 Terra,
1041 2065 1222 2128 Ecentrum
1245 2066 1414 2142 eccentrici,

71 2157 248 2234 Aaeqnans
270 2170 325 2232 pro
348 2153 479 2225 maxima
498 2156 676 2236 aequatione
692 2160 730 2231 0⁰,
746 2156 784 2231 ἅ,
802 2155 898 2237 Dpro
917 2150 1048 2217 maxima
1070 2153 1248 2235 aequatione
1262 2146 1308 2220 U.
1331 2154 1414 2236 Ergo

72 2250 172 2305 renuo
206 2241 368 2307 eccentrici
391 2253 531 2306 versante
555 2245 584 2307 in
609 2249 646 2320 00,
663 2246 702 2325 (t,
726 2244 760 2305 fit
782 2243 902 2307 libratio
924 2242 954 2305 in
976 2243 1051 2319 Dn3
1074 2244 1127 2306 illo
1150 2243 1180 2305 in
1203 2237 1240 2308 U
1262 2252 1413 2319 versante,

71 2331 188 2407 libratio
213 2330 248 2391 fit
270 2329 301 2393 in
323 2329 395 2396 AG.
440 2332 545 2395 Media
567 2353 638 2414 ergo
663 2333 821 2413 aequantis
843 2332 990 2395 distantia
1012 2339 1147 2413 augetur,
1171 2339 1207 2413 ut
1224 2332 1265 2396 sit
1280 2333 1316 2395 in
1331 2333 1416 2410 Μ

72 2423 133 2496 FA,
156 2420 187 2482 in
211 2413 248 2484 l]
269 2420 335 2481 ΡΙ).
380 2420 483 2485 Prima
504 2441 575 2503 ergo
608 2422 737 2484 variatio
760 2429 810 2484 est
840 2440 893 2501 pro
921 2428 1004 2501 motu
1035 2420 1131 2484 centri
1160 2420 1321 2484 ecceutrici
1342 2422 1415 2498 ad

72 2512 114 2571 rel
137 2512 165 2582 00
190 2507 223 2571 in
245 2501 298 2584 U,
321 2508 367 2572 cui
389 2511 552 2598 respondet
581 2511 702 2574 libratio
726 2510 820 2573 centri
844 2510 955 2574 circelli
978 2509 1126 2573 libratorii
1149 2529 1187 2572 ex
1209 2509 1240 2572 A
1263 2511 1295 2573 iu
1317 2508 1356 2585 D,
1380 2518 1416 2573 ut

73 2606 212 2679 quantum
228 2597 366 2661 interest
385 2598 464 2662 inter
486 2598 597 2676 lineas,
620 2608 738 2663 tantum
761 2600 800 2662 ab
823 2600 853 2661 Η
875 2599 906 2663 in
927 2600 957 2662 D
984 2605 1155 2662 numeretur
1185 2598 1309 2680 ejusque
1332 2598 1415 2662 sinus

74 2689 162 2769 iaciat
194 2672 379 2750 additionem
402 2690 441 2751 ad
463 2690 529 2752 FA.
577 2688 718 2753 Secunda
749 2689 872 2751 libratio
897 2689 941 2759 sic
968 2687 1154 2764 instituitur,
1187 2680 1228 2751 ut'
1245 2688 1412 2770 quando)

74 2785 116 2839 est
136 2777 168 2839 in
193 2778 289 2853 φοῦ,
313 2777 431 2840 sithoc
455 2787 597 2859 punctum
619 2778 786 2860 proximum
804 2777 1118 2860 'puucto·'ecoentrici,
1148 2783 1289 2858 quantum
1311 2784 1416 2857 potest

72 2885 118 2946 per
140 2864 368 2946 amplitudinem
391 2867 523 2944 circelli;
548 2876 581 2930 at
604 2889 670 2931 cum
693 2875 742 2930 est
763 2869 789 2940 b
812 2866 845 2929 in
867 2855 912 2942 [t
937 2866 1057 2930 sithoc
1079 2875 1223 2946 puuctum
1245 2865 1414 2929 remotissi-

74 2975 154 3018 mum.
193 2952 262 3016 Ho'c
285 2953 373 3018 modo
386 2956 550 3019 conficitur
563 2958 617 3020 illa
630 2957 773 3032 varietas,
798 2966 886 3037 quam
906 2957 972 3036 jam
985 2956 1072 3017 modo
1091 2954 1225 3039 physicis
1248 2955 1415 3020 rationibus

75 3045 130 3106 dixi
153 3050 400 3107 consentaneam.
439 3042 501 3108 Sed
524 3046 599 3109 haec
622 3047 723 3109 omnia
746 3046 882 3127 indigent
903 3045 1038 3108 ulteriori
1060 3044 1142 3108 lima.
1177 3044 1314 3107 Maxima
1336 3063 1413 3126 qna-

75 3135 261 3196 draturarum
283 3133 423 3213 aequatio
447 3143 495 3197 est
517 3136 578 3199 illis
602 3133 640 3197 7⁰
661 3133 725 3198 28‘.

151 3216 280 3285 Morbus
307 3241 356 3284 me
388 3223 546 3287 obscurum
577 3224 665 3300 fecit,
699 3232 791 3307 antea
817 3222 884 3304 plus
917 3221 993 3286 satis
1021 3221 1078 3284 hoc
1109 3220 1304 3286 obscuritatis
1336 3222 1414 3285 dono

71 3311 246 3392 praeditum.
292 3310 370 3373 Mihi
391 3311 451 3394 ipsi
468 3333 527 3376 non
550 3313 715 3377 satisfacio.
754 3311 815 3376 Sed
839 3311 977 3375 existimo
1001 3318 1032 3373 te
1055 3311 1167 3387 videre,
1191 3312 1259 3393 plus
1283 3309 1414 3373 difficul-

72 3402 139 3464 tatis
163 3419 234 3464 esse
257 3398 288 3463 in
311 3418 371 3464 una
384 3402 472 3464 Luna
495 3405 544 3478 (ut
567 3403 685 3484 quidem
708 3404 786 3483 apud
800 3401 973 3484 Tyclionem
995 3401 1051 3463 hoc
1074 3399 1158 3463 sidus
1181 3401 1416 3463 senescendum

70 3489 220 3572 praebuit)
244 3508 335 3570 quam
356 3488 387 3552 in
413 3491 550 3554 omnibus
577 3492 721 3572 planetis.
767 3489 834 3572 Ego
857 3509 911 3570 per
938 3492 1015 3553 hunc
1046 3509 1144 3552 meum
1176 3489 1310 3553 morbum
1341 3489 1416 3552 nihil

70 3580 162 3655 aliud,
198 3597 288 3660 quam
311 3580 391 3660 quod
420 3588 527 3644 uonna
547 3581 678 3646 Ursum
700 3578 799 3645 scribo
820 3579 901 3660 ¹(jam
929 3580 992 3642 fato
1016 3598 1070 3641 suo
1103 3579 1236 3647 functum
1268 3577 1416 3660 superiori

70 3671 213 3749 aestate),
237 3666 289 3730 ubi
310 3667 353 3730 nil
375 3676 478 3750 tango,
503 3666 561 3733 nisi
580 3688 656 3752 quae
680 3669 813 3733 attinent
833 3669 1009 3732 scientiam:
1033 3666 1193 3748 potissima
1212 3687 1284 3730 cura
1306 3674 1355 3729 est
1377 3668 1415 3731 de

70 3756 305 3840 antiquitate'et
328 3757 365 3819 de
396 3766 530 3822 veterum
561 3759 720 3822 sententiis
753 3757 948 3836 explicandis.
994 3758 1100 3838 Itaque
1130 3756 1182 3819 vix
1214 3764 1263 3820 est
1292 3756 1414 3819 mathe-

70 3848 195 3912 maticus
219 3851 371 3917 necatus
394 3842 520 3924 iuturus,
544 3849 599 3911 sed
621 3855 739 3911 tantum
763 3846 974 3928 philologipus.
1011 3844 1123 3927 Siqua
1145 3845 1414 3922 tibi'videbuntur,

68 3958 100 4000 ea
128 3934 382 4012 subministrato,
416 3936 551 4000 lubenter
581 3938 661 4000 enim
674 3965 678 3969 -
693 3935 890 4009 admonebor,
923 3935 1102 4015 praesertim
1124 3935 1155 3998 iu
1177 3933 1415 4016 problematibus

69 4028 130 4108 ejus
153 4025 197 4089 ad
220 4023 450 4105 disceptandum
471 4027 692 4107 propositiso.
705 4034 761 4087 Vol.
780 4034 802 4093 1,
819 4048 844 4099 p.
864 4029 915 4081 215
927 4028 982 4093 sa).
1026 4024 1128 4104 Aegre
1151 4032 1262 4105 stege
1286 4024 1360 4098 fero,
1382 4031 1415 4084 te

68 4136 157 4201 usque
182 4109 395 4189 manascere,
419 4133 474 4177 nac
499 4135 564 4178 cum
587 4116 735 4199 'l'ychone¹
751 4135 805 4197 per
828 4113 934 4178 literas
958 4113 1103 4176 conferre.
1151 4110 1415 4178 Consultissimnm

68 4224 136 4269 tane
159 4204 291 4278 taceres,
316 4203 343 4266 si
365 4210 508 4287 qnantum
531 4222 638 4285 posses
661 4205 809 4283 studeres,
835 4202 1061 4265 observationes
1084 4200 1113 4264 ei
1130 4223 1203 4265 suas
1227 4211 1414 4282 extorquere.

68 4295 144 4357 liam
166 4293 246 4356 mira
274 4290 424 4381 hominem
456 4293 576 4356 fortuna
608 4288 753 4375 exagitat.⁴
800 4290 926 4372 Semper
956 4291 1074 4373 perdito
1108 4290 1232 4367 similis,
1265 4299 1415 4370 utcunque

69 4394 165 4461 umen
190 4382 360 4458 eluctatur,
385 4381 515 4459 absurdo
540 4389 665 4459 eventu,
690 4382 717 4446 si
738 4382 838 4446 media
859 4381 899 4443 ad
921 4380 1082 4461 perniciem
1109 4381 1210 4461 potius
1242 4383 1417 4458 comparata

69 4472 221 4555 respicias.
260 4469 401 4533 Mitteres
424 4473 566 4539 nonnulla
589 4493 627 4534 ex
642 4472 702 4535 tuis
726 4469 995 4549 observationibus,
1020 4471 1119 4547 oredo,
1143 4478 1177 4533 nt
1196 4467 1290 4531 estin
1303 4485 1415 4546 magna

70 4581 178 4629 norum
206 4560 358 4623 varietate
386 4560 618 4625 humanissimus
648 4571 764 4637 tamen,
793 4561 929 4623 mitteret
951 4558 990 4620 ad
1008 4566 1044 4621 'te
1068 4559 1095 4622 si
1118 4578 1176 4639 qua
1198 4565 1230 4619 et
1252 4563 1285 4618 tu
1308 4563 1415 4636 postu-

72 4653 155 4715 lares.
202 4650 285 4714 Nam
309 4649 369 4712 etsi
391 4651 490 4724 omnia
512 4651 585 4713 mibi
613 4658 740 4731 patent:
773 4648 938 4730 obliganda
965 4655 1067 4711 umen
1093 4647 1175 4728 prins
1198 4643 1355 4727 lidesfuit
1376 4642 1415 4709 sd

74 4741 265 4805 colationem:
290 4758 381 4821 quam
404 4757 460 4820 ego
483 4739 609 4822 quidem·
625 4739 775 4821 pollicitus
799 4742 864 4802 sum
886 4736 1111 4820 praestiturum,
1136 4742 1310 4818 qnantum
1331 4731 1415 4815 plri-

75 4830 260 4912 losophum
282 4829 399 4893 decet.
427 4827 502 4895 Sin
523 4829 633 4901 metuis
656 4836 691 4895 ut
713 4835 784 4901 tuas
806 4828 911 4899 literas
933 4825 1075 4909 publicet
1099 4843 1154 4913 per
1176 4843 1223 4886 me
1248 4841 1314 4905 age.
1396 4828 1399 4833 ’

144 4937 231 4989 ιηικι
245 4937 325 4990 opert.
344 4935 380 4980 tu.
575 4963 583 4983 .
1191 4929 1208 4985 t
1309 4960 1313 4965 ·
