3368 5534
746 1118 1237 1199 commmemouum

312 1292 412 1395 ltu
469 1295 843 1398 memus
903 1295 1277 1396 suetiae
1340 1296 1666 1403 meam

827 1493 938 1562 PARS
961 1494 1149 1566 QUARTA.

588 1701 917 1797 INVESTlGATIO
949 1703 1108 1796 virle
1146 1698 1394 1794 MENSURAE

684 1852 864 1945 PRIMAE
897 1850 1291 1960 INAEQUALITATIS

450 2040 509 2109 Ex
546 2036 696 2106 causis
731 2036 927 2103 PHYSIOIS
963 2037 1018 2099 ΕΤ
1053 2037 1242 2103 PROPRIA
1279 2035 1532 2107 SENTENTIA.

403 2465 489 2542 Quae
521 2468 614 2530 tertia
642 2473 729 2548 parte
760 2466 968 2530 demonstrata
999 2474 1087 2543 nunt,
1124 2466 1164 2528 ad
1193 2484 1296 2530 omues
1324 2468 1468 2549 planetas
1498 2470 1648 2551 pertinent:

314 2583 392 2647 unde
415 2604 474 2647 non
498 2583 608 2665 injuria
637 2582 758 2644 clauis
791 2583 1040 2646 astronomiae
1070 2582 1271 2663 penitioris
1301 2584 1360 2647 dici
1383 2594 1523 2669 possunt.
1568 2585 1647 2659 ΟΝ

315 2708 401 2764 tauto
433 2700 531 2782 magis
560 2700 689 2781 gaudere
721 2699 863 2762 debemus
895 2699 1067 2776 inventam,
1104 2707 1216 2781 quanto
1251 2701 1363 2765 certius
1393 2708 1459 2779 est,
1490 2702 1575 2767 nulls
1600 2701 1646 2766 ata

314 2818 433 2881 ratione
456 2816 632 2897 investigari
654 2816 805 2897 potuisse,
839 2824 1050 2898 praeterquam
1072 2835 1127 2896 per
1159 2818 1269 2882 stellae
1290 2818 1402 2881 Martis
1426 2820 1643 2885 observationes

313 2935 394 2998 Nam
423 2934 482 2996 etsi
512 2932 630 3014 quidem
661 2932 900 2995 Ptolemaeus
928 2931 1124 2994 bisoctionem
1154 2932 1232 2996 hanc
1264 2934 1501 2999 eccentricitatis
1529 2933 1642 3000 Solisu

314 3050 435 3114 Venere
459 3069 575 3131 quoque
598 3057 630 3111 et
652 3049 799 3111 Mercurio
824 3048 1020 3128 deprehendit
1027 3068 1037 3124 ;
1066 3068 1159 3131 eoque
1183 3049 1300 3112 nomine
1329 3058 1486 3116 eccentros
1509 3056 1641 3115 ecceutro

314 3185 390 3242 rum,
414 3186 469 3228 seu
487 3166 566 3247 quod
588 3166 668 3227 idem
682 3174 739 3241 est,
763 3164 937 3247 gyratioues
961 3164 1056 3227 centri
1081 3165 1206 3247 epicycli
1230 3166 1413 3244 introduxit,
1439 3188 1516 3251 quae
1540 3169 1640 3231 demon·

315 3285 422 3348 stratio
447 3289 618 3347 reservatur
630 3282 660 3344 in
679 3281 816 3363 proprios
831 3282 867 3343 de
881 3281 930 3343 his
949 3280 1079 3360 planetis
1104 3289 1272 3345 tractatus:
1296 3284 1542 3349 observationum
1563 3292 1639 3347 ene

313 3401 447 3482 ipsarum
479 3398 627 3474 conditio,
660 3406 691 3460 et
721 3400 829 3460 breves
861 3397 991 3460 Veneris
1014 3418 1033 3457 a
1056 3396 1129 3460 Sole
1152 3397 1375 3479 digressiones,
1404 3420 1484 3483 qnae
1515 3421 1571 3465 uon
1597 3393 1639 3460 uisi

312 3508 453 3581 humilem
486 3516 639 3580 observari
671 3516 707 3577 de
739 3524 827 3577 nocte
859 3514 1032 3594 patiuntur,
1067 3515 1253 3578 methodicae
1284 3515 1469 3599 inquisitioni
1500 3508 1640 3599 hujmui

311 3635 470 3716 plurimum
493 3633 697 3713 impedimenti
720 3632 777 3695 luit
799 3631 940 3703 allatura,
963 3631 990 3693 si
1013 3631 1091 3694 citra
1113 3631 1244 3695 Martem
1267 3632 1415 3695 stetisset
1453 3635 1489 3697 In
1511 3630 1640 3698 Menam

313 3752 408 3816 multo
437 3749 595 3814 absurdius
626 3749 723 3811 adhuc
755 3749 816 3810 ista
844 3748 1056 3810 tentabantur:
1089 3748 1168 3829 quod
1191 3747 1218 3811 is
1242 3748 1396 3813 rarissime
1420 3770 1440 3812 a
1463 3748 1546 3813 Solis
1566 3744 1640 3812 radiis

313 3876 457 3950 emergat,
483 3875 514 3929 et
536 3866 655 3946 lougius
672 3866 773 3928 Marte
793 3872 824 3926 et
838 3866 956 3928 Venere
971 3886 990 3927 a
1005 3866 1099 3928 Terra
1122 3866 1224 3941 distet,
1249 3885 1315 3955 cum
1337 3864 1369 3928 hi
1392 3865 1489 3932 citimi
1510 3867 1640 3930 ridentur·

311 3985 436 4050 Fuisset
456 3984 558 4067 itaque
581 3982 694 4044 veritas
717 3981 804 4044 nobis
818 4001 884 4044 cum
897 3983 1076 4045 Ptolemaeo
1100 3981 1321 4063 patentissimis
1343 3982 1519 4065 indagmoa
1535 3980 1640 4064 campi,

312 4111 344 4167 et
365 4121 419 4185 per
442 4120 565 4165 crassas
587 4100 709 4162 umbras
730 4099 868 4162 manibus
892 4100 977 4180 quasi
1000 4100 1162 4181 palpanda.

402 4218 556 4294 Quantum
578 4224 678 4280 autem
703 4216 738 4277 de
762 4216 879 4296 prima
911 4216 1201 4297 inaequalitate,
1234 4233 1309 4298 quae
1339 4214 1500 4279 occisione
1529 4208 1639 4279 ecoeulri

311 4337 423 4401 accidit
445 4343 478 4399 et
500 4335 604 4418 cuique
627 4333 767 4415 planetae
790 4331 911 4414 proprie
933 4342 990 4408 est,
1013 4334 1083 4397 huic
1105 4331 1262 4406 communi,
1285 4339 1371 4412 parta
1394 4332 1489 4395 tertia
1510 4332 1641 4399 inmun

311 4453 460 4521 secundae
484 4449 694 4535 inaequalitati
723 4448 903 4523 debeamus,
928 4450 994 4531 jam
1019 4453 1157 4532 exemplo
1181 4448 1288 4513 stellae
1296 4447 1423 4512 omanis
1446 4445 1640 4513 eamden

897 4749 1080 4763 ..α-ψ*-
