3368 5534
267 324 336 402 Μ
873 341 1015 394 ιιι-ι

270 517 365 579 nalto
389 534 437 578 est
461 520 558 595 majus
583 539 698 581 summa
721 521 934 600 quadratorum
956 540 993 581 ex
1016 519 1153 581 omuibus
1174 518 1240 579 suis
1261 516 1413 598 paremus.
1452 515 1512 579 liic
1534 515 1621 590 isim

270 609 427 668 cammada
449 608 610 669 admodum
633 610 719 669 nobis
743 611 855 670 accidit
877 609 1112 689 aequipollentia
1134 607 1213 669 iuter
1234 606 1306 677 Ns,
1329 605 1392 667 ΜΒ
1411 605 1468 667 bc.
1492 613 1527 665 et
1548 603 1622 666 inter

273 696 338 767 All,
363 697 416 758 BC
442 697 495 757 tc.
543 696 623 766 Quia
651 699 729 759 enim
759 700 924 778 indigemus
952 699 1085 778 ipsorum
1107 698 1177 769 hs,
1199 697 1261 758 affl
1283 694 1460 775 quadratis,
1489 712 1551 754 nou
1572 711 1622 771 per

270 806 313 855 se,
339 790 389 845 sed
414 786 451 845 ch
477 798 608 847 mutuam
641 806 744 848 eorum
776 789 1018 866 proportionem:
1049 786 1098 847 hic
1121 785 1207 846 nohis
1240 783 1381 867 subsidio·
1408 782 1496 844 veuit
1517 780 1622 845 Justu

269 873 415 953 Byrgius,
446 877 668 953 proportionem
701 877 803 937 horum
833 877 1045 955 quadratorum
1074 894 1226 954 exponens
1249 873 1280 934 in
1304 871 1396 935 lineis
1424 871 1534 933 rectis.
1578 868 1623 934 Sit

269 964 348 1023 enim
371 965 400 1023 in
423 965 597 1025 continuato
630 966 807 1044 quadrantis
838 966 935 1027 nostri
957 964 1068 1026 circulo
1102 962 1307 1025 semicirculus
1330 957 1433 1031 NQT,
1456 960 1623 1021 divisuris

269 1066 370 1131 partes
396 1071 518 1113 numero
542 1055 685 1134 aequales
709 1055 846 1133 partdins
871 1054 1047 1135 quadrantis
1060 1051 1120 1114 NG
1143 1051 1329 1134 aequalibus,
1355 1049 1535 1128 quantitate
1557 1068 1623 1110 reru

269 1142 376 1218 duplas
401 1142 538 1214 illarnm;
563 1154 593 1203 et
607 1145 669 1204 sint
691 1163 813 1204 arcuum
836 1143 1014 1204 semicirculi
1037 1142 1172 1221 sagittae
1188 1149 1223 1203 ut
1234 1140 1284 1201 hic
1307 1138 1414 1201 ordine
1440 1136 1549 1199 videre
1570 1149 1621 1199 sat

273 1284 377 1294 -ι-
381 1287 457 1295 --.

298 1339 570 1407 amamus
619 1304 1068 1407 unlurrux'us‘urr
1110 1338 1160 1392 cu
1245 1370 1564 1442 mmmm
1622 1298 1625 1303 ’

1326 1450 1403 1505 inter
1425 1467 1476 1505 ae:

1208 1533 1247 1586 sic
1266 1531 1322 1585 hae
1345 1531 1442 1591 lineae
1462 1530 1542 1585 intur
1560 1548 1598 1585 ae.
1620 1592 1625 1603 ⁵

385 1418 467 1471 sinus
620 1412 758 1481 urim
791 1421 873 1485 ,sn
915 1406 1068 1473 sc'us
1110 1418 1161 1473 ss

340 1498 424 1567 napa
445 1515 527 1551 arm
619 1500 661 1554 rs
692 1494 769 1583 fra
818 1498 892 1560 ru·
917 1501 962 1554 rr>
1014 1500 1061 1552 ro
1083 1528 1087 1561 ,
1110 1498 1158 1552 ru

367 1578 498 1649 agaim
618 1581 663 1633 sr
720 1581 772 1634 ax
819 1581 867 1642 ur
916 1582 965 1634 rx
1014 1579 1063 1632 οι
1084 1584 1087 1621 =
1111 1579 1160 1632 ur

268 1678 737 1693 *Q———n———o-—-

355 1760 426 1822 dam
454 1781 528 1821 raro
559 1765 649 1825 binae
681 1765 813 1844 sagittae
837 1763 897 1826 OV
920 1774 952 1824 et
975 1763 1029 1826 SV
1062 1772 1193 1843 aequant
1223 1762 1405 1823 diametrum
1431 1759 1557 1833 circuli,
1583 1760 1621 1821 ait

268 1852 360 1911 etiarn
385 1850 545 1924 1’x‚Rx.
593 1853 695 1924 Quare
723 1874 775 1934 pro
809 1854 964 1935 quadratis
988 1853 1045 1914 AN
1069 1864 1101 1912 et
1125 1849 1186 1912 GG
1209 1850 1281 1924 (hoc
1311 1847 1473 1925 analogice
1505 1848 1621 1930 appella

268 1940 465 2017 quadratum)
503 1943 631 2003 sumitur
671 1944 821 2004 diameter
856 1943 928 2015 NT,
970 1961 1024 2022 pro
1065 1939 1221 2022 quadratis
1260 1939 1343 2013 ΒΜ,
1383 1938 1440 2000 Fll
1479 1937 1622 1999 diameter

271 2028 352 2101 alia,
395 2047 451 2106 pro
490 2031 646 2110 quadratis
678 2030 750 2106 CL,
781 2033 824 2093 El
854 2033 963 2103 tertia,
1003 2031 1128 2111 denique
1164 2047 1219 2107 pru
1254 2027 1404 2107 quadrato
1433 2026 1497 2088 ΒΚ
1532 2027 1618 2089 semi-

269 2117 417 2179 diameter
443 2117 512 2189 YQ.
564 2121 671 2200 ltaque
704 2121 745 2191 si,
774 2130 848 2202 quot
874 2128 943 2181 sunt
973 2120 1116 2200 partium,
1135 2115 1303 2198 aequalium
1342 2114 1527 2196 quadrantis
1561 2126 1618 2178 ter·

269 2206 356 2279 mini,
394 2217 441 2266 tot
477 2208 660 2271 constituam
697 2210 986 2270 semidiametrorum
1023 2226 1183 2276 summam,
1219 2204 1319 2266 haheo
1356 2222 1510 2267 summam
1548 2224 1618 2287 qua·

269 2296 423 2356 dratorum
461 2298 590 2358 omniurn
630 2299 746 2360 sinuum
782 2300 820 2359 ad
858 2297 928 2359 illas
963 2306 1077 2378 partes.
1128 2295 1176 2374 Et
1201 2294 1271 2374 qnia
1305 2293 1508 2355 terminorum
1543 2313 1618 2356 sem·

269 2400 323 2463 psr
346 2404 403 2445 uno
426 2385 494 2463 plus
518 2397 592 2460 est,
615 2407 702 2468 quam
726 2388 873 2466 partium:
908 2386 974 2447 ideo
998 2386 1149 2447 sciendum
1174 2392 1241 2457 est,
1275 2402 1332 2462 quo
1357 2381 1459 2462 magis
1490 2384 1619 2447 minutae

268 2472 441 2554 multaeque
463 2475 538 2535 frunt
560 2477 648 2537 unius
681 2477 857 2555 quadrantis
881 2484 1000 2556 partes,
1029 2475 1084 2535 hoc
1107 2473 1203 2553 magis
1226 2471 1386 2533 terminum
1410 2471 1493 2537 huuc
1518 2490 1618 2552 super·

269 2562 468 2623 numerarium
494 2568 693 2627 evanescere!
723 2567 735 2627 l
742 2576 832 2644 taque
852 2585 906 2645 pro
921 2561 965 2628 90
980 2563 1116 2644 partibus
1140 2561 1315 2642 quadrantis
1335 2557 1379 2624 90
1402 2560 1619 2623 semidiametri

269 2660 387 2712 snmtae
403 2672 491 2730 quam
506 2655 639 2732 proxime
654 2655 839 2715 constituunt
855 2671 999 2714 summam
1016 2653 1145 2714 omnium
1164 2652 1390 2735 quadratorum.
1424 2649 1620 2733 Reliquorum

269 2758 390 2801 arcuum
414 2761 547 2803 summae
571 2744 758 2822 colligendae
783 2752 853 2803 suut
869 2762 905 2803 ex
917 2742 1063 2803 continua
1080 2741 1232 2803 additione
1252 2738 1434 2814 secantium,
1458 2748 1497 2800 ut
1513 2740 1622 2803 sciatur

270 2831 425 2909 quantitas
449 2831 573 2893 effectus
598 2833 625 2893 in
651 2852 707 2894 uno
733 2832 866 2912 quolibet
888 2851 959 2893 arcu
987 2830 1150 2892 distantiae
1175 2829 1277 2890 Lunae
1301 2848 1320 2888 a
1343 2827 1418 2890 Sole
1443 2828 1494 2892 rel
1520 2832 1549 2901 8
1574 2824 1620 2907 Q.

269 2918 335 2979 lloc
359 2919 460 3001 itaque
486 2933 577 3001 pacto
601 2924 650 2996 lit,
681 2933 715 2983 ut
743 2920 990 2983 accelerationem
1023 2920 1051 2980 in
1075 2919 1190 2999 copulis
1219 2924 1431 2996 repraesentet
1454 2916 1540 2979 linea
1560 2917 1621 2989 lit.

269 3018 301 3068 et
324 3008 573 3071 accelerationem
602 3011 630 3071 in
654 3011 777 3091 quadris
808 3010 888 3071 lines
911 3008 931 3071 0
955 3026 1007 3069 seu
1031 3008 1121 3070 nulla.
1170 3005 1244 3069 Cum
1267 3006 1369 3087 itaque
1391 3024 1451 3085 pro
1473 3006 1574 3086 primo
1596 3015 1623 3067 et

268 3116 321 3177 pru
353 3097 457 3159 ultimo
490 3099 584 3177 gradu
618 3100 794 3179 quadrantis
828 3098 990 3160 distantiae
1013 3097 1118 3158 Lunae
1147 3093 1261 3157 aSole
1292 3103 1431 3157 sumatur
1466 3095 1551 3157 linea
1572 3094 1622 3159 M

270 3185 425 3260 diameter,
451 3188 492 3247 sit
511 3206 581 3248 vero
603 3189 639 3250 de
655 3209 772 3250 summa
796 3188 924 3249 omnium
949 3186 1128 3264 sagittarum
1149 3204 1222 3266 pars
1242 3184 1480 3265 quadragesima
1503 3185 1622 3265 quinta:

268 3274 328 3336 erit
357 3274 449 3348 igitur
479 3277 564 3337 valor
597 3278 660 3356 ejus
694 3279 730 3338 de
764 3296 880 3338 summa
915 3275 1143 3337 accelerationis
1181 3272 1339 3355 quadranti
1377 3273 1487 3335 dehita
1522 3282 1622 3335 tantas

269 3360 300 3425 3⁴
325 3358 442 3444 347,st
489 3366 571 3426 Haec
598 3376 646 3427 est
679 3367 859 3428 acceleratio
883 3367 912 3425 iu
937 3364 1032 3444 primo
1063 3364 1163 3442 gradu·
1185 3363 1349 3424 distantiae
1377 3362 1486 3447 Lunae
1512 3382 1535 3423 a
1556 3361 1622 3425 Sole

269 3452 315 3512 vel
343 3458 379 3523 8.
426 3454 515 3514 Adde
539 3454 616 3516 hano
642 3456 679 3516 ad
703 3457 853 3517 modulum
877 3453 981 3515 virtuti
1005 3452 1122 3514 mutrici
1146 3451 1276 3514 Telluris
1300 3451 1454 3529 aequabili
1478 3451 1621 3519 debitum,

205 3576 208 3583 ·
269 3540 385 3603 scilicet
408 3544 445 3602 ad
471 3538 525 3606 58¹
544 3539 621 3622 12²1,
631 3547 660 3618 “,
686 3545 839 3606 conficitur
859 3541 912 3605 61‘
927 3538 1046 3619 tw.
1085 3541 1143 3603 Est
1165 3541 1243 3602 eninr
1267 3541 1449 3601 acceleratio
1467 3536 1502 3603 3‘
1517 3534 1622 3617 wat

271 3631 408 3711 praecise
432 3632 523 3712 dupla
551 3634 770 3708 diminutionis,
807 3652 881 3713 quae
907 3631 944 3693 ad
967 3631 1056 3710 hujus
1088 3631 1195 3692 calculi
1228 3630 1355 3691 sormam
1377 3638 1427 3691 eat
1450 3631 1623 3691 necessaria

273 3729 335 3780 tam
362 3719 389 3781 iu
407 3720 516 3781 vitiosa
540 3741 626 3801 quam
651 3722 860 3784 inemendata
884 3722 990 3782 forma.
1027 3721 1132 3800 ltaque
1156 3718 1204 3782 hic
1228 3718 1257 3779 in
1281 3714 1317 3778 1ο
1337 3718 1622 3782 distantiaelunar

269 3808 386 3871 aSole
411 3809 539 3871 variatio
569 3819 617 3872 est
648 3811 677 3873 l‘
702 3807 812 3893 l'l'l,“
836 3809 984 3872 addenda.
1031 3807 1145 3873 Contra
1173 3808 1202 3870 io
1226 3807 1348 3889 quadris
1376 3817 1408 3868 et
1431 3807 1531 3887 gradu
1554 3825 1622 3887 pro-

268 3896 349 3960 ximo
372 3917 427 3977 pro
451 3898 565 3961 duobus
588 3901 743 3977 gradibus,
776 3920 833 3961 uno
859 3901 888 3961 in
916 3898 1032 3978 copulis
1057 3907 1089 3959 et
1115 3897 1226 3958 unuin
1251 3895 1390 3975 quadris,
1425 3896 1515 3959 valet
1546 3896 1621 3959 hau

269 3984 343 4049 NT:
377 3986 459 4048 illam
484 4006 555 4048 vero
579 3998 674 4050 totam
697 3991 831 4050 vindicat
862 3988 973 4068 gradum
995 3988 1183 4067 copularum,
1216 3993 1249 4046 ut
1272 3985 1315 4047 ita
1338 3984 1412 4046 nihil
1436 3985 1622 4065 relinquatur

269 4075 375 4151 gradui
400 4076 428 4136 in
453 4076 582 4157 quadris.
621 4077 656 4140 Si
678 4079 784 4157 gradui
808 4079 836 4139 in
862 4076 993 4158 quadris,
1019 4095 1072 4156 pro
1096 4075 1301 4147 diminutione,
1325 4092 1415 4155 quam
1440 4082 1490 4136 est
1514 4093 1619 4154 masur

270 4164 394 4226 eandam
420 4185 484 4226 crim
514 4167 623 4226 ceteris
655 4168 832 4246 quadrantis
864 4166 1023 4237 gradibus,
1056 4164 1130 4226 nihil
1163 4163 1293 4225 vicissim
1325 4161 1466 4224 accedit:
1502 4163 1620 4242 ergois

272 4261 371 4315 nistret
396 4253 569 4327 diminutus,
593 4256 709 4317 scilicet
733 4253 786 4319 58¹
815 4250 890 4337 12²1,
901 4258 929 4315 “.
977 4255 1057 4333 Ergo
1086 4253 1213 4315 variatio
1242 4262 1415 4331 competens
1440 4251 1525 4314 circa
1548 4272 1619 4333 qua·

271 4342 342 4402 drus
365 4354 414 4403 est
443 4342 468 4404 l‘
492 4337 572 4424 47¹1,
583 4344 602 4374 “
626 4346 840 4407 subtrahenda.
890 4344 964 4405 Erat
987 4362 1056 4403 vero
1079 4342 1110 4402 in
1134 4340 1249 4422 copulis
1278 4341 1415 4420 ejusdem
1441 4341 1619 4423 quantitati

271 4431 417 4492 addenda.
465 4432 522 4492 Est
553 4431 642 4510 igitur
672 4435 825 4515 inopinata
856 4430 1089 4513 aequipollentia
1119 4450 1203 4493 mera
1235 4429 1312 4491 inter
1342 4430 1421 4491 hanc
1455 4450 1556 4492 meam
1584 4429 1618 4491 ad

272 4519 414 4600 physicas
439 4541 546 4582 causas
570 4524 824 4584 accommodatam
849 4522 955 4583 calculi
976 4522 1113 4592 formam,
1136 4521 1271 4600 interque
1290 4517 1494 4599 Tychonicam
1515 4518 1618 4581 calcmi

273 4610 396 4670 turritam
421 4608 547 4682 cimelii,
581 4612 663 4688 cujus
688 4621 785 4673 motus
815 4613 904 4692 duplo
937 4610 1063 4671 celerior
1086 4618 1134 4670 est
1156 4606 1342 4687 digressione
1366 4607 1472 4670 Lunae
1496 4629 1515 4668 a
1539 4607 1617 4671 Sole.

275 4695 340 4757 llici
364 4716 421 4759 non
445 4710 559 4777 pritest,
588 4720 676 4778 quam
701 4702 788 4761 valde
813 4721 858 4760 ure
883 4699 1096 4760 exhilaraverit
1123 4697 1293 4778 inopinatus
1316 4695 1365 4757 hic
1390 4698 1491 4760 exitus
1514 4696 1618 4759 calculi

274 4794 306 4844 et
328 4784 552 4860 demonstratio,
579 4791 656 4867 quod
681 4790 773 4851 etiam
789 4789 939 4871 Tychonis
963 4787 1100 4851 circellus
1125 4806 1190 4848 cum
1205 4803 1259 4847 suo
1274 4794 1359 4847 motu
1380 4787 1493 4867 duplici
1516 4798 1618 4848 coutra

273 4892 361 4963 quam
384 4874 531 4943 hacteuus
560 4878 746 4943 credideram
774 4879 875 4943 causis
904 4879 1018 4942 nitattrr
1050 4876 1193 4958 physicis.
1238 4872 1318 4941 Nam
1344 4875 1502 4941 circellum
1524 4877 1616 4958 ipsun
