3374 5528
675 324 847 385 suusne
884 328 967 395 capnt
983 324 1028 380 IV.
1469 320 1533 397 183

171 516 244 570 ante
270 515 303 571 et
324 512 397 589 post
419 507 592 588 perigaeum
616 527 705 587 quam
729 508 843 587 inipso
867 508 1020 589 perigaeo,
1046 510 1125 590 qnod
1141 509 1286 593 Tychoni,
1313 516 1462 589 qnatenus
1485 509 1533 572 hic

170 596 375 677 Copernioum
397 605 447 658 est
469 596 615 670 imitatus,
639 596 670 657 in
694 597 864 658 Lunaribus
889 597 999 658 evenit.

261 686 324 749 Sed
349 707 385 749 ne
410 686 528 766 quidem
553 685 730 764 simpliciter
757 687 958 767 aequipollere
983 687 1071 749 binas
1100 689 1166 769 has¹
1184 685 1393 772 hypothesium
1418 684 1529 747 formas

172 776 388 838 demonstrabo
412 776 552 838 numeris.
1074 844 1077 849 ,

260 864 303 926 Et
321 864 508 927 Ptolemaiou
532 863 651 944 quidem
675 856 770 923 forma
794 863 1033 942 compendiosius
1058 866 1200 944 quam-ab
1221 866 1287 945 ipso
1354 858 1472 927 01554·

169 954 349 1016 Ptolemaeo
372 954 538 1033 computari
561 959 664 1032 potest
685 952 715 1012 in
732 953 809 1013 hunc
827 952 957 1015 modum.
994 953 1125 1016 Primum
1143 953 1172 1015 in
1188 955 1286 1019 triun-

168 1043 241 1123 gnlo
275 1040 356 1106 CBE
395 1043 483 1104 datur
519 1040 601 1104 ΕΟΒ
634 1041 682 1102 vel
714 1039 798 1103 Dos
830 1042 980 1102 anomalia
1010 1040 1165 1118 media*),
1200 1045 1288 1107 datur

168 1133 265 1194 etiam
280 1130 334 1194 CB
358 1132 438 1193 latus
461 1151 514 1193 seu
538 1129 746 1192 eccentricitss
770 1130 929 1211 sequentis
953 1140 985 1192 et
998 1130 1052 1192 BE
1069 1133 1171 1193 radius
1194 1133 1284 1197 orbis.

169 1221 213 1283 Ut
237 1240 310 1299 ergo
334 1221 434 1281 radius
458 1220 539 1283 orbis
564 1221 603 1280 ad
627 1219 723 1279 sinum
748 1217 828 1281 ΕΟΒ
854 1219 897 1280 sic
922 1217 975 1281 CB
999 1221 1043 1297 ad,
1062 1221 1159 1283 sinum
1184 1219 1284 1284 CEB:

171 1320 203 1370 et
229 1328 297 1370 cum
328 1308 412 1372 ECD
445 1319 556 1388 aequet
586 1307 744 1368 interiores
776 1317 809 1369 et
839 1309 994 1388 oppositos
1028 1307 1107 1371 CEB
1140 1319 1173 1371 et
1205 1308 1286 1372 ΟΒΕ

166 1399 313 1478 junctos,
348 1417 419 1478 ergo
452 1397 533 1461 CEB
563 1417 601 1458 ex
633 1394 717 1458 DCE
740 1397 861 1476 rejecto,
895 1398 1078 1476 relinquetur
1108 1396 1198 1460 CBE.
1250 1401 1285 1462 In

171 1488 326 1567 triangulo
350 1506 423 1567 ergo
446 1486 530 1548 EBA
555 1486 682 1565 angulus
705 1486 743 1546 ad
767 1486 793 1547 B
817 1487 906 1547 datur
933 1506 998 1548 cnm
1029 1488 1173 1549 lateribus
1206 1487 1287 1552 circa

169 1578 290 1655 ipsum3
322 1586 371 1638 est
400 1576 478 1638 enim
508 1576 566 1638 BA
596 1575 806 1636 eccentricltas
839 1576 1013 1647 eeceutrici‚
1045 1576 1098 1638 ΕΒ
1137 1596 1207 1639 vero
1238 1588 1286 1641 est

168 1666 273 1727 radius
303 1664 395 1728 orbis.
451 1664 621 1727 Secundum
655 1665 752 1743 legem
789 1663 880 1743 igitur
912 1664 1000 1744 hujus
1032 1665 1247 1744 triangulorum
1285 1670 1398 1733 formas
1433 1673 1526 1739 datur

167 1756 297 1835 angulus
321 1755 426 1828 ΒΕΑ;
449 1753 533 1834 prius
556 1772 627 1815 vero
651 1753 780 1814 dabatur
804 1751 898 1826 ΟΕΒ,
928 1762 995 1815 tota
1022 1771 1093 1833 ergo
1118 1755 1203 1819 CBA
1226 1761 1367 1838 aequatio
1394 1762 1525 1828 dabitur.

258 1844 387 1906 L'temur
410 1854 510 1905 antem
525 1841 655 1904 numeris
670 1843 779 1903 Martis
799 1842 892 1902 urotui
911 1842 1119 1905 familiaribus.
1158 1842 1305 1919 Quamvis
1321 1849 1404 1911 euim
1418 1852 1525 1914 Ptole-

167 1952 273 1994 maeus
299 1931 351 1996 CB
376 1942 407 1994 et
428 1933 486 1994 BA
511 1933 583 1993 lecit
606 1931 766 2011 aequales:
793 1930 977 2009 Copsrnicns
1000 1941 1100 1994 tamen
1129 1933 1186 1994 hac
1214 1935 1281 2016 lege
1306 1938 1423 2002 solutus
1447 1941 1525 2003 alias

167 2023 261 2083 etiarn
287 2021 495 2101 proportiones
528 2020 691 2092 adsciscit,
724 2020 802 2099 qnod
826 2027 858 2080 et
881 2020 982 2101 Tycho
1005 2021 1105 2082 Brahe
1138 2020 1248 2086 imitari
1281 2025 1425 2091 institnit.
1473 2029 1526 2094 Sit

1335 1181 1355 1228 E
1374 1207 1396 1223 .-
1514 1210 1518 1223 .

166 2110 221 2173 CB
246 2109 344 2184 7560,
369 2110 426 2172 ΒΑ
454 2107 569 2181 12600,
594 2109 737 2193 pralium
755 2108 809 2169 BE
836 2106 982 2173 10000οε
1006 2118 1036 2172 et
1056 2112 1099 2173 sit
1116 2113 1224 2193 primo
1243 2112 1327 2176 Ι)οΕ
1341 2112 1412 2191 450,
1437 2118 1526 2201 cnjus

165 2190 257 2263 rinus
281 2197 400 2262 70711.
442 2199 483 2262 Ut
504 2217 577 2280 erpo
606 2194 733 2261 100000
757 2198 802 2261 nd
818 2197 921 2259 70711
949 2201 996 2261 eie
1015 2195 1102 2262 7560
1125 2201 1170 2262 ad
1193 2198 1279 2265 5346
1302 2206 1408 2267 sinum
1429 2227 1525 2271 crocu

167 2285 207 2351 30
229 2286 262 2351 40
287 2285 362 2362 5200,
393 2287 514 2351 seilicet
537 2286 627 2350 ΟΕΒ.
674 2288 778 2368 Aeser
807 2307 827 2347 o
849 2283 919 2360 450,
950 2295 1049 2349 restet
1078 2286 1159 2350 ΟΒΕ
1189 2287 1250 2352 410
1272 2289 1327 2355 550
1351 2290 1404 2369 800,
1434 2296 1526 2380 nejm

166 2378 343 2441 dimidium
361 2375 422 2440 20⁰
435 2375 488 2440 570
504 2373 579 2448 3400,
602 2397 695 2459 quern
712 2397 823 2440 arcum
835 2378 938 2458 tanpit
952 2372 1072 2440 38304.
1108 2377 1155 2440 Et
1172 2400 1244 2445 rum
1256 2383 1299 2444 sit
1312 2381 1366 2443 ΕΒ
1385 2380 1522 2462 100000,

167 2468 227 2529 ΒΑ
249 2488 322 2529 uero
349 2463 471 2540 12600,
497 2467 676 2547 differentia
699 2461 824 2538 87400,
854 2463 1065 2549 multiplicato
1087 2467 1124 2530 in
1153 2469 1284 2532 rodium
1305 2479 1334 2534 et
1362 2472 1469 2538 dicim
1488 2475 1525 2538 in

167 2577 324 2619 summam
343 2552 471 2618 112600
490 2555 602 2636 prodit
617 2551 743 2618 77620:
768 2554 853 2637 qnod
874 2553 1053 2636 multiplica
1074 2558 1110 2619 in
1132 2560 1328 2639 superiorem
1348 2569 1524 2643 torpentem

168 2642 302 2718 38304;
333 2644 418 2726 quod
439 2645 490 2706 tie
509 2644 637 2727 prodit,
669 2642 790 2706 scilicet
813 2639 936 2718 29732,
960 2645 997 2706 id
1024 2647 1126 2728 tonpit
1152 2667 1263 2710 arcum
1288 2645 1346 2712 160
1368 2646 1422 2714 330
1445 2649 1521 2715 3000.

168 2738 237 2798 Hie
260 2734 387 2797 ablutus
409 2754 430 2795 a
451 2735 616 2815 superiore
638 2733 774 2796 dimidio
796 2731 1002 2814 ipsiueCBE
1025 2732 1178 2818 relinquit
1199 2733 1238 2799 40
1261 2734 1315 2800 240
1338 2735 1390 2814 400,
1414 2761 1523 2823 nempe

169 2823 324 2905 capulum
346 2823 441 2884 ΒΕΑ.
483 2822 583 2885 Totos
605 2842 677 2904 erpo
701 2820 785 2884 CEA
803 2829 849 2884 est
872 2818 910 2882 70
925 2818 978 2883 280
994 2819 1058 2885 5600
1080 2825 1245 2902 inferrire
1268 2827 1395 2907 quidem
1408 2829 1522 2894 Ptole·

169 2916 287 2977 maica.
304 2908 362 2988 00)“
391 2913 426 2973 ln
451 2909 719 2990 Copernicana,
750 2911 886 2992 quamvis
919 2911 1070 2972 ordinaria
1092 2915 1169 2975 ratio
1194 2916 1382 2993 quaerendae
1406 2936 1521 3000 aequa-

171 3003 264 3064 tionis
287 3022 326 3063 ex
340 3000 489 3082 Tychonis
513 3000 624 3062 tabulis
639 2999 808 3061 Lunaribns
832 3010 913 3061 torno
927 3001 952 3062 1.
976 3001 1279 3082 Progymnasmatnm
1303 3012 1334 3065 et
1352 3025 1390 3067 ex
1404 3004 1522 3087 Cuper-

169 3091 238 3153 nico
262 3092 328 3171 ipso
351 3099 457 3170 patet,
481 3097 550 3150 utar
573 3098 674 3150 tamen
697 3089 761 3167 jam
786 3098 873 3150 extra
897 3089 1031 3150 ordinem
1055 3091 1171 3153 ratione
1195 3093 1274 3168 alia,
1300 3113 1375 3174 qnae
1400 3114 1520 3159 accom-

168 3181 294 3242 modata
317 3190 366 3241 est
388 3178 554 3239 anomaliae
577 3175 649 3241 450.
696 3177 748 3240 Sit
769 3179 838 3255 βαλ
865 3186 930 3252 (fig.
950 3184 997 3247 5³)
1021 3174 1082 3242 450
1104 3189 1134 3244 et
1155 3185 1192 3242 lv
1213 3182 1261 3245 oet
1283 3186 1323 3261 βγ
1348 3179 1464 3258 16380,
1486 3208 1521 3266 ys

167 3268 216 3332 nel
238 3292 278 3331 vo
299 3269 342 3332 ait
364 3263 451 3332 3780
473 3274 503 3330 et
526 3270 585 3328 ove
606 3275 728 3341 rectae,
759 3264 878 3347 duplus
908 3266 1029 3330 scilicet
1051 3270 1096 3329 ad
1117 3271 1203 3346 βαλ;
1235 3275 1274 3333 vt
1296 3291 1367 3335 uero
1394 3275 1437 3336 eit
1458 3273 1523 3359 iper'

167 3361 214 3434 βα
232 3355 429 3442 parallelos:
452 3363 482 3418 et
502 3355 720 3420 coadunentur
742 3359 780 3417 rt
802 3363 832 3418 et
853 3360 895 3417 do
923 3357 1022 3419 donec
1045 3368 1234 3424 secuerant
1262 3363 1297 3425 in
1318 3380 1356 3436 μ;
1390 3371 1420 3426 et
1441 3383 1481 3425 en
1503 3386 1520 3424 o

168 3449 234 3530 ipsi
263 3470 305 3522 en
328 3443 505 3530 paralleloe
536 3445 706 3509 descendat
733 3443 781 3518 οξ.
827 3444 916 3527 Depo
945 3448 1014 3520 λαμ
1045 3456 1091 3510 eet
1119 3444 1161 3512 45
1169 3444 1189 3520 0,
1218 3471 1318 3532 quare
1346 3473 1392 3527 αμ
1425 3471 1521 3533 oeqree

168 3545 265 3619 utque
286 3540 331 3612 μλ
353 3544 398 3598 est
421 3532 539 3597 70711.
585 3535 680 3598 Adde
703 3537 740 3594 ir
774 3528 897 3604 16380,
930 3536 1052 3611 eritne
1081 3536 1128 3599 vel
1150 3538 1189 3611 οξ
1211 3536 1331 3603 87091.
1375 3539 1423 3602 Et
1444 3543 1521 3622 quia

167 3649 211 3704 ys,
236 3648 277 3687 eo
300 3633 330 3688 et
351 3624 394 3699 ξμ
416 3622 574 3709 aequales,
599 3624 748 3686 subtrahe
769 3621 812 3697 ξμ
835 3623 874 3684 ub
897 3642 962 3699 cp:
985 3632 1085 3688 restat
1106 3622 1149 3698 αξ
1171 3624 1289 3693 66931.
1332 3628 1373 3691 Ut
1394 3649 1466 3713 erqo
1481 3628 1521 3703 οξ

166 3715 214 3778 nd
235 3713 298 3790 ξα,
329 3716 376 3777 sic
405 3716 495 3776 dana
523 3719 607 3774 totns
635 3713 680 3775 nd
709 3709 836 3786 76852,
867 3718 1041 3793 torpentem
1063 3714 1131 3788 αοξ
1151 3716 1199 3780 uel
1222 3719 1305 3794 οαβ,
1338 3720 1393 3798 qni
1408 3719 1520 3802 prodit

167 3801 232 3867 37⁰
255 3801 310 3866 320
333 3801 409 3876 3700,
432 3804 489 3886 qni
510 3802 617 3883 differt
644 3804 683 3865 ab
706 3822 786 3864 orco
807 3798 869 3864 450
885 3821 947 3883 per
970 3799 1008 3862 70
1030 3801 1083 3865 270
1107 3801 1182 3866 2300.
1212 3807 1424 3890 ‘Differmtio
1446 3827 1518 3889 erpo

168 3894 408 3977 Ooperaiconoe
431 3892 629 3973 aequationie
646 3911 668 3951 a
681 3891 882 3954 Ptolemaiea
899 3889 1039 3953 hocloco
1061 3892 1090 3954 10
1106 3889 1170 3955 3300
1183 3914 1260 3958 enne
1276 3897 1462 3980 pereaipne.
1474 3891 1517 3970 00)

256 3983 402 4045 Rursum
423 3983 458 4043 in
480 3979 721 4043 Ptolemaiou
743 3982 785 4042 sit
807 3978 890 4041 Ι)οΕ
918 3985 982 4054 (lig.
1003 3984 1048 4052 54)
1072 3978 1150 4056 900;
1174 4005 1247 4067 erpo
1271 4006 1341 4048 cum
1371 3987 1413 4048 rit
1436 3984 1516 4049 ΕΟΒ

164 4081 272 4137 rectus
293 4079 323 4134 et
336 4072 391 4133 ΕΒ
410 4066 548 4141 100000,
572 4067 698 4131 eritBO
722 4070 812 4132 dnus
835 4068 945 4151 anffleli
959 4069 1049 4144 CEB,
1074 4074 1129 4153 qui
1143 4073 1184 4153 fit
1206 4069 1245 4138 40
1260 4071 1314 4136 200
1328 4072 1381 4139 800.
1409 4075 1518 4153 Qernre

164 4160 248 4224 EBG
273 4157 334 4224 850
358 4157 412 4224 390
436 4158 512 4230 5200,
535 4178 633 4239 qnare
655 4157 709 4219 EG
733 4154 851 4220 99713.
890 4158 932 4220 Ut
955 4178 1025 4237 ergo
1049 4158 1103 4223 EO
1128 4162 1173 4223 dd
1191 4161 1247 4224 CA
1269 4165 1316 4227 eie
1337 4163 1452 4226 redicre
1472 4163 1518 4225 od

162 4248 276 4314 20218
306 4257 480 4333 torpentem
503 4246 598 4311 ΟΕΑ.
643 4247 733 4309 Hinc
762 4248 907 4328 aequatio
938 4246 1023 4310 CEA
1055 4258 1101 4312 est
1131 4248 1189 4313 11⁰
1211 4250 1265 4316 250
1289 4249 1365 4316 4800.
1410 4254 1456 4316 At
1483 4252 1517 4314 in

252 4558 281 4633 ‘)
302 4561 451 4617 Auomalia
470 4559 560 4615 medis
580 4564 624 4612 est
638 4563 745 4628 tempus
767 4559 882 4628 lapsum,
904 4575 941 4611 ex
955 4574 1009 4628 quo
1032 4560 1148 4630 planeta
1168 4559 1195 4614 in
1216 4577 1344 4632 apogaeo
1365 4562 1425 4626 fuit,
1448 4564 1515 4619 arti·

162 4643 293 4698 ficialiter
314 4642 525 4697 denominatum.
553 4639 652 4692 Totum
672 4638 743 4691 enim
764 4645 879 4707 tempus,
902 4655 955 4709 quo
973 4639 1090 4710 planeta
1111 4641 1147 4693 ab
1169 4655 1296 4712 apogaeo
1317 4642 1344 4694 in
1359 4658 1516 4715 apogaeum

163 4724 323 4787 revertitur,
345 4722 436 4777 instar
456 4719 548 4776 circuli
571 4719 598 4773 in
619 4720 722 4790 gradus
744 4718 801 4774 360
822 4717 958 4772 dividitur.
988 4719 1137 4774 Annmnlia
1157 4728 1288 4793 resq-est
1308 4737 1388 4775 arcus
1410 4724 1517 4779 zodiaci

163 4805 237 4859 inter
266 4804 358 4858 locum
385 4802 506 4874 apogaei
527 4806 557 4853 et
576 4805 757 4869 apparentem
777 4794 828 4865 (ex
848 4806 942 4852 centro
967 4798 1083 4866 zodiaci)
1109 4792 1335 4883 locunpeteltae.
1377 4802 1515 4875 Aequatio

164 4892 209 4939 eet
227 4883 386 4961 differentia
399 4882 547 4953 utriusque
568 4876 730 4935 anomaliae
1215 4878 1221 4891 '
1440 4874 1511 4975 ‘a
