3368 5534
524 313 587 371 Parc
604 315 710 383 Quarta.
746 312 828 383 capnt
843 310 937 367 tvm.

548 582 552 595 ,
591 510 710 611 capus
735 508 867 584 Lvrn.

53 672 222 757 Qum&
249 678 352 737 stante
378 670 462 741 libra
482 670 511 753 j„
555 719 563 746 ,
597 669 699 755 capite
721 668 817 734 LVI.
848 668 1062 733 demonstrata
1083 667 1114 726 et
1134 662 1278 734 inuenta,
1304 655 1408 741 poscit

50 773 159 831 anm
189 782 282 827 error
312 762 441 827 admitti
530 766 738 845 praepostera
772 756 953 822 librationis
988 752 1220 839 applicatione,
1255 768 1318 831 acca
1346 747 1409 809 iton·

470 848 619 932 planetae
641 850 805 915 baccatum
826 848 984 932 efficiatur.
1464 859 1467 865 ·
1526 867 1533 880 ·

302 990 400 1053 Malo
429 1010 480 1053 me
512 989 677 1053 Galatea
704 989 812 1071 petit,
844 987 989 1050 lasciva
1016 982 1153 1065 puella,

237 1078 284 1141 Et
315 1079 411 1160 lugit
440 1081 484 1143 ad
517 1080 674 1153 salices,
707 1086 743 1140 ct
773 1096 810 1140 se
840 1077 944 1158 cupit
976 1082 1059 1137 ante
1092 1068 1222 1132 videri.

62 1236 65 1241 ·
140 1203 290 1267 Proiecto
312 1221 416 1263 vemm
439 1203 495 1265 hoc
510 1206 546 1266 de
569 1212 677 1266 natura
695 1222 770 1266 cauo
787 1221 824 1263 ex
847 1219 897 1263 ore
921 1197 1059 1279 Vergilii.
1097 1195 1165 1269 Quo
1189 1191 1312 1275 propius
1327 1188 1408 1253 enim

57 1294 97 1357 nd
119 1290 208 1357 illam
229 1293 359 1367 venitur,
381 1292 438 1354 hoc
453 1293 670 1374 petulantiores
694 1293 780 1354 ludos
803 1290 885 1358 facit.
909 1290 966 1352 hoc
979 1285 1114 1368 pluribus
1136 1280 1323 1345 anfractibus
1339 1296 1407 1343 sese

57 1384 125 1465 ipsa
148 1381 402 1463 comprehensura
423 1380 489 1461 jam
508 1383 630 1465 jamque
654 1380 768 1443 tenenti
791 1379 930 1459 surripit:
955 1396 1009 1440 nec
1031 1384 1133 1437 tamen
1156 1371 1284 1435 invitare
1307 1374 1411 1431 cessat

59 1472 98 1535 ad
120 1489 156 1535 sc
180 1464 498 1552 comprehendendam,
521 1473 609 1553 qnasi
631 1471 797 1533 delectetur
819 1469 895 1531 meis
918 1465 1077 1530 erroribus.

150 1556 241 1633 erod
261 1566 326 1621 tdto
346 1559 401 1621 hoc
421 1579 510 1641 opere
533 1560 679 1641 spectavi,
702 1568 736 1621 ut
754 1559 909 1641 physicam
932 1553 1096 1619 invenirem
1118 1545 1309 1650 hypothesin,
1333 1562 1409 1626 quae

58 1669 115 1729 aon
139 1655 261 1731 tantum
284 1648 446 1711 distantias
469 1650 603 1712 efficeret
634 1649 801 1710 observatis
833 1655 1070 1717 consentaneae,
1098 1640 1152 1701 scd
1180 1646 1270 1701 etiam
1294 1652 1409 1717 acqua-

58 1728 156 1801 tioues
181 1737 287 1800 itidem
309 1739 436 1818 probas,
463 1758 538 1820 quas
566 1738 712 1802 hactenus
736 1758 773 1799 cx
796 1737 911 1799 vicaria
938 1733 1047 1815 capitis
1069 1729 1157 1792 XVI.
1183 1725 1279 1789 coacti
1307 1739 1411 1785 sumus

59 1818 209 1891 mutuari:
233 1826 313 1889 idem
327 1827 470 1907 perhanc
494 1828 584 1891 etiarn
608 1827 796 1889 verissimam
820 1826 997 1907 hypothesin
1022 1828 1142 1884 tentans
1165 1818 1242 1879 falsa
1257 1810 1410 1886 methodo,

60 1934 179 1981 rursum
210 1915 248 1977 dc
279 1933 378 1978 rerum
407 1936 523 1983 summa
554 1916 706 1999 trepidare
738 1915 832 1998 coepi.
883 1917 927 1981 In
952 1914 1039 1978 linea

60 2004 212 2090 apaidm
235 2006 352 2069 centio
369 2004 449 2082 A,B
471 2007 651 2071 scribantur
674 2004 820 2089 aequales
842 2002 955 2069 circuli
970 2001 1037 2075 GD,

59 2094 129 2159 HK.
168 2090 282 2177 Sitque
302 2095 361 2157 AB
383 2098 597 2160 occenticitae
618 2094 732 2159 circuli
754 2095 822 2159 GD.
860 2093 914 2158 Sit
935 2101 1039 2157 antem

61 2179 230 2249 mata
251 2185 394 2258 ecccntri,
416 2204 473 2247 sca
493 2206 642 2248 namerm
661 2186 823 2268 paduam
844 2186 919 2269 aas,
944 2203 1040 2246 orate

63 2270 122 2337 GD
144 2270 194 2337 ael
215 2272 293 2347 HK,
323 2292 383 2354 per
408 2273 683 2356 aequipollentiam
712 2295 780 2357 cap.
808 2274 878 2338 111.
928 2272 1038 2336 oemio

62 2364 161 2444 igitar
184 2360 223 2437 K,
247 2361 432 2425 diastemate
456 2363 532 2435 Kl),
555 2364 639 2443 qaod
661 2364 725 2446 ipsi
747 2363 804 2424 AB
835 2363 877 2424 eit
899 2360 1040 2443 aequale,

62 2451 222 2517 antam
235 2450 318 2512 LDF
340 2450 508 2535 epicpclne,
532 2455 587 2533 qni
608 2454 725 2515 secabit
747 2449 902 2516 circulum
925 2448 983 2512 GD
1006 2450 1042 2513 in

62 2540 91 2604 Ι)
114 2559 181 2623 par
207 2538 486 2623 acqrtipallentiam
516 2560 584 2624 cap.
615 2541 684 2603 111.
739 2542 893 2605 Dncatur
923 2540 984 2601 ΑΚ
1013 2546 1043 2603 et

65 2628 265 2693 monacisca·
293 2628 392 2693 donec
421 2638 501 2692 secet
529 2628 704 2714 epicyclnm
725 2632 760 2693 in
782 2630 825 2703 L,
857 2637 892 2692 at
923 2630 965 2692 sit
986 2630 1041 2692 LD
1165 2620 1170 2637 ⁴
1199 2660 1210 2706 Β

66 2738 162 2783 mcccc
192 2714 310 2781 ancta
339 2717 518 2783 anomaliae
546 2722 678 2782 ecceretri
708 2718 766 2782 GD
797 2718 846 2783 oel
877 2718 945 2780 HK.
999 2717 1043 2783 Et
1177 2728 1220 2779 *tr

66 2807 311 2871 muciani-B
335 2827 407 2870 cnm
420 2809 459 2870 D.
498 2808 553 2873 Em
571 2816 686 2891 puncto
709 2809 821 2872 oercD
841 2808 1044 2871 demittantur

64 2894 345 2981 papmatcutarea
363 2898 398 2959 in
412 2894 482 2973 (ΞΑ,
497 2898 563 2973 LA,
588 2918 670 2978 qnae
684 2900 748 2961 sint
761 2897 828 2971 Dc,
844 2896 909 2959 DE.
943 2895 1043 2967 Quare

66 3003 119 3067 per
140 2984 291 3047 hactenus
313 3004 378 3066 cap.
396 2986 480 3050 LVI.
505 2987 722 3061 demonstrata,
745 2986 803 3048 ΑΕ
823 2986 898 3049 citra
921 2995 1044 3048 contro-

67 3072 199 3137 uersiam
221 3072 281 3135 erit
297 3073 385 3152 justa
408 3074 554 3138 distantia
577 3076 616 3137 ad
634 3075 711 3138 hanc
734 3076 915 3138 anomaliam
937 3094 1044 3136 eccen-

68 3163 116 3239 tri,
140 3162 180 3241 de
203 3181 263 3243 qua
285 3162 445 3244 quaeritur,
468 3172 611 3246 quantum
633 3165 776 3246 temporis
798 3165 827 3225 in
848 3184 885 3225 ea
907 3164 949 3225 sit
970 3184 1043 3227 con-

68 3260 209 3315 sumtum.
256 3250 389 3332 Cumque
413 3253 477 3333 ejus
501 3273 589 3316 arcus
612 3254 695 3315 sinus
722 3272 828 3315 verene
853 3251 920 3328 GC,
944 3252 1008 3315 sive
1038 3264 1109 3339 post
1135 3252 1413 3336 multiplicationem

67 3339 120 3403 LE
143 3339 250 3403 ablata
272 3360 292 3401 a
315 3339 376 3405 GA
397 3343 564 3423 prodiderit
595 3342 770 3405 distantiam
798 3342 854 3404 ΑΕ
880 3343 1014 3422 justam:
1047 3366 1084 3409 ex
1114 3347 1161 3409 his
1194 3344 1312 3406 iudiciis
1343 3360 1415 3421 per-

68 3428 229 3503 suadebar,
251 3430 410 3493 terminum
433 3431 527 3512 ipsius
549 3432 607 3494 ΑΕ
634 3431 762 3492 alterum
790 3432 989 3510 quaerendum
1018 3454 1166 3498 essenon
1192 3435 1219 3496 in
1243 3430 1299 3495 Dc
1324 3429 1414 3504 linea,

69 3518 148 3600 quod
170 3517 361 3581 verissimum
385 3529 485 3589 tamen
509 3530 584 3596 erat,
608 3522 662 3582 sed
687 3520 716 3581 in
739 3520 793 3583 DB
822 3521 919 3581 lineae
946 3533 1056 3599 puncto
1080 3525 1114 3586 l:
1144 3532 1176 3584 ut
1199 3523 1225 3584 si
1247 3527 1350 3583 centro
1373 3518 1414 3592 A,

68 3606 250 3671 diastemate
272 3607 345 3682 At,
368 3608 505 3671 ducerem
528 3630 630 3672 arcum
653 3610 736 3684 ElF,
760 3610 809 3689 qui
832 3618 917 3671 secet
939 3610 994 3672 DB
1018 3612 1047 3673 in
1070 3613 1094 3674 Ι.
1139 3612 1233 3673 Esset
1256 3609 1346 3690 igitur
1368 3608 1416 3670 AI

69 3695 234 3760 secundum
265 3696 342 3759 hanc
372 3700 596 3778 persuasionem
622 3700 706 3778 justa
739 3698 883 3760 distantia
911 3699 971 3761 situ
995 3710 1026 3763 et
1049 3700 1250 3781 longitudine;
1284 3706 1316 3765 et
1337 3694 1415 3761 lAG

69 3784 222 3849 anomalia
248 3802 319 3848 vere
349 3797 524 3868 coaequata.
569 3789 765 3851 Manifestum
793 3797 841 3850 est
869 3796 983 3865 autem,
1013 3791 1091 3871 quod
1118 3790 1186 3853 EIF
1215 3808 1302 3851 arcus
1332 3792 1417 3849 secet

68 3872 123 3939 DC
146 3873 260 3937 lineam
283 3874 347 3937 loco
372 3877 526 3957 superiori,
551 3877 669 3939 scilicet
691 3878 720 3939 in
745 3877 785 3951 F,
809 3878 909 3958 itaque
938 3879 1040 3958 anguli
1062 3878 1139 3943 IAG
1162 3887 1194 3941 et
1216 3876 1303 3943 FAG
1326 3876 1415 3939 dilie-

71 3970 139 4027 rant
160 3962 332 4045 quantitate
354 3965 434 4028 IAF.
479 3967 586 4029 Erravi
610 3966 715 4047 igitur,
746 3975 890 4046 usurpata
916 3967 996 4029 linea
1018 3970 1064 4031 AI
1085 3989 1140 4050 pro
1162 3970 1227 4032 AF.
1273 3967 1415 4029 Errorem

72 4052 198 4134 primum
227 4052 413 4133 experientia
440 4056 632 4139 deprehendi.
678 4057 756 4118 Nam
779 4075 845 4117 curn
874 4056 1078 4137 explorassem
1105 4059 1303 4139 quantitatem
1325 4071 1434 4116 areae·

73 4138 161 4207 DAG
183 4150 248 4203 tam
263 4159 317 4221 per
339 4142 501 4207 distantias
524 4164 636 4220 ornnes,
662 4164 750 4225 quam
764 4163 817 4224 per
841 4145 972 4207 areolam
988 4147 1084 4222 DAB,
1108 4155 1214 4229 postea
1233 4144 1302 4207 huic
1324 4160 1414 4206 areae

74 4228 161 4295 DAG
183 4230 213 4292 in
238 4237 355 4311 tempus
379 4252 541 4297 conversae
566 4235 838 4297 accommodassem
867 4237 1006 4314 angulum
1028 4234 1106 4299 lAG
1133 4255 1191 4298 non
1216 4232 1321 4297 FAG:
1344 4241 1415 4294 tunc

75 4318 265 4401 insuperiori
288 4321 465 4384 semicirculi
488 4331 574 4405 parte
598 4323 705 4401 collegi
723 4342 776 4403 per
791 4316 866 4402 5¹l,‘
889 4324 967 4404 plus,
991 4325 1019 4386 in
1039 4325 1171 4389 interiori
1187 4314 1240 4406 per
1253 4319 1284 4385 ‹1‘
1307 4321 1415 4393 minus,

79 4428 160 4489 quam
183 4409 278 4471 dabat
299 4410 415 4474 vicaria
438 4412 514 4475 satis
530 4420 621 4475 certa.
660 4414 764 4492 Itaque
789 4411 1036 4476 dissentientibus
1060 4413 1287 4495 aequationibus
1302 4427 1414 4484 avaro,

79 4498 156 4580 coepi
179 4517 297 4561 rursum
319 4520 461 4564 accusare
485 4502 658 4564 verissimas
681 4501 736 4563 has
756 4500 917 4563 distantias
931 4503 988 4565 ΑΕ
1012 4512 1042 4564 et
1064 4502 1252 4566 librationem
1274 4500 1414 4580 planetae

80 4586 126 4649 Lu
148 4587 184 4651 de
209 4587 345 4664 crimine,
371 4590 459 4670 cujus'
484 4592 563 4653 salsa
589 4610 655 4652 mea
678 4591 849 4665 methodus,
879 4611 953 4671 quae
977 4593 993 4653 1
1015 4611 1068 4672 pro
1090 4596 1116 4656 F
1139 4590 1315 4671 spectabat,
1348 4594 1416 4649 erat

83 4695 137 4741 rea.
176 4676 257 4749 Quid
281 4679 409 4742 multis?
432 4681 505 4761 Ipsa
527 4679 640 4741 veritas
660 4687 691 4741 et
705 4698 801 4741 rerum
825 4687 933 4741 natura
955 4681 1112 4758 repudiata
1130 4688 1161 4742 et
1183 4679 1303 4741 exulare
1327 4677 1417 4758 jussa

83 4782 128 4844 per
151 4766 301 4847 posticum
330 4787 362 4830 se
391 4769 492 4832 furtim
520 4789 635 4831 rursum
664 4768 778 4849 recepit
808 4768 886 4830 intro
915 4778 947 4831 ct
976 4769 1030 4830 sub
1058 4770 1162 4832 habitu
1195 4768 1292 4830 alieno
1321 4787 1340 4828 a
1368 4785 1415 4829 me

84 4863 195 4945 recepta
221 4854 288 4923 tuit.
347 4857 453 4922 Missis
484 4859 605 4945 inquam
641 4857 849 4927 librationibus
881 4857 1020 4923 diametri
1052 4859 1123 4937 LE,
1157 4857 1242 4941 coepi
1273 4874 1414 4922 revocare
