3368 5534
655 329 696 384 Da
714 329 823 384 Motibus
841 328 935 385 Stellae
951 329 1041 386 unes

275 511 330 578 Fig-
351 504 409 557 ¹¹⁴·
515 507 718 590 pandiculeris
752 518 860 590 agatur
891 512 968 574 FBI.
1015 511 1111 592 Igitur
1138 509 1263 592 planeta
1291 510 1338 574 sic
1360 511 1520 587 collocata,

219 667 224 675 ι
295 656 313 698 ⁰
454 631 474 671 χ
514 605 548 659 ut
569 598 613 660 ΒΙ
635 599 666 660 iu
689 607 823 662 centrum
845 600 952 662 tendat
970 599 1062 675 Solis,
1085 599 1336 682 appropinquatio
1354 599 1442 664 nulla
1456 601 1521 664 erit

226 754 229 759 ,
362 719 382 760 1,
515 686 629 767 Anguli
651 688 728 750 eninr
751 687 837 765 DBI,
861 690 933 751 ABI
966 696 1036 751 sunt
1063 687 1222 770 aequales,
1255 709 1348 771 quare
1372 697 1408 752 et
1428 709 1521 773 aeque

516 777 625 852 sortes,
645 777 697 838 ille
721 778 760 839 ad
782 778 1088 860 appropinquandum,
1111 778 1160 840 hio
1174 779 1214 840 ad
1238 778 1423 858 fugiendum.
1456 778 1521 841 Hos

409 907 418 951 1
515 864 607 945 igitur
635 876 683 929 est
710 866 794 947 quasi
820 867 1047 949 aequipondium
1071 869 1099 929 in
1122 866 1315 930 mechanicis.
1361 869 1473 949 Itaque
1495 867 1520 930 B

516 962 650 1016 centrum
661 955 770 1018 Martis
786 956 841 1019 boo
855 967 944 1038 pacto
961 958 991 1019 in
1005 956 1110 1038 apside
1125 964 1275 1030 versatur,
1290 965 1367 1036 puta
1381 955 1415 1019 in
1425 956 1519 1038 apbe·

175 1082 181 1089 -
379 1081 401 1124 χ
514 1043 565 1117 lio,
588 1043 819 1107 remotissimum
835 1067 853 1108 a
867 1046 949 1110 Sole.
988 1044 1132 1109 Sumatur
1150 1045 1214 1125 jam
1235 1065 1325 1108 arcus
1343 1045 1455 1129 aliquis
1468 1043 1520 1121 10,

293 1148 313 1186 Δ
459 1216 463 1226 Ι
514 1151 690 1195 mensurans
706 1135 846 1215 angulum
862 1135 1029 1199 anomaliae
1045 1142 1238 1215 coaequatae,
1262 1142 1294 1196 et
1307 1134 1454 1197 educatur
1467 1133 1519 1199 Bc

172 1303 179 1318 ·
513 1230 543 1284 et
559 1222 742 1302 producatur
762 1224 792 1285 iu
806 1225 845 1288 K.
885 1224 1057 1290 Oollocetur
1077 1233 1176 1286 autem
1196 1224 1323 1304 planeta
1342 1222 1399 1298 sic,
1416 1232 1451 1286 ut
1466 1220 1518 1288 Bc

171 1324 200 1366 sn
216 1303 319 1368 Solem
335 1307 451 1383 tendat,
471 1310 520 1391 qoi
540 1311 639 1375 subK
658 1312 845 1392 intelligitur.
884 1314 1047 1387 Quaeritur
1060 1314 1155 1393 primo
1174 1332 1315 1375 mensura
1334 1311 1518 1375 tortitudinis

169 1413 311 1457 accessus
325 1396 477 1476 planetae.
516 1401 668 1463 Accessus
684 1401 763 1463 enim
779 1404 821 1478 lit,
846 1406 915 1484 quia
931 1403 959 1463 D
978 1403 1066 1483 polus
1082 1411 1229 1484 appetens
1252 1401 1416 1464 inclinatur
1438 1400 1518 1464 adK

168 1481 272 1547 Solem
296 1486 406 1566 angulo
429 1487 532 1563 DBK;
563 1492 592 1550 A
615 1508 686 1551 vero
716 1491 832 1570 fugiens
862 1492 966 1555 abnuit
988 1493 1098 1572 angulo
1121 1490 1217 1555 ΑΒΚ.
1265 1488 1343 1554 Cum
1366 1489 1458 1570 igitur
1480 1490 1519 1551 sit

151 1573 317 1647 ‘naturalis
340 1576 402 1637 ista
426 1578 527 1656 anguli
552 1579 706 1653 fortitudo,
731 1580 788 1641 erit
810 1582 839 1642 in
864 1582 979 1644 ratione
1003 1591 1147 1644 staterae.
1194 1582 1239 1642 At
1262 1580 1355 1641 ducta
1378 1598 1418 1641 ex
1440 1576 1516 1641 cin

167 1660 228 1726 DA
250 1664 500 1744 perpendiculari,
524 1686 600 1747 quae
624 1668 665 1729 sit
689 1666 755 1741 GP,
781 1671 839 1731 erit
862 1670 941 1734 iuter
963 1670 1028 1746 DP,
1051 1670 1106 1733 ΡΑ
1131 1670 1208 1731 ratio
1233 1677 1381 1731 staterae.
1427 1666 1517 1730 Libra

168 1751 248 1841 enirn
271 1771 309 1815 ex
332 1753 445 1816 trutina
468 1755 524 1817 KB
549 1775 709 1836 suspensa,
746 1766 777 1821 et
799 1760 988 1822 manentibus
1012 1758 1157 1833 brachiis,
1194 1759 1303 1836 angulo
1326 1755 1433 1832 DBK,
1462 1755 1518 1819 erit

167 1841 286 1922 pondus
318 1843 433 1906 brachii
455 1844 512 1906 BD
534 1847 572 1906 ad
609 1848 724 1927 pondus
758 1847 870 1911 brachii
893 1851 968 1922 BA,
1009 1859 1042 1910 nt
1064 1849 1118 1910 DP
1150 1847 1188 1909 ad
1211 1847 1286 1922 PA;
1324 1846 1404 1908 adeo
1437 1843 1516 1907 ntsi

167 1930 291 2014 brachia
323 1951 359 1994 ex
384 1931 436 1996 GP
469 1935 721 2014 suspenderentur
752 1937 782 1998 iu
805 1939 849 2013 P,
886 1947 918 2000 et
940 1937 1056 2018 pondus
1079 1937 1136 2000 BA
1159 1935 1439 1998 accommodaretur
1462 1934 1515 2015 ipsi

168 2019 239 2109 Pl),
267 2022 385 2102 pondus
416 2042 486 2084 vero
509 2022 624 2086 brachii
647 2026 703 2087 BD
728 2025 783 2106 ipsi
806 2029 878 2103 PA,
906 2038 976 2091 tunc
1000 2027 1059 2089 DA
1087 2045 1154 2087 oum
1177 2025 1229 2090 GP
1250 2022 1385 2105 pendula
1408 2023 1517 2087 trutina

170 2107 305 2172 iacerent
327 2119 427 2173 rectos
452 2113 588 2191 angulos.
628 2113 707 2175 Vide
723 2114 835 2194 Optica
850 2136 925 2190 mea,
950 2125 982 2179 et
996 2135 1052 2177 nou
1073 2115 1162 2177 facile
1184 2113 1335 2177 movearis
1359 2111 1516 2175 incuriosis

169 2198 516 2280 experimentntionibus.
563 2202 607 2265 Ut
637 2201 729 2283 igitur
751 2205 806 2266 DP
829 2206 868 2268 ad
891 2207 957 2281 PA,
988 2204 1032 2266 sic
1064 2204 1206 2266 fortitudo
1239 2201 1342 2282 anguli
1364 2200 1453 2265 ΑΒΘ
1480 2200 1516 2263 sd

169 2287 374 2352 fortitudinem
407 2291 508 2370 anguli
531 2291 623 2355 DBC.
671 2294 774 2372 liugas
807 2294 898 2374 igitur
930 2295 989 2357 vim
1019 2293 1141 2356 metitur
1164 2293 1213 2355 hic
1235 2291 1298 2365 DP,
1324 2290 1515 2371 appetentiae

168 2375 229 2439 vim
252 2378 316 2442 PA,
361 2379 500 2443 Ausara
523 2381 578 2443 PA
611 2382 768 2462 aequalem
801 2384 859 2464 ipsi
888 2385 952 2460 DP,
986 2402 1061 2468 qnae
1092 2383 1133 2445 sit
1163 2380 1228 2444 AS.
1272 2378 1356 2460 Ergo
1389 2377 1441 2442 81>
1471 2386 1516 2440 est

168 2485 310 2530 mensura
333 2468 455 2531 virtutis
478 2471 649 2550 appetentis
673 2471 844 2547 solitariae,
873 2473 1083 2553 impedimento
1107 2472 1195 2551 fugae
1219 2467 1341 2532 ablato:
1376 2467 1467 2550 idque
1488 2468 1516 2530 in

168 2558 378 2639 proportione,
410 2559 542 2640 qualium
564 2560 624 2622 AD
652 2560 774 2622 metitur
796 2561 856 2624 vim
889 2563 1050 2625 maximam
1083 2559 1271 2633 solitariam
1302 2555 1358 2619 sed
1388 2555 1516 2638 qualium

170 2645 293 2710 dimidia
315 2647 371 2711 DB
396 2647 518 2710 metitur
540 2648 600 2711 vim
624 2649 801 2724 maximam,
836 2652 941 2714 talium
969 2661 1000 2713 et
1029 2649 1124 2730 ipsius
1148 2647 1197 2711 PS
1225 2646 1365 2722 dimidia,
1401 2645 1517 2709 scilicet

168 2736 236 2810 PB,
268 2736 325 2800 hoc
349 2746 397 2800 est
424 2739 509 2800 siuns
533 2735 587 2802 CN
620 2739 788 2809 anomaliae
818 2749 1002 2822 coaequatae
1027 2738 1115 2814 CBI,
1147 2737 1269 2800 metitur
1291 2735 1354 2798 vim
1376 2753 1515 2798 accesms

169 2827 280 2889 nudam
302 2826 359 2890 hoc
383 2827 444 2890 situ
466 2828 607 2908 planetae
631 2828 671 2889 ad
693 2829 806 2892 Solem.
843 2830 940 2910 lgitur
963 2831 1045 2893 sinus
1069 2826 1237 2891 anomaliae
1260 2833 1450 2906 coaequatae
1471 2833 1516 2887 est

167 2935 309 2979 mensura
342 2917 526 2980 fortitudinis
559 2936 699 2980 accessus
730 2917 871 2999 planetae
905 2920 943 2982 ad
974 2919 1075 2982 Solem
1107 2917 1159 2979 illo
1189 2916 1265 2980 loco.
1310 2915 1415 2995 Atque
1444 2913 1515 2977 baec

167 3004 418 3070 incrementorum
441 3007 562 3070 virtutis
586 3026 725 3070 mensura
749 3017 805 3071 est.

255 3095 355 3177 Spatii
379 3096 527 3160 libratorii
548 3116 603 3178 per
626 3096 699 3159 baec
723 3097 864 3160 continua
886 3097 1005 3159 virtutis
1034 3096 1218 3158 incrementa
1233 3088 1364 3154 conlecti
1380 3110 1515 3154 monson

167 3185 255 3265 longe
280 3194 329 3248 est
351 3187 432 3249 alia:
457 3187 621 3249 ostendunt
644 3186 722 3248 enirn
745 3187 919 3261 observata,
947 3186 972 3247 si
995 3185 1053 3266 ipsi
1076 3181 1118 3246 10
1140 3181 1308 3244 anomaliae
1329 3189 1513 3262 coaequatae

167 3276 352 3355 respondeat
381 3296 435 3339 sua
466 3275 618 3338 anomalia
645 3277 774 3338 ecceutri
799 3275 858 3352 Gl,
890 3275 968 3355 quod
991 3277 1036 3337 IH
1059 3272 1142 3335 sinus
1165 3290 1271 3332 versus
1293 3288 1383 3332 arcus
1407 3268 1454 3332 Gl
1476 3269 1514 3331 sit

167 3384 308 3429 mensura
335 3365 505 3429 librationis
537 3372 687 3447 peractae.
737 3366 772 3428 ld
801 3366 828 3428 si
852 3364 943 3426 etiam
966 3383 1003 3426 ex
1027 3365 1094 3444 ipsa
1116 3360 1197 3442 priua
1220 3359 1354 3421 iudicata
1377 3377 1514 3422 mensura

166 3456 333 3520 celeritatis
363 3454 418 3520 CN
448 3455 555 3517 deduci
584 3464 700 3537 potest,
741 3464 810 3517 tunc
841 3453 1099 3517 conciliaverimus
1131 3448 1347 3530 experientiam
1370 3467 1438 3511 curn
1460 3448 1512 3509 de·

166 3547 384 3610 monstratione
415 3543 519 3608 librae.
568 3543 642 3608 Cum
675 3544 753 3606 enim
780 3544 922 3623 cujusque
947 3562 1034 3605 arcus
1058 3542 1140 3605 sinus
1164 3539 1206 3601 sit
1228 3555 1369 3599 mensura
1392 3537 1512 3600 fortitu·

166 3636 245 3698 dinis
273 3636 353 3700 illius
375 3635 496 3715 anguli,
525 3654 639 3697 summa
667 3635 784 3697 sinuum
813 3634 871 3695 erit
904 3633 966 3694 iere
990 3650 1129 3694 mensura
1151 3646 1283 3690 summae
1307 3626 1512 3689 fortitudinum

165 3744 219 3788 sou
242 3725 471 3808 impressionum
492 3743 547 3804 per
570 3743 671 3786 omnes
695 3732 798 3802 partes
822 3722 965 3803 aequales
990 3720 1110 3782 circuli:
1136 3736 1259 3799 quarum
1281 3715 1414 3777 omnium
1433 3733 1511 3778 oon-

165 3813 264 3877 munis
295 3814 420 3877 edoctus
454 3819 502 3876 eat
531 3823 597 3876 tota
624 3813 744 3876 libratio
776 3821 912 3894 peracta.
959 3811 1053 3891 Atqui
1077 3826 1192 3871 summa
1214 3805 1332 3866 sinuum
1354 3804 1403 3868 lG
1426 3822 1511 3867 arcos

167 3902 247 3978 (siut
269 3904 348 3967 enim
366 3904 431 3984 jam
452 3904 595 3983 aequales
619 3901 661 3967 1c
685 3911 717 3964 et
740 3900 785 3964 lG
808 3900 993 3975 anomaliae,
1023 3899 1101 3962 alias
1125 3896 1272 3962 diversae.
1296 3892 1336 3955 sd
1360 3893 1513 3957 vitandam

165 3992 386 4067 confusionem)
414 3993 454 4053 ad
482 4010 628 4054 summam
655 3993 771 4053 sinuum
799 3989 976 4072 quadrantis
1011 3995 1058 4051 est
1091 3989 1153 4050 lere
1177 3992 1210 4047 ut
1231 3984 1276 4046 ΙΗ
1299 4001 1407 4046 versos
1431 3982 1512 4046 ann

164 4082 247 4146 illius
278 4102 366 4145 arcus
395 4080 441 4145 IG
477 4082 516 4142 ad
539 4082 581 4144 IB
611 4099 731 4144 versum
764 4080 861 4143 sinum
895 4077 1080 4160 quadrantis.
1136 4074 1206 4136 Dixi
1241 4072 1330 4134 sere.
1377 4071 1459 4135 Nasu
1485 4070 1514 4134 in

163 4172 331 4254 principio,
364 4189 430 4232 cum
462 4170 547 4233 siuns
578 4190 684 4233 versus
716 4179 747 4232 et
776 4189 887 4251 parvus
919 4176 966 4231 est
1007 4175 1039 4229 et
1069 4185 1165 4248 parva
1197 4160 1288 4224 babet
1317 4159 1514 4235 incrementa,

165 4261 289 4324 dimidio
319 4259 416 4322 miuus
446 4259 585 4334 exbibet,
616 4279 704 4342 qnam
736 4279 851 4322 summa
882 4257 1008 4321 sinuum.
1055 4255 1144 4317 Ecce.
1199 4250 1317 4334 coptos
1346 4250 1515 4333 qasodroesa

161 4358 273 4434 poma
295 4345 363 4414 90⁰.
412 4348 545 4413 emmo
567 4345 610 4413 90
636 4351 763 4413 danum
790 4357 834 4412 eat
857 4341 1022 4411 5789431.
1068 4345 1146 4408 Jom
1178 4339 1255 4404 olim
1283 4340 1368 4403 aas·
1397 4338 1516 4403 addidi

165 4460 271 4505 omnes
299 4438 422 4503 ordine.
469 4436 601 4501 Summo
630 4441 758 4504 donam
787 4440 823 4502 io
855 4457 933 4500 arcu
961 4432 1004 4510 1⁰,
1034 4434 1091 4497 boc
1120 4440 1166 4495 eat
1195 4432 1285 4493 dous
1311 4430 1443 4512 priseae
1470 4434 1515 4492 sd

167 4526 262 4604 1745,
286 4537 316 4593 et
336 4534 372 4592 at
393 4523 454 4591 illo
475 4547 599 4591 samm
614 4528 659 4591 od
675 4530 767 4600 bono,
788 4528 836 4590 aio
858 4521 987 4590 100000
1005 4524 1050 4586 ad
1065 4520 1117 4586 30.
1158 4520 1277 4583 Oosstro
1294 4519 1388 4582 εἰηω
1403 4537 1515 4583 ursas

164 4618 423 4702 quadrantem
449 4613 587 4690 100000,
609 4618 699 4682 simia
720 4637 828 4681 masa
854 4611 948 4679 l⁰eet
967 4611 1016 4688 15,
1040 4612 1124 4694 qnod
1146 4618 1191 4674 est
1213 4604 1508 4672 dimidirrsadabll.

253 4710 318 4770 Hoc
342 4705 552 4786 dysensqusq
575 4715 607 4768 et
628 4709 766 4787 peccanti
794 4702 940 4786 principio
970 4703 1065 4765 lector
1088 4701 1162 4763 nihil
1185 4697 1384 4760 deterreatur.
1430 4696 1511 4759 Nan

165 4796 337 4877 priusquam
362 4795 514 4858 sensibilis
538 4795 571 4858 lit
591 4795 689 4875 portio
712 4793 891 4868 librationis,
910 4793 977 4873 jorn
998 4788 1168 4853 insensibili
1192 4786 1333 4848 differunt

164 4881 244 4947 modi
269 4884 401 4948 affectos.
443 4883 530 4949 Nom
552 4904 676 4950 meanto
696 4885 825 4951 siaosm
850 4880 900 4958 15,
923 4897 1006 4964 ques
1022 4884 1069 4945 eos
1086 4867 1227 4953 stelit.
1251 4793 1510 4941 ΜἭ

242 808 261 847 χ

264 844 303 911 N!
