3368 5534
676 315 717 367 Β·
734 312 814 367 taur.
1357 311 1422 381 657

132 496 450 557 ,Οωνοτιίεττιίτιίττιτιττ
470 502 558 561 esset,
579 496 603 550 si
623 504 656 551 ut
677 491 735 550 360
755 498 789 550 ad
814 489 864 559 12,
892 494 932 549 sic
951 488 984 548 5⁸¹
1006 495 1034 550 h.
1056 491 1083 551 6.
1104 488 1133 548 9‘
1154 499 1249 550 esseut
1269 497 1304 551 ad
1327 485 1422 561 ¹⁸⁸irss.

68 581 205 649 qnantum
223 577 305 633 Luna
326 577 412 633 currit
431 579 508 633 ultra
531 571 566 632 1²
587 577 773 631 revolutiones
793 576 821 630 in
843 593 923 630 anno.
961 580 1000 630 st
1018 592 1075 630 non
1095 579 1140 630 est
1159 574 1201 631 its
1221 568 1274 639 5¹l.
1296 578 1332 632 sd
1355 568 1422 643 Ὗ...

68 656 87 712 i.
109 676 136 713 e.
158 650 204 719 ⁸¹1.
226 659 262 713 ad
285 652 342 721 ”las
364 658 410 712 vel
434 651 506 720 miro
529 658 563 711 sd
588 650 663 735 f‘r‘w.
698 657 769 711 Nam
790 656 841 711 illa
862 654 980 726 amplius
1000 655 1084 725 duplo
1105 661 1150 710 est
1169 655 1259 725 major
1277 657 1339 713 hae.

158 760 242 843 Ergo
265 781 381 825 summa
403 761 566 843 adjumenti
590 761 707 824 Solaria
730 763 769 824 ad
792 761 974 823 volutionem
989 758 1101 822 Terrae
1124 780 1184 822 non
1204 769 1346 824 causatur
1364 780 1421 824 va·

68 849 212 913 riatioms
234 852 360 914 edectns
386 871 548 921 summam,
579 852 633 913 sed
657 860 727 913 sunt
749 851 802 912 isti
825 851 882 912 duo
913 850 1038 912 effectus
1067 848 1200 929 separati
1230 850 1268 911 ab
1295 848 1423 914 invicem

70 938 316 1005 dimensionibus.
361 941 480 1003 Deinde
504 947 629 1003 suntet
658 939 755 1001 modis
783 938 915 1021 separati
938 946 1047 1001 motus.
1095 937 1234 1001 Variatio
1258 938 1424 1003 intenditur

69 1036 102 1091 et
122 1028 292 1093 remittitur
313 1030 451 1092 totaliter
474 1029 694 1104 menstmatim,
717 1038 807 1110 prout
823 1028 910 1090 Luna
933 1030 962 1089 in
987 1026 1132 1089 diametro
1156 1027 1299 1090 luminum
1323 1028 1422 1104 fuerit,

69 1116 234 1181 volutionis
256 1118 393 1182 incitatio
416 1119 559 1181 continua
586 1126 635 1179 est
660 1118 771 1199 magis,
802 1137 857 1179 nec
885 1117 942 1179 nisi
970 1135 1075 1198 parum
1102 1115 1231 1180 remittit
1258 1118 1421 1182 annuatim.

70 1206 176 1271 Tertio
198 1214 231 1271 et
252 1207 353 1271 musis
376 1206 609 1286 distinguuntur.
649 1207 800 1269 Virtutem
820 1206 959 1268 volvendi
978 1222 1085 1285 corpus
1103 1205 1254 1286 proprium
1271 1205 1324 1269 Sol
1348 1227 1423 1270 con·

71 1298 168 1359 sonat
189 1297 221 1359 in
234 1295 330 1360 Terra
344 1316 398 1377 per
420 1297 598 1359 tenuitatem
621 1297 670 1357 vel
694 1295 874 1358 densitatem
898 1314 969 1358 snae
986 1294 1116 1375 speciei:
1142 1303 1175 1357 at
1197 1294 1338 1358 virtutem
1362 1296 1422 1359 cir·

72 1385 251 1467 curnagsndi
269 1386 388 1449 Lunam
407 1385 462 1450 Sol
485 1387 638 1448 confortat
659 1384 689 1446 in
715 1387 809 1448 Terra
831 1403 886 1466 per
907 1386 1032 1466 ligoram
1055 1383 1281 1446 illuminationis
1301 1383 1423 1461 Terrae,

70 1482 196 1537 atvero
219 1494 274 1557 per
296 1478 430 1555 liguram,
455 1494 513 1537 non
537 1494 591 1556 per
607 1475 805 1555 quantitatem
826 1474 939 1548 circuli,
962 1474 1012 1556 qui
1034 1472 1253 1555 insensibiliter
1270 1474 1421 1538 variatur:

70 1562 124 1627 sed
147 1582 245 1645 neque
268 1582 323 1644 per
345 1564 552 1627 tortitudinem
565 1564 614 1625 vel
632 1563 818 1626 debilitatem
832 1563 1068 1626 illuminationis.
1106 1562 1184 1625 Nam
1204 1581 1271 1625 cnm
1293 1563 1422 1637 variatio

69 1660 211 1736 praestet
228 1652 340 1734 gradus
363 1650 434 1728 1³2,
457 1660 630 1734 praestaret
651 1653 742 1732 igitur
765 1653 795 1714 in
820 1648 839 1716 6
864 1651 1098 1715 revolutionibus
1122 1650 1247 1714 aestivis
1269 1671 1323 1733 per
1345 1649 1423 1718 90⁸·

68 1750 101 1804 st
121 1741 215 1824 bnjns
238 1738 316 1805 30·-
337 1744 436 1805 minus
459 1761 548 1823 quam
571 1742 640 1804 dim.
667 1738 724 1817 66,
753 1743 822 1823 qnia
845 1741 984 1821 aequatio
1008 1741 1139 1804 eccentri
1161 1741 1292 1803 maxima
1313 1749 1362 1804 est
1386 1736 1423 1807 1⁰

72 1828 203 1897 1’.53”.
240 1830 355 1894 Eadem
379 1851 409 1894 n.
434 1840 482 1893 est
503 1832 656 1911 proportio
680 1831 858 1911 quadrantis
880 1831 919 1892 ad
943 1831 1080 1912 simplam
1104 1830 1322 1912 aequationem,
1345 1850 1421 1915 quae

68 1920 251 1985 micirculi
275 1920 314 1981 ad
337 1920 477 2001 duplam:
538 1928 597 1988 90:
614 1927 651 1987 66
670 1949 706 1975 =
725 1926 872 1988 101‘53“
888 1952 895 1985 ι
910 1949 945 1995 x;
961 1925 1009 1988 ιδ’
1025 1923 1084 1985 W
1099 1923 1176 1986 itm.

542 2088 578 2148 15
594 2114 600 2147 ι
619 2085 654 2147 11

67 2169 169 2253 igitur
190 2167 223 2231 in
245 2169 385 2233 semestri
409 2172 526 2233 aestivo
543 2190 596 2252 per
609 2167 663 2237 45‘
677 2167 743 2234 22”
763 2170 863 2232 minna
887 2168 1094 2249 colligeremus
1116 2168 1147 2231 in
1170 2168 1348 2235 variatione.
1385 2170 1421 2234 Id

67 2276 142 2323 vero
166 2276 227 2321 non
255 2269 400 2341 apparet;
431 2261 533 2340 potins
566 2260 644 2323 enim
675 2279 730 2339 per
760 2256 811 2323 10‘
839 2258 907 2339 pins
930 2259 1134 2322 observamus.
1180 2258 1262 2338 Ergo
1285 2277 1344 2321 non
1366 2278 1421 2341 per

67 2346 280 2413 tortitudinem
302 2347 529 2413 illuminationis
553 2347 606 2412 Sol
631 2349 782 2411 confortat
804 2349 926 2411 Terram
950 2347 980 2409 in
1002 2347 1152 2408 volvenda
1173 2346 1268 2411 Luna.

33 2518 35 2523 Ι
160 2433 278 2499 Contra
299 2457 353 2518 per
374 2439 498 2518 figuram
523 2438 686 2500 confortari
709 2443 795 2519 patet
817 2456 855 2498 ex
885 2436 991 2511 modo,
1023 2435 1093 2517 qnia
1121 2436 1170 2498 ubi
1198 2436 1274 2499 disci
1303 2437 1421 2518 species

66 2544 221 2611 apparens
245 2527 409 2601 evanescit,
433 2527 475 2590 ibi
499 2535 530 2590 et
553 2527 734 2589 confortatio
757 2526 854 2615 nulla,
879 2535 1026 2604 utcunque
1052 2522 1170 2588 fortiter
1193 2525 1286 2588 Terra
1307 2526 1421 2590 illumi-

66 2624 170 2681 natur.
208 2614 356 2697 Superest
378 2616 466 2678 unica
489 2615 626 2698 objectio,
652 2616 678 2679 si
692 2618 787 2678 Terra
804 2624 905 2678 movet
918 2615 1034 2678 Lunam
1057 2633 1111 2695 per
1134 2615 1263 2695 speciem
1287 2614 1421 2695 corporis

67 2704 167 2779 moti,
197 2704 306 2788 qnippe
330 2705 360 2767 in
383 2707 505 2786 plagam
530 2706 672 2780 eandem,
705 2724 805 2766 annon
829 2711 860 2766 et
881 2723 935 2785 ρετ
957 2703 1087 2784 speciem
1112 2704 1277 2766 celeritatis
1300 2711 1422 2768 moveat

67 2793 212 2859 celeriter
235 2793 283 2856 vel
306 2795 401 2857 tarde.
444 2795 513 2857 Non
536 2795 593 2857 hoc
617 2813 737 2877 quaero,
763 2813 799 2854 an
824 2794 941 2875 species
965 2793 1039 2854 baec
1062 2791 1227 2859 celeritatis
1250 2793 1298 2857 vel
1322 2792 1420 2857 tardi-

65 2882 147 2949 tatis
171 2882 333 2966 recipiatur
355 2883 385 2945 in
408 2891 537 2946 mentem
557 2884 693 2958 motoris,
717 2892 752 2946 ut
769 2883 878 2947 iream
896 2882 1140 2944 inmotuLnnae
1160 2882 1318 2962 exprimat,
1342 2882 1420 2946 aliar

66 2972 210 3037 smcorst
227 2981 325 3037 totum
342 2992 444 3035 assem
466 2981 520 3036 ant
541 2981 622 3036 certe
642 2992 790 3055 uunquam
806 2972 919 3036 sineret
931 2972 1047 3034 Lunam
1063 2970 1227 3034 tardiorem
1242 2971 1420 3035 velociorem

66 3060 135 3127 deri
160 3062 225 3125 suis
248 3061 384 3142 legibus,
416 3062 584 3124 materialis
607 3062 680 3124 milri
703 3062 819 3143 species
842 3061 872 3139 ip
901 3062 999 3123 animo
1031 3069 1097 3136 est,
1131 3077 1207 3141 quae
1236 3062 1419 3124 necessitate

66 3149 224 3217 materiali
247 3160 329 3232 agat,
354 3169 430 3231 qnae
454 3150 522 3233 ipsa
543 3151 586 3213 sit
607 3152 710 3214 Lunae
733 3159 840 3226 motor,
861 3170 940 3231 quae
964 3149 1136 3213 debilitetur
1159 3149 1365 3213 attenuatione
1388 3150 1419 3212 in

66 3242 177 3317 latum,
201 3257 261 3303 uon
285 3239 460 3302 debilitetur
482 3239 686 3302 attenuatione
701 3239 730 3300 in
750 3239 881 3319 longum,
906 3239 1148 3319 compensatione
1172 3240 1256 3302 facta
1277 3246 1419 3302 attenua·

64 3328 165 3394 tionis
185 3346 241 3411 par
263 3328 407 3391 laxiorem
429 3329 608 3409 particulam
632 3328 776 3402 ambitus,
801 3347 895 3409 aeque
919 3327 1056 3390 celerem.

161 3414 247 3490 Quae
270 3417 320 3479 hic
343 3437 436 3480 causa
459 3437 527 3479 esse
549 3417 654 3498 possit,
680 3435 742 3490 cur,
767 3436 832 3479 cum
851 3416 988 3479 movendi
1012 3435 1117 3479 munus
1139 3416 1286 3498 reliquum
1309 3417 1418 3480 celeri·

63 3515 133 3573 aaa
169 3526 226 3570 sua
257 3506 431 3587 dispenset,
464 3526 524 3568 non
556 3505 646 3568 etiam
678 3514 751 3585 agat
777 3525 831 3587 pro
855 3505 1020 3568 celeritatis
1042 3504 1185 3567 hibernae
1209 3516 1240 3567 et
1264 3506 1418 3570 tarditatis

64 3596 208 3661 aestivae
221 3595 370 3663 modulis?
396 3595 580 3657 Praesertim
595 3614 661 3657 cnm
677 3614 713 3656 ex
727 3586 858 3657 demeris
872 3603 1027 3675 appareat,
1051 3595 1216 3674 superfluos
1243 3592 1301 3658 12⁰
1314 3595 1418 3658 Lunae

63 3704 188 3750 annum
211 3684 304 3747 etiam
327 3705 346 3746 a
369 3680 434 3748 360
457 3684 659 3747 volutionibus
682 3685 792 3746 Terrae
822 3685 970 3765 pendere,
1005 3702 1061 3744 non
1093 3692 1194 3745 tamen
1217 3704 1236 3745 a
1260 3684 1419 3766 superfluis

62 3768 131 3861 5¹1,
158 3773 407 3848 resolutionibus,
431 3792 507 3855 quae
524 3773 697 3856 inaequales
711 3773 882 3854 ponuntur?
907 3771 1123 3847 Dicendumne,
1147 3772 1323 3837 tarditatem
1345 3792 1417 3855 spe-

61 3864 126 3930 ciei
149 3861 338 3945 compensari
361 3870 496 3943 tempore
520 3863 657 3943 longiori,
682 3871 716 3924 ut
737 3866 823 3924 ta'nto
845 3863 886 3925 sit
903 3862 1049 3924 efficacior
1067 3861 1193 3942 quilibet
1211 3862 1312 3925 radius
1336 3865 1416 3938 (cum

60 3953 229 4019 lab'tndino
253 3960 378 4027 sumtus,
404 3960 436 4015 ut
460 3960 559 4014 sector
581 3951 677 4030 globi)
701 3960 811 4031 quanto
833 3951 943 4015 diutins
958 3960 1068 4026 movet,
1093 3970 1146 4014 sen
1169 3959 1281 4033 quanto
1304 3952 1417 4016 diutius

59 4050 155 4110 unet
174 4042 311 4107 Lunam:
345 4040 422 4123 quod
445 4060 503 4103 non
527 4052 627 4117 esset,
658 4041 685 4102 si
711 4048 808 4102 totum
836 4060 934 4104 assem
960 4041 1111 4116 vinceret,
1143 4047 1214 4104 tnnc
1237 4041 1316 4106 euim
1337 4042 1416 4104 idem

59 4130 173 4199 radius
196 4148 315 4211 semper
337 4138 455 4192 teneret
476 4130 601 4204 Lunam,
626 4133 726 4215 itaque
740 4131 827 4193 Luna
848 4130 1019 4194 necessario
1042 4138 1104 4210 tarn
1127 4130 1233 4193 celeris
1255 4132 1304 4194 vel
1327 4132 1417 4195 tarda
1543 4132 1546 4137 ’

60 4230 162 4295 earet.
187 4239 276 4302 quam
291 4218 399 4281 Terra:
432 4220 495 4282 Nec
518 4219 616 4300 potnit
639 4221 717 4284 idern
741 4219 800 4282 dici
824 4221 860 4283 de
874 4221 978 4283 Lunae
993 4219 1087 4302 ipsius
1101 4220 1245 4284 tarditate
1261 4238 1412 4302 apogaea:

60 4310 139 4398 qnia
163 4318 235 4373 tunc
257 4327 314 4371 non
340 4316 388 4371 est
410 4309 487 4371 idem
510 4308 628 4386 radius,
660 4309 768 4392 quippe
795 4311 911 4373 tenuior
934 4310 1096 4373 secundnm
1118 4309 1326 4387 latitudinem,
1355 4329 1414 4372 nou

60 4402 147 4469 idam
179 4406 215 4463 nt
246 4406 346 4461 sector
374 4397 474 4478 globi,
508 4398 561 4460 sed
589 4406 690 4463 tamen
713 4398 793 4461 idem
817 4408 849 4462 nt
872 4408 972 4463 sector
994 4399 1114 4463 circuli:
1148 4408 1180 4464 et
1206 4399 1275 4481 quia
1296 4398 1412 4480 pondus

61 4494 174 4558 Lunae
195 4487 330 4570 gravius.
356 4519 396 4528 —

156 4596 217 4659 ad
240 4595 341 4656 haec
363 4596 601 4675 respondeo
628 4594 677 4658 11.
695 4596 769 4676 Λρτ.
790 4592 893 4660 162οε
917 4597 1011 4658 Terra
1033 4595 1134 4676 specie
1157 4595 1290 4675 corporis
1312 4603 1413 4660 movet

62 4689 187 4753 Lunam
208 4703 263 4765 ρετ
286 4678 366 4757 319,
396 4683 613 4746 illuminatione
635 4703 689 4764 per
716 4685 764 4749 11.
811 4686 869 4747 llla
891 4685 938 4746 vis
962 4702 999 4747 ex
1021 4704 1054 4746 se
1075 4685 1144 4766 ipsa
1166 4691 1214 4746 est
1236 4686 1410 4768 aequabilis,

62 4778 145 4841 lrsec
167 4772 349 4837 acceleratio
372 4773 414 4834 sit
437 4793 509 4836 sane
532 4774 738 4855 inaequabilis,
764 4774 851 4839 sicuti
874 4776 903 4838 in
926 4775 993 4855 ipsa
1016 4776 1110 4838 Terra
1133 4781 1181 4838 est
1201 4774 1410 4857 inaequabilis.

64 4864 147 4931 Cum
178 4870 281 4939 summ
313 4861 452 4942 aequatio
483 4862 626 4946 temporis
658 4863 784 4947 physico
813 4863 855 4927 sit
880 4864 1049 4931 adhibenda
1077 4860 1130 4931 2i‘
1157 4860 1224 4927 41”
1255 4884 1308 4947 ρτο
1337 4864 1411 4935 totis

137 4968 229 5021 sos-r
241 4968 321 5021 orm
339 4966 377 5010 ει
1167 4966 1202 5031 tr
