3368 5534
307 314 372 388 ⁴122
788 320 829 374 De
848 321 955 373 Motibus
973 306 1067 375 Stellae
1085 318 1173 379 Marta

306 500 430 582 periodo
454 497 581 573 Martis,
605 500 699 560 multo
722 500 894 580 perplexius
923 508 972 561 est
995 501 1162 581 negotium,
1188 508 1272 563 certa
1294 500 1361 562 loca
1382 498 1450 579 ejus
1474 498 1655 581 geometrice

309 589 447 651 definire:
482 596 514 648 et
542 588 670 649 involvit
697 608 836 668 maguum
870 590 943 651 illud
972 590 1174 670 paradoxum,
1213 590 1292 671 quod
1318 590 1397 651 iuter
1425 589 1655 651 obseruationes

304 679 375 740 anni
402 674 484 742 1593
509 677 659 758 Tychonis
682 679 782 739 Brahe
806 698 894 738 mauu
917 678 966 739 his
989 679 1089 740 verbis
1113 679 1293 741 inculcatum
1321 677 1440 759 reperi:

393 783 615 839 consideratione
637 784 748 854 dignum
769 793 828 847 est,
851 787 920 855 quod
941 786 1017 841 Mars
1039 787 1112 840 circa
1138 786 1269 840 decimam
1288 786 1360 842 diem
1380 788 1505 858 Augusti
1529 788 1656 841 babuerit

304 866 453 920 maximam
472 864 647 943 latitudinem
668 866 835 928 austrinam,
858 875 887 919 et
900 874 1000 936 postea
1020 867 1187 929 decreverit:
1209 867 1250 920 ita
1270 861 1464 923 1111121111
1479 867 1652 937 oppositione

304 947 382 1017 quasi
403 951 504 1015 quarta
524 951 605 1013 parte
630 948 734 1016 gradus
765 945 877 1016 propior
907 946 1052 1017 eclipticas
1081 947 1203 1003 redditus
1225 948 1274 1009 sit,
1305 950 1377 1019 quod
1402 955 1497 1002 tamen
1526 964 1653 1005 maanes,

304 1027 390 1080 etiam
416 1032 538 1078 correcto
568 1025 722 1080 latitudinis
753 1028 891 1079 maximae
920 1027 993 1090 loco,
1025 1027 1053 1081 iu
1083 1023 1133 1081 18⁰
1158 1026 1275 1099 Aquprii
1303 1043 1479 1100 nequaquam
1509 1027 1652 1085 exhibent.

303 1108 541 1177 quomodocunque
568 1112 726 1159 assumatur
751 1107 808 1161 illic
834 1105 955 1160 maxima
980 1106 1115 1163 latitudo:
1146 1092 1287 1243 cuju*
1307 1124 1394 1162 causa
1417 1109 1544 1162 studiose
1566 1107 1650 1178 inqui·

302 1189 390 1241 reuda
411 1185 496 1239 venit.

391 1283 503 1343 Postea
527 1299 592 1341 curu
616 1280 655 1340 ad
678 1279 774 1360 ipsum
799 1281 827 1341 iu
843 1280 1018 1342 Bohemiam
1041 1283 1190 1345 venissem
1214 1291 1245 1344 et
1268 1282 1390 1364 saepius
1404 1283 1443 1345 de
1458 1283 1648 1346 latitudinum

301 1372 418 1434 ratione
451 1369 683 1450 quaesivissem,
716 1369 823 1450 illeque
846 1371 932 1444 mihi,
964 1370 1057 1432 nodos
1080 1372 1111 1433 iu
1135 1371 1210 1433 locis
1234 1392 1301 1433 esse
1322 1372 1472 1452 oppositis
1488 1382 1521 1435 et
1538 1376 1647 1437 sectio-

302 1481 369 1522 nem
399 1458 527 1521 transire
556 1477 608 1536 per
638 1470 778 1537 punctum
811 1459 898 1520 medii
930 1461 987 1521 loci
1011 1461 1093 1521 Sulis
1122 1480 1174 1521 seu
1197 1480 1251 1541 per
1274 1470 1409 1523 centrum
1433 1462 1562 1544 epicycli
1586 1464 1645 1541 ejus

256 1556 258 1561 '
301 1549 482 1630 (dequibus
507 1549 643 1628 sequenti
667 1566 732 1627 cap.
757 1547 904 1619 LXVII.)
929 1550 1047 1629 aliaque
1070 1550 1165 1611 multa
1177 1551 1398 1629 recensuisset:
1425 1551 1481 1613 hac
1497 1553 1644 1613 mentione

301 1637 556 1700 commonefactus
580 1636 616 1696 de
640 1634 696 1696 hoo
725 1637 846 1716 negotio
869 1648 921 1700 hoc
945 1638 1055 1718 inquit,
1079 1657 1123 1702 est
1143 1648 1276 1714 mhabils‚
1298 1649 1460 1703 latitudines
1481 1651 1543 1705 fleri
1564 1651 1644 1705 maxi

300 1755 357 1794 mas
379 1744 445 1793 aute
465 1737 509 1790 rel
531 1744 595 1807 post
616 1737 801 1807 oppositiones
823 1755 883 1790 cum
903 1738 983 1791 Sole:
1023 1728 1107 1806 cujus
1140 1726 1182 1789 rei
1218 1728 1327 1791 melitio
1358 1729 1442 1789 sacta
1474 1740 1526 1791 est
1562 1731 1645 1790 etiam

302 1837 392 1896 supra
416 1815 514 1896 capite
538 1816 612 1875 XV.

390 1905 521 1968 Causam
546 1905 664 1984 quidem
688 1905 730 1964 rei
756 1904 890 1965 continet
906 1924 977 1964 vera
996 1903 1172 1985 hypothesis
1189 1903 1355 1965 latitudiuis
1375 1905 1533 1986 hacparte
1549 1908 1644 1987 quinta

190 2028 197 2037 =
302 1996 453 2056 stabilita:
492 1995 634 2054 terminos
669 2012 739 2053 vero
772 1993 966 2054 urarimarum
1001 1991 1189 2053 latitudinum
1222 1993 1300 2054 haud
1325 1994 1444 2056 facilius
1467 1997 1642 2075 geometrice

302 2083 511 2164 inquisitoris,
566 2103 652 2163 quam
691 2081 870 2160 Apollonius
907 2083 1060 2161 Pergaeus
1098 2082 1251 2162 inquisivit
1291 2083 1436 2145 terminos
1473 2086 1642 2149 stationum,

303 2173 560 2245 Quemadmodum
586 2172 662 2231 euim
688 2173 716 2231 iu
741 2172 795 2230 hoc
821 2171 940 2250 negotio
958 2173 1119 2232 stationum
1139 2180 1211 2232 nota
1226 2171 1370 2250 quaedam
1389 2182 1494 2252 potest
1511 2174 1642 2244 describi,

266 2336 269 2343 Ι
301 2283 360 2343 qua
383 2271 525 2323 noscatur
549 2261 631 2321 locus
656 2260 819 2320 stationum
844 2264 906 2330 (est
929 2269 1028 2321 autem
1054 2261 1122 2333 ista,
1147 2261 1264 2339 quando
1289 2260 1368 2323 linea
1383 2263 1510 2325 visionis
1531 2264 1641 2333 Martis,

303 2353 398 2412 Terra
430 2359 537 2423 eunte,
569 2350 731 2429 parallelos
764 2359 865 2408 manet
898 2349 953 2409 sibi
987 2349 1076 2430 ipsi);
1115 2368 1152 2409 ex
1188 2358 1261 2410 uota
1289 2368 1360 2411 vero
1397 2350 1462 2413 siue
1492 2352 1640 2435 mpltiplici

304 2440 418 2501 calculo
443 2440 525 2499 locus
549 2438 689 2499 stationis
714 2459 732 2497 a
755 2438 845 2516 priori
866 2438 1062 2499 dornonstrari
1078 2436 1189 2518 nequit,
1212 2438 1249 2498 ob
1265 2439 1468 2501 confusionem
1489 2441 1640 2502 multarum

305 2546 477 2590 causarum:
514 2527 557 2588 sic
582 2528 671 2587 etiarn
703 2547 750 2587 res
782 2526 872 2586 habet
903 2527 929 2586 in
962 2526 1116 2587 latitudine
1149 2528 1254 2606 quavis
1285 2526 1349 2588 vice
1380 2529 1524 2591 maxima.
1569 2531 1638 2591 liam

303 2628 373 2679 tuuc
397 2617 514 2695 quidem
539 2625 587 2676 est
611 2616 736 2676 latitudo
757 2616 901 2688 mraxime,
931 2617 1049 2694 quando
1078 2616 1225 2677 distantia
1246 2616 1354 2677 Martis
1378 2637 1397 2677 a
1420 2618 1518 2680 Terra
1540 2618 1640 2697 prescia

304 2708 350 2767 rel
375 2705 523 2766 decrescit
546 2706 649 2765 eadem
674 2704 882 2784 proportione,
917 2725 974 2783 qua
1001 2702 1139 2769 crta'tant
1163 2704 1210 2767 vel
1233 2705 1412 2767 decrescunt
1435 2707 1535 2768 lineae
1558 2708 1636 2768 incli-

303 2796 456 2856 nationum
480 2794 608 2854 Martis:
634 2802 664 2853 et
687 2802 812 2873 augetur
836 2792 974 2867 latitudo,
999 2793 1116 2872 quaudo
1139 2793 1291 2875 proportio
1315 2794 1479 2856 distantiae
1504 2782 1637 2875 1111111-

303 2885 428 2958 crescit,
453 2902 540 2964 quam
564 2884 716 2962 proportio
741 2884 882 2943 linearum
909 2882 1126 2956 inclinationis,
1159 2889 1211 2943 aut
1233 2885 1350 2963 quaudo
1374 2883 1428 2945 illa
1451 2885 1635 2947 decrescente

302 2974 377 3035 haec
409 2982 515 3033 contra
547 2971 664 3032 crescit.
712 2972 854 3031 Vicissim
883 2971 1023 3033 minuitur
1046 2971 1189 3046 latitudo,
1220 2971 1266 3032 vel
1296 2973 1414 3052 quando
1435 2975 1516 3053 ,plus
1538 2974 1635 3034 crescit

302 3062 448 3125 distantia
464 3061 574 3121 Martis
590 3081 608 3119 a
622 3061 716 3120 Terra
731 3080 819 3138 ‹puam
835 3060 929 3120 lineae
946 3059 1157 3134 inclinationis,
1172 3059 1200 3121 iu
1211 3061 1426 3140 suaquaelibet
1436 3063 1635 3144 proportione.

302 3152 351 3213 vel
384 3149 501 3231 quando
535 3149 679 3209 distantia
711 3158 865 3209 crescente
899 3149 967 3209 illae
1000 3149 1178 3210 minuuntur.
1233 3149 1316 3210 Ilaec
1346 3158 1446 3213 autem
1479 3152 1635 3232 promiscue

297 3242 374 3307 liunt
392 3240 458 3319 jam
484 3238 510 3297 iu
537 3237 739 3318 oppositione,
761 3237 824 3317 jam
848 3249 918 3298 aute
938 3238 1001 3316 jam
1025 3247 1111 3318 post3
1135 3248 1222 3316 prout
1246 3239 1394 3318 oppositio
1411 3241 1457 3302 vel
1474 3242 1506 3303 iu
1522 3241 1633 3301 limitem

303 3326 456 3399 inciderit,
494 3326 541 3385 vel
575 3334 644 3386 aute
675 3336 727 3387 aut
749 3335 819 3405 post
842 3326 974 3387 limitem.
1027 3328 1112 3387 Hace
1143 3327 1187 3389 ita
1210 3329 1292 3407 sequi
1316 3347 1352 3388 ex
1371 3328 1534 3410 hypothesi
1558 3329 1635 3407 hujus

303 3419 414 3499 operis,
438 3414 567 3496 probant
590 3435 674 3476 meae
688 3414 912 3494 Ephcmerides.
952 3417 1041 3477 Auno
1061 3408 1154 3481 160⁴.
1175 3415 1409 3479 1111125116.
1431 3419 1480 3480 vel
1495 3413 1526 3480 6.
1543 3416 1635 3479 ldartri

216 3550 223 3567 1
306 3510 362 3570 t'uit
384 3505 514 3566 maxima
539 3505 664 3565 latitudo
688 3504 794 3578 borea,
825 3525 891 3565 cunr
920 3504 1035 3582 intcgro
1059 3522 1159 3565 urerrse
1183 3516 1357 3586 sequeretur
1379 3508 1541 3587 oppositio.
1585 3505 1636 3567 11-

304 3597 405 3659 cissim
428 3591 480 3656 27.
506 3593 589 3673 Sept.
616 3594 662 3654 vel
687 3591 716 3654 7.
743 3592 811 3656 Oct.
836 3594 892 3655 t'uit
915 3592 1044 3654 maxima
1069 3594 1196 3656 latitudo
1219 3595 1363 3667 austriua,
1387 3614 1453 3659 cum
1468 3596 1638 3659 hlaminter

299 3685 460 3766 ¹quintilem
486 3691 517 3743 et
540 3682 677 3743 sextilem
694 3682 774 3745 Solis
799 3691 977 3744 versaretur.
1023 3682 1154 3747 Rursum
1177 3683 1233 3745 line
1256 3684 1326 3745 anui
1347 3678 1429 3747 1605
1444 3686 1504 3749 tuis
1517 3685 1639 3749 maxima

305 3774 434 3836 latitudo
463 3772 569 3844 borea,
599 3771 671 3834 Sole
702 3792 721 3832 a
751 3771 867 3851 quintili
897 3772 936 3831 ad
966 3772 1144 3851 quadratam
1166 3773 1276 3835 Martis
1305 3784 1401 3857 eunte.
1446 3772 1491 3837 Et
1513 3773 1638 3841 siclarin

191 3849 193 3853 Α
303 3883 380 3926 anuo
411 3858 504 3924 1606.
532 3860 604 3921 Julii
629 3863 685 3921 fine
714 3861 845 3922 maxima
871 3861 927 3921 luit
955 3858 1082 3922 latitudo
1108 3860 1259 3938 austrina,
1283 3850 1407 3943 Smin
1435 3864 1516 3927 trino
1536 3862 1638 3927 Maur

303 3959 453 4014 versante.
499 3952 588 4011 Aruno
621 3970 690 4010 vero
727 3947 810 4014 1607
841 3949 973 4011 noxiora
1005 3951 1096 4011 borea
1117 3948 1253 4039 lptitudo
1281 3942 1429 4034 codtiugit
1457 3952 1549 4034 paulo
1575 3962 1638 4036 poet

302 4041 540 4122 conjunctionem
556 4036 667 4101 Martia
688 4059 753 4101 cum
778 4036 861 4100 Sole.

390 4148 500 4219 Causa,
525 4163 577 4204 cur
600 4145 674 4206 haec
698 4146 726 4206 in
752 4146 845 4206 reteri
870 4145 1054 4208 astronomia
1077 4143 1154 4209 mira
1175 4144 1342 4220 rideantur,
1365 4148 1570 4229 potissimaia
1586 4150 1636 4213 loc

304 4247 361 4314 cst,
385 4236 460 4316 quod
485 4235 849 4313 Ptoleruaeus‘ceterique
874 4235 949 4295 hunc
975 4235 1083 4296 inritati
1101 4245 1200 4301 motus
1218 4235 1636 4321 intricatiaaimoadnelinatio·

300 4347 378 4400 num,
404 4323 613 4397 deviatiouum,
637 4325 829 4386 redeniouuru
853 4327 1065 4386 confinxerunt.
1105 4322 1183 4386 Cum
1203 4325 1281 4386 enim
1298 4316 1635 4392 haereretl‘tolemaeus

301 4417 329 4478 in
354 4414 477 4497 epicycli
511 4413 741 4492 imaginatione,
780 4413 905 4493 primum
937 4424 1025 4491 atque
1050 4413 1140 4486 cidit,
1181 4414 1208 4475 iu
1245 4415 1532 4495 oppositione-cum
1561 4421 1636 4481 Sole.

299 4506 417 4586 quaudo
451 4503 573 4584 planeta
604 4503 735 4575 videtur,
768 4504 849 4565 exire
879 4502 1012 4565 illumin
1036 4502 1157 4582 plagam
1182 4523 1285 4564 uuum:
1322 4505 1429 4567 statim
1451 4508 1636 4588 conjecturas

300 4595 434 4666 indulsit,
459 4610 614 4663 assereus,
639 4591 667 4651 iu
692 4591 897 4669 conjunctione
920 4610 985 4653 cum
1010 4590 1101 4665 Sole,
1125 4593 1242 4671 quaudo
1266 4612 1321 4652 uon
1346 4592 1486 4668 videtur,
1510 4596 1634 4659 erireiu

297 4685 420 4765 plagam
444 4683 571 4745 alteram
579 4698 589 4752 ς
612 4686 665 4740 aut
686 4680 715 4741 iu
740 4681 908 4741 universum
932 4680 1113 4743 contrarium
1136 4681 1200 4761 ejus
1224 4682 1331 4754 lacere,
1356 4683 1435 4762 quad
1460 4686 1539 4749 vidit
1559 4686 1635 4748 illum

303 4773 332 4832 in
365 4771 553 4852 oppositione
577 4769 695 4827 facere:
729 4768 846 4828 scilicet
876 4779 907 4828 ut
931 4770 1032 4849 aliqua
1055 4777 1137 4830 esset
1150 4769 1363 4849 compensatio
1386 4780 1419 4832 et
1441 4773 1635 4837 restitutionis

300 4861 472 4941 aequalitas
495 4855 743 4937 cohaerentiaque
767 4875 832 4918 cum
856 4855 938 4921 sole.
983 4856 1049 4920 Hoc
1077 4868 1148 4920 vero
1179 4877 1237 4920 nou
1260 4870 1308 4921 eat
1329 4858 1520 4927 sisenando
1541 4878 1636 4926 rmum
