3368 5534
248 321 311 391 138
780 323 889 389 Epistola
906 323 1066 377 dedicatoria

245 501 275 565 in
308 519 395 582 quem
421 496 507 560 Luna
531 497 668 577 ingressa
691 507 757 574 est,
791 500 891 562 ludere
922 502 1002 564 solet
1031 503 1194 582 astragalis
1222 503 1318 566 lusum
1343 503 1544 584 trigonicum;
1570 504 1599 564 in

245 591 358 664 Leone,
384 607 441 669 quo
457 585 511 649 Sol
527 588 618 648 utitur
641 589 782 668 hospitio,
809 591 997 654 familiariter
1020 601 1108 653 notus
1132 601 1198 666 est;
1224 593 1277 655 llle
1292 594 1419 674 denique
1434 605 1467 656 et
1481 594 1599 655 Arietis

246 688 296 741 est
332 678 477 750 dominus,
521 677 568 737 cui
610 678 733 738 subesse
772 680 904 743 creditur
928 680 1108 751 Germania,
1141 682 1287 763 planeque
1320 701 1502 746 concurrens
1533 701 1601 743 cum

245 767 288 830 s·
316 765 360 830 C⁸
387 766 446 827 Mes
466 766 514 825 Vt
536 765 628 826 habet
652 767 816 845 imperium.

339 856 425 916 Hanc
450 854 541 934 igitur
563 853 705 934 triumphi
727 865 845 934 partem
869 858 911 919 illi
935 858 1007 920 licet
1030 867 1190 939 occupent,
1215 859 1327 921 nullam
1344 861 1418 940 ipsis
1435 868 1501 921 um
1515 859 1597 921 festo

246 946 296 1008 me
328 944 445 1006 mxandi
476 962 598 1004 causam
623 944 789 1005 exhibebo:
825 956 963 1008 transeat
985 946 1059 1009 haec
1084 948 1206 1010 licentia
1230 949 1307 1011 inter
1324 950 1411 1029 jocos
1435 949 1598 1011 militares.

247 1035 320 1116 lpse
351 1033 391 1094 ad
423 1033 703 1094 astronomiam
737 1045 854 1108 vertar,
891 1054 1037 1115 curruque
1068 1037 1239 1117 triumphali
1263 1039 1416 1114 invectus,
1450 1037 1601 1120 reliquam

246 1122 361 1204 captivi
385 1121 481 1182 nostri
505 1120 647 1200 gloriam,
680 1123 751 1184 mihi
773 1123 966 1203 peculiariter
988 1134 1107 1196 uotam,
1139 1147 1299 1208 omnesque
1324 1128 1399 1190 adeo
1423 1127 1497 1189 belli
1520 1127 1604 1207 gesti

247 1211 436 1291 coniectique
458 1211 592 1272 rationes
615 1211 784 1290 explicabo.

335 1301 440 1380 Neque
464 1300 543 1361 enim
566 1299 631 1361 siue
654 1300 765 1363 bonore
790 1301 876 1364 nobis
899 1309 947 1364 est
961 1301 1124 1378 habendus,
1141 1323 1228 1385 quem
1247 1313 1388 1366 aeternus
1400 1303 1605 1383 mnndibnjns

247 1390 443 1453 Architectus
482 1389 705 1469 communisque
744 1390 874 1454 siderum
913 1391 1122 1474 hominumque
1155 1394 1271 1455 Pater
1301 1392 1405 1457 Jora
1441 1393 1473 1455 in
1503 1393 1607 1472 prima

250 1498 408 1561 corporum
430 1476 659 1557 aspectabilium
687 1477 801 1541 locarit
824 1480 904 1555 acie3
932 1489 967 1541 ut
987 1480 1110 1562 pereuni
1133 1482 1279 1544 curriculo
1300 1501 1356 1562 per
1378 1481 1520 1562 regiones
1544 1501 1604 1543 ae·

248 1569 371 1635 thersae
404 1566 561 1632 Creatoris
589 1567 637 1629 sni
667 1568 814 1631 militaret
841 1568 976 1649 gloriae:
1007 1569 1214 1651 bominumque
1242 1581 1361 1634 mutes
1391 1572 1457 1634 alto
1483 1571 1607 1651 sopitas

248 1666 373 1720 veterno
397 1656 558 1719 criminosa
586 1656 725 1735 ignatias
756 1658 1003 1741 ignorantiaeque
1027 1659 1257 1739 exprobratione
1282 1661 1462 1734 suscitaret,
1490 1679 1605 1721 excur-

250 1746 385 1810 sionibus
409 1748 471 1808 suis
495 1755 660 1821 exerceret,
684 1748 772 1828 inque
796 1748 911 1809 coelum
934 1747 973 1809 ad
988 1744 1161 1810 Conditoris
1181 1750 1227 1811 sui
1247 1749 1351 1812 laudes
1371 1749 1606 1829 investigandas

253 1835 397 1900 irritando
420 1833 619 1916 pertraheret

341 1926 400 1987 Hic
422 1933 472 1986 est
494 1924 543 1984 ille
562 1922 791 2003 potentissimus
816 1924 1019 1987 inventionum
1041 1926 1236 1989 bumanamm
1250 1927 1477 2009 Domitor:·qni
1502 1927 1606 1988 omni·

255 2016 312 2079 bue
335 2023 572 2077 umonomomm
594 2013 691 2076 irrisis
715 2014 975 2093 expeditionibus,
1007 2015 1091 2077 elisis
1114 2016 1277 2092 machinis,
1304 2016 1476 2096 profligatis
1504 2015 1607 2096 copiis

253 2103 428 2179 hostilibus,
451 2109 601 2165 secretum
628 2103 745 2182 imperii
774 2103 821 2164 sui
850 2103 966 2166 cunctis
987 2113 1069 2166 retro
1092 2106 1202 2166 seculis
1219 2105 1404 2166 custoditum
1419 2104 1607 2185 possederat

253 2212 378 2279 securus
401 2210 566 2272 cursusque
595 2210 666 2253 suos
693 2202 872 2255 exercuerat
893 2192 1062 2255 liberrimus
1083 2203 1117 2255 et
1137 2194 1431 2274 incircumscriptus:
1456 2202 1492 2258 ut
1506 2212 1603 2275 prae·

253 2284 374 2365 οἰριιεω
403 2281 556 2362 querelam
585 2281 752 2343 instituerit
784 2290 898 2363 mystes
926 2282 977 2344 ille
1009 2292 1151 2357 naturae,
1181 2283 1358 2346 Latinomnr
1385 2282 1605 2346 celeberrimus

256 2370 294 2437 C.
317 2372 454 2435 Plinius:
476 2369 618 2432 hlartis
640 2370 926 2432 inobservabile
955 2370 1061 2434 sidus
1084 2391 1182 2434 esse.

341 2462 438 2524 Fama
461 2469 519 2534 est,
543 2458 709 2539 Georgium
720 2457 910 2521 Joachimum
933 2457 1145 2535 Rheticnm,
1169 2470 1290 2542 pamum
1306 2462 1452 2524 memoria
1469 2461 1604 2523 nonin·

254 2549 403 2614 celebrem
426 2547 586 2629 Copemici
617 2548 809 2628 discipulum,
842 2559 874 2611 et
902 2548 952 2629 qui
975 2550 1223 2614 restaurationem
1247 2552 1450 2613 astronomiae
1472 2551 1606 2630 ρήωωι

255 2658 348 2705 ansus
369 2639 592 2720 concupiscere,
615 2658 685 2700 mox
708 2657 766 2699 non
788 2639 967 2717 spernendis
989 2639 1249 2702 observationibus
1262 2652 1295 2701 et
1313 2640 1537 2703 inventionibus
1552 2641 1606 2702 at*-

256 2731 442 2805 testaverat,
464 2728 534 2790 dom
555 2729 586 2789 in
610 2736 693 2789 moto
714 2727 826 2789 Martis
848 2727 955 2789 haeret
976 2728 1188 2804 mirabundus,
1216 2748 1312 2810 neque
1333 2749 1368 2791 se
1390 2728 1540 2809 explicat,
1564 2729 1607 2791 ad

255 2817 348 2883 Genii
377 2818 426 2881 sni
457 2815 613 2880 familiaris
646 2817 800 2879 oraculum
829 2816 1021 2896 confugisse,
1058 2836 1112 2880 sen
1143 2819 1210 2899 ejus
1241 2817 1439 2881 eruditionem
1470 2818 1516 2891 (ai
1543 2818 1605 2880 diis

253 2909 371 2991 pheor)
393 2907 613 2988 exploraturus,
636 2907 702 2969 sire
724 2906 863 2968 veritatis
886 2905 1041 2985 impotenti
1064 2906 1228 2981 desiderio,
1251 2918 1343 2988 atque
1365 2907 1414 2970 hic
1431 2925 1605 2989 exaspera·

255 3009 318 3062 torn
349 2998 495 3060 immitem
520 3006 695 3076 patronum,
729 2995 888 3074 importuni
920 2996 1118 3057 sciscitatoris
1149 2997 1275 3059 alternis
1313 2996 1458 3077 capillitio
1487 2997 1607 3077 arrepti

254 3097 348 3170 eaput
368 3088 410 3150 ad
431 3085 589 3149 imminens
613 3086 737 3166 laquear
760 3084 925 3158 adflixisse,
947 3085 1111 3166 itcmmque
1135 3085 1251 3148 dimissi
1273 3104 1382 3167 corpus
1401 3086 1605 3167 inparimen·

255 3187 318 3242 tum
339 3177 545 3259 proturbasse,
571 3174 675 3236 addito
698 3192 862 3252 responso:
888 3174 965 3235 bunc
987 3194 1055 3235 esse
1078 3184 1191 3237 motum
1213 3174 1335 3236 blartis.
1368 3177 1465 3237 Fama
1477 3175 1605 3248 muna,

255 3287 313 3351 qao
340 3285 399 3329 non
427 3265 509 3328 aliud
531 3263 689 3326 nocentius
716 3264 812 3325 bonae
837 3264 950 3336 lamae3
979 3271 1043 3324 tam
1072 3265 1151 3325 enim
1174 3264 1235 3326 licti
1258 3264 1402 3345 pravique
1426 3274 1521 3326 tenax
1544 3276 1606 3332 est,

255 3376 347 3439 qaam
368 3355 478 3418 nuncia
499 3353 571 3415 reri
618 3353 688 3414 Non
711 3363 760 3414 est
782 3366 884 3414 tamen
906 3351 1097 3426 incredibile,
1125 3353 1284 3415 Rheticunr
1308 3353 1421 3434 ipsum,
1444 3372 1506 3415 non
1530 3372 1606 3415 suc·

254 3445 432 3511 udmtibns
471 3442 744 3524 speculationibus,
782 3442 963 3503 conturbato
998 3441 1106 3520 spiritu
1143 3443 1367 3504 consurrexisse
1399 3443 1604 3517 lumbundum,

255 3544 404 3616 caputque
446 3533 577 3594 allisisse
610 3531 648 3592 ad
679 3532 831 3610 parietem.
877 3529 1086 3601 dordunum
1109 3533 1207 3605 enirn,
1235 3531 1262 3592 si
1289 3533 1398 3594 eadem
1425 3531 1605 3594 acciderunt

254 3624 404 3698 Rhtieo,
426 3622 537 3684 blattis
560 3621 767 3700 provocaturi,
796 3640 872 3701 quae
895 3619 965 3681 olim
990 3617 1025 3682 C.
1050 3618 1183 3682 Octavio
1204 3623 1343 3700 Augusto
1366 3619 1511 3695 Caesari,
1534 3640 1606 3682 cum

253 3715 329 3789 dass
352 3711 499 3783 Quintilio
523 3710 607 3771 Varo
635 3710 764 3790 quinque
785 3709 918 3790 legiones
937 3709 1136 3789 perdidisset,
1160 3710 1199 3772 ab
1217 3708 1304 3772 hoste
1318 3710 1467 3780 Arminio.
1490 3710 1607 3773 mnis

255 3803 352 3868 noemi
376 3799 549 3864 Germanici
571 3798 662 3879 pullo,
686 3801 914 3862 circumventas.

341 3891 453 3971 Atqui,
485 3898 517 3951 nt
550 3887 579 3949 in
607 3889 718 3951 ceteris
746 3889 894 3970 imperiis,
926 3887 971 3949 sic
998 3887 1046 3950 hic
1079 3906 1194 3970 qnoque
1218 3888 1302 3950 nulla
1323 3907 1356 3951 re
1379 3887 1477 3967 magis
1499 3886 1608 3949 innixa

254 3978 486 4046 autentabatur
508 3977 606 4039 bostis
628 3979 724 4039 nostri
747 3979 893 4059 potentia,
917 3997 1006 4057 quam
1028 3980 1222 4057 persuasione
1244 3988 1277 4039 et
1298 3978 1502 4058 trepidatione
1520 3978 1605 4055 ralgi

256 4071 427 4137 hominm:
458 4086 547 4149 quam
579 4076 770 4131 contemnere
802 4085 921 4146 semper
951 4086 1007 4145 ego
1039 4066 1120 4128 riam
1150 4067 1191 4128 sd
1213 4067 1371 4128 rictoriam
1394 4086 1463 4128 esse
1485 4068 1605 4146 potari.

256 4160 377 4242 Quippe
404 4176 472 4220 cum
499 4176 598 4218 essem
626 4157 656 4218 in
684 4158 740 4220 hoc
768 4170 893 4220 naturae
922 4156 1041 4218 theatro
1064 4156 1255 4218 mediocriter
1277 4165 1433 4218 versatas:
1457 4155 1533 4218 illud
1556 4175 1607 4218 ne

256 4270 312 4313 usu
334 4248 481 4328 magistro
515 4245 656 4307 didicisse
685 4247 903 4327 persuadebar,
934 4265 993 4307 non
1021 4245 1145 4306 multum
1166 4246 1296 4317 distare,
1330 4256 1365 4307 ut
1392 4245 1543 4308 hominem
1566 4245 1608 4308 ab

259 4340 388 4413 haine,
412 4336 457 4400 sic
479 4354 576 4416 neque
599 4335 718 4399 stellam
742 4336 882 4409 astella,
906 4335 1024 4396 hostem
1048 4335 1086 4394 ab
1110 4335 1217 4396 hoste:
1241 4353 1332 4414 quare
1356 4353 1416 4395 non
1439 4335 1530 4398 facile
1554 4356 1607 4398 re-

257 4429 425 4511 e‘mieadnm
451 4444 636 4497 sermonem,
664 4427 715 4506 qni
742 4428 780 4488 de
809 4425 908 4506 gentis
936 4424 1070 4504 ejusdem
1098 4423 1249 4487 individuo
1273 4441 1332 4485 uno
1354 4432 1469 4486 umere
1492 4424 1609 4506 aliquid

257 4519 409 4583 inolitum
430 4515 603 4596 sparsisset.
1341 4536 1347 4547 ·

348 4607 593 4690 impunitaem
617 4603 769 4666 laudanda
790 4603 836 4666 hic
861 4612 909 4665 eet
931 4601 1121 4684 Trebonio
1144 4601 1287 4673 Brahe,
1313 4601 1397 4663 ducis
1421 4600 1451 4663 in
1470 4601 1528 4664 hac
1546 4601 1607 4664 ni·

259 4697 329 4761 litia
350 4697 458 4761 summi
480 4692 655 4773 diligentia,
678 4694 729 4774 qni
750 4693 950 4755 friderici
973 4692 1020 4753 ll
1042 4704 1074 4752 et
1096 4689 1323 4754 Christiani
1345 4690 1607 4771 Daniaessegurn,

262 4789 443 4869 tandemque
475 4794 508 4847 et
530 4783 587 4845 8⁸·
603 4782 664 4846 Cu
680 4783 748 4844 Mas
767 4783 828 4843 Vt·
852 4781 1015 4861 auspiciis,
1045 4798 1122 4860 pene
1148 4779 1298 4842 motionis
1330 4779 1439 4860 riginti
1461 4799 1609 4843 annom

261 4877 409 4956 metm
427 4892 533 4941 ornnes
552 4872 641 4937 nobis
662 4873 759 4938 hostia
779 4871 870 4956 huju
890 4868 1315 4953 oomffluemplorarit
1336 4887 1457 4936 omen
1478 4869 1609 4937 n'litiae
