3368 5534
296 293 361 359 210
781 297 821 349 De
839 294 948 349 Motibus
966 294 1059 349 Stellae
1075 294 1165 347 nnus

300 474 394 555 coepi.
426 471 560 556 Cumque
575 493 653 536 anno
671 471 755 540 1597
773 477 811 537 ad
830 476 1002 560 Tychone
1013 495 1041 537 m
1064 476 1189 538 Braho
1213 472 1400 555 scripsissem
1414 481 1447 545 (1,
1460 480 1517 551 ta),
1533 494 1641 555 rogans

299 573 333 627 ut
356 584 441 625 suam
470 566 506 626 de
530 584 596 627 mee
620 565 724 628 libello
747 567 929 628 sententiam
945 566 1067 639 diceret,
1092 566 1213 646 ipseque
1236 563 1418 644 respondens
1441 565 1521 627 inter
1543 578 1641 626 cetera

298 674 420 718 suarum
428 655 531 717 etiam
554 655 797 718 observationum
820 655 1016 729 meminisset,
1039 654 1154 734 ingenti
1176 674 1223 714 me
1246 653 1409 734 cupiditate
1426 655 1640 716 eammtiden-

294 747 401 807 darum
434 744 641 807 inflammavit.
696 747 742 807 At
772 764 850 808 voro·
866 744 969 829 'l'yeho
992 744 1106 820 Brahe‚
1136 744 1201 822 ipse
1226 761 1339 824 queque
1362 761 1473 825 magna
1493 762 1565 825 pars
1588 745 1640 805 sati

294 833 368 907 mei,
401 852 438 893 ex
472 852 506 894 eo
535 853 593 895 nen
625 827 745 896 destitit
767 853 815 895 me
836 832 916 897 ultro
939 832 1051 895 hortari
1076 842 1109 896 nt
1132 833 1172 894 ad
1195 853 1227 894 se
1251 832 1392 896 venirem.
1440 830 1573 915 Cumque
1596 853 1640 894 me

295 921 501 1001 longinquitas
516 922 575 983 loci
591 930 673 984 esset
688 923 897 998 absterritum,
922 923 1040 984 divinae
1056 941 1172 985 rursum
1189 920 1377 1000 dispositioni
1393 921 1543 997 adscribo,
1567 924 1640 1002 quod

296 1014 324 1074 in
353 1011 532 1072 Bohemiam
565 1011 591 1071 is
614 1013 707 1074 venit.
753 1012 799 1075 Eo
823 1012 915 1092 igitur'
937 1012 1006 1072 veni
1030 1011 1084 1073 snb
1108 1011 1223 1073 initium
1247 1010 1318 1071 anni
1343 1005 1437 1079 1000,
1461 1031 1516 1091 spe
1538 1012 1640 1092 plane·

295 1110 394 1163 tarum
427 1107 578 1163 correctas
609 1102 848 1163 eccentricitates
877 1100 1062 1163 addiscendi.
1111 1098 1186 1163 Cum
1209 1108 1311 1161 autem
1333 1100 1428 1181 primo
1451 1101 1572 1163 octiduo
1595 1102 1639 1162 di-

297 1189 450 1263 dicissem,
475 1190 573 1270 ipsum
596 1189 738 1252 adhibere
762 1211 828 1253 curn
850 1191 1026 1252 Ptolemaeo
1050 1198 1082 1250 et
1102 1188 1268 1268 Copemico
1292 1188 1419 1250 medinm
1428 1199 1542 1252 motum
1553 1189 1639 1265 Solis,

295 1287 380 1340 esset
409 1297 480 1340 vero
511 1298 660 1358 apparens
689 1287 788 1342 motus
812 1299 878 1341 meo
902 1278 1004 1341 libello
1028 1277 1279 1341 accommodatior
1302 1278 1395 1358 (quod
1418 1298 1456 1338 ex
1480 1279 1546 1359 ipso
1569 1280 1639 1341 libro

297 1370 409 1449 patet),
440 1368 478 1428 ab
502 1376 623 1430 auctore
647 1367 815 1447 impetravi,
840 1378 874 1430 ut
896 1369 966 1431 mihi
991 1368 1096 1429 liceret
1117 1367 1375 1429 observationibus
1398 1386 1465 1428 mco
1488 1368 1575 1430 modu
1590 1369 1639 1432 uti.

297 1457 375 1518 Erat
407 1463 469 1517 tum
492 1457 556 1535 ejus
581 1457 746 1518 domestico
771 1456 1001 1521 Christiano
1030 1455 1203 1518 Severini
1219 1452 1260 1529 ³²)
1289 1456 1345 1518 sub
1368 1456 1508 1518 manibus
1530 1457 1641 1520 theoria

296 1544 456 1618 Martis,
492 1564 581 1625 quam
610 1555 728 1627 tempus
751 1547 810 1627 ipsi
834 1547 926 1609 dabat
954 1548 985 1609 in
1008 1566 1130 1617 manus,
1160 1565 1196 1606 eo
1220 1545 1297 1625 quod
1322 1555 1514 1608 versarentur
1538 1549 1565 1607 in
1589 1548 1639 1607 ob-

299 1633 472 1696 servatione
497 1635 668 1715 acrenychii
692 1636 768 1696 situs
792 1642 846 1697 'seu
869 1635 1067 1716 oppositionis
1090 1635 1201 1696 Martis
1224 1653 1290 1696 curn
1313 1632 1384 1696 Sole
1413 1635 1442 1696 in
1467 1631 1507 1699 9⁰
1530 1640 1563 1709 0.
1610 1636 1639 1697 Si

299 1723 547 1787 Christianus
572 1723 663 1784 alium
686 1726 838 1805 planetam
862 1733 1036 1800 tractasset,
1062 1724 1091 1785 in
1116 1723 1241 1786 eundem
1264 1733 1297 1785 et
1319 1742 1375 1803 ego
1399 1721 1583 1787 incidissem.

386 1811 503 1872 Rursus
536 1830 608 1890 ergo
639 1813 741 1873 divina
768 1814 963 1894 dispositione
992 1813 1140 1877 accidisse
1160 1821 1250 1895 puto,
1279 1813 1355 1894 qnod
1381 1810 1488 1875 eodan
1510 1820 1639 1893 tempore

298 1919 354 1981 ege
392 1900 579 1983 advenerim,
612 1919 668 1980 quo
702 1910 833 1981 ternpore
867 1902 961 1964 Marti
992 1902 1043 1965 ille
1068 1910 1137 1965 erat
1156 1898 1307 1979 intentus,
1346 1922 1383 1962 ex
1406 1900 1491 1983 euius
1514 1904 1640 1965 motibus

298 1989 416 2052 omnino
450 2008 574 2050 necesse
607 1998 655 2051 est
682 2009 737 2052 nos
761 1992 790 2051 in
814 1992 1015 2070 cognitionem
1039 1988 1244 2063 astronomiae
1268 2009 1444 2053 arcanorum
1468 1993 1570 2054 venire
1594 2001 1641 2052 aut

300 2099 338 2141 ea
360 2088 506 2158 perpetuo
530 2078 656 2140 nescire.
703 2079 916 2142 Recedehatur
939 2081 1044 2142 tabula
1065 2074 1231 2145 medinm
1259 2080 1479 2161 oppositionum
1504 2081 1544 2143 ab
1569 2101 1639 2143 anno

301 2166 397 2243 1580,
414 2177 481 2230 erat
502 2168 675 2248 excogitata
691 2169 876 2252 hypothesis,
903 2190 977 2249 qnae
999 2190 1052 2231 eas
1071 2186 1174 2231 omnes
1186 2180 1415 2249 repraesentare
1430 2171 1642 2251 perhibebatur

299 2259 379 2320 intra
401 2259 525 2318 duorum
549 2258 754 2336 scrupulorum
777 2259 1031 2339 propinquitatem
1054 2259 1083 2320 in
1108 2259 1304 2338 longitudine,
1328 2259 1414 2339 eujus
1433 2279 1575 2324 numeros
1597 2260 1641 2321 rel

299 2347 389 2428 paulo
414 2347 586 2408 differentes
610 2348 709 2426 capite
735 2349 773 2408 V.
799 2348 948 2426 usurpavi.
995 2349 1174 2428 Apogaeum
1196 2349 1279 2410 initio
1296 2349 1365 2410 anui
1380 2345 1464 2411 1585
1479 2349 1641 2430 ponebatur

297 2438 327 2499 in
351 2431 412 2498 23⁰
435 2432 489 2497 115‘
507 2441 541 2511 11,
566 2437 774 2498 eccentricitas
798 2439 938 2511 maxima,
964 2456 1040 2518 quae
1063 2456 1101 2498 ex
1125 2437 1348 2500 semidiametro
1362 2438 1519 2519 utriusque
1533 2439 1638 2500 circelli

300 2525 497 2606 componitur,
523 2534 589 2586 erat
612 2520 731 2601 20160,
755 2526 884 2607 qualium
908 2527 1130 2588 semidiameter
1148 2527 1273 2608 epicyeli
1288 2527 1411 2607 majoris
1425 2538 1510 2590 esset
1530 2524 1638 2591 10380.

298 2615 396 2695 Igitur
428 2613 458 2675 in
488 2614 584 2675 forma
611 2615 724 2694 primae
757 2615 981 2696 inaequalitatis
1010 2616 1198 2678 Ptolemaiou
1229 2617 1439 2678 eccentricitas
1476 2618 1639 2699 aequatarii

298 2704 403 2787 puncti
432 2710 499 2765 erat
528 2700 638 2766 20160
671 2706 718 2766 vel
742 2724 777 2766 eo
800 2705 890 2784 panio
914 2706 1018 2769 minus.
1065 2707 1113 2768 Ex
1136 2707 1194 2768 hae
1216 2706 1376 2788 hypothesi
1400 2715 1558 2769 exstructa
1580 2716 1641 2769 erat

301 2804 333 2857 et
355 2793 462 2871 tabula
485 2793 696 2873 aequationnm
720 2794 849 2855 eccentri
874 2796 912 2855 ad
935 2797 1046 2875 gradus
1071 2795 1205 2875 singulos
1228 2804 1261 2856 et
1283 2796 1410 2857 comesti
1424 2805 1526 2858 motus
1545 2796 1641 2867 medii,

299 2883 454 2946 additione
479 2883 561 2944 sacta
584 2884 624 2944 ad
646 2884 873 2945 Pruteniearum
897 2894 1009 2946 motum
1032 2885 1160 2947 medium
1176 2884 1262 2946 nnius
1281 2884 1410 2966 scrupuli
1430 2892 1464 2947 et
1476 2885 1641 2949 dodrantis.

297 2974 340 3037 Et
362 2971 475 3034 diducti
500 2980 588 3034 erant
611 2973 640 3034 hi
664 2981 762 3033 motus
786 2974 890 3048 medii,
915 2975 1059 3054 apogaei,
1083 2975 1213 3054 itemque
1232 2982 1264 3036 et
1281 2974 1350 3036 nodi
1373 2993 1427 3055 per
1450 2992 1549 3039 annos
1571 2969 1641 3047 400,

301 3062 424 3144 perinde
458 3070 491 3123 ut
523 3062 553 3122 in
587 3059 743 3123 Solarihus
777 3072 807 3123 et
840 3063 1008 3125 Lunaribus
1038 3063 1168 3125 motibus
1192 3070 1272 3125 tomo
1296 3066 1320 3126 l.
1344 3064 1642 3146 Progymnasmstun

299 3155 413 3215 i'actnm
444 3160 502 3213 est.
554 3152 589 3212 ln
620 3153 687 3212 sola
711 3151 867 3214 latitudine
892 3154 947 3214 sub
971 3152 1165 3236 acronychios
1189 3153 1265 3215 situs
1280 3152 1411 3233 itemque
1435 3163 1468 3215 et
1490 3154 1521 3217 in
1544 3155 1642 3235 paral·

299 3242 418 3303 laxibns
452 3240 532 3302 erbis
567 3241 658 3302 annui
679 3239 868 3303 Christianus
901 3242 1055 3304 haerebat.
1108 3241 1225 3304 Aderat
1259 3242 1378 3322 quidem
1410 3242 1590 3325 hypothesis
1616 3256 1643 3305 et

300 3331 414 3392 tabella
437 3349 491 3410 pro
517 3330 739 3403 latitudinibus;
765 3332 817 3391 sed
842 3351 898 3392 non
924 3333 1081 3393 cruebatur
1104 3333 1174 3393 inde
1199 3332 1326 3393 latitudo
1351 3332 1526 3395 observata.
1561 3332 1642 3404 Quae

300 3440 349 3480 res
373 3420 431 3498 ipsi
455 3419 483 3478 in
508 3419 643 3479 Lunares
668 3429 766 3481 motus
791 3420 957 3481 incubituro
982 3421 1191 3501 impedimento
1216 3429 1291 3482 erat.
1339 3419 1415 3483 Cum
1438 3422 1532 3501 igitur
1547 3424 1642 3502 suspi-

301 3528 386 3570 carer
412 3509 441 3568 id
467 3508 543 3586 qued
568 3528 616 3569 res
641 3517 727 3584 erat,
762 3510 940 3591 hypothesin
966 3530 1022 3571 non
1046 3511 1121 3571 bene
1146 3511 1273 3582 habere,
1304 3511 1420 3571 accinxi
1451 3531 1500 3572 rue
1525 3512 1590 3592 ipse
1608 3512 1642 3573 ad

302 3617 376 3677 opus
399 3597 559 3658 secundnm
584 3611 819 3678 praeconceptae
843 3610 874 3659 et
889 3600 917 3661 in
942 3600 1128 3680 Mysterio
1153 3620 1219 3661 meo
1244 3597 1569 3681 Cosrnographico
1592 3622 1642 3663 ex·

299 3706 423 3768 pressas
446 3688 611 3766 opiniones.
659 3689 792 3750 Plurima
815 3689 869 3750 sub
894 3690 1009 3751 initium
1025 3701 1091 3752 erat
1110 3690 1253 3752 internos
1268 3690 1464 3764 concertatio,
1490 3711 1529 3751 an
1544 3706 1643 3771 posset

300 3777 362 3838 alia
385 3776 500 3836 institui
526 3778 602 3837 ratio
627 3778 839 3859 hypotheseos,
865 3799 941 3858 quae
965 3789 1012 3841 tot
1036 3781 1102 3839 loca
1121 3781 1262 3859 planetae
1285 3779 1454 3840 eccentriea
1469 3781 1644 3858 aduuguem

302 3866 502 3945 exprimeret?
526 3877 558 3926 et
581 3887 618 3927 an
643 3869 721 3928 falsa
745 3888 813 3928 esse
836 3877 943 3948 posset
965 3869 1027 3942 illa,
1052 3888 1127 3949 quae
1152 3869 1183 3930 id
1206 3869 1351 3930 hactenus
1375 3888 1429 3949 per
1452 3888 1572 3933 omnem
1594 3889 1643 3931 zo·

301 3955 379 4016 dinei
404 3956 546 4015 ambitum
569 3951 800 4032 praestitisset?

391 4041 520 4104 Ostendi
551 4046 642 4123 igitur
671 4067 707 4106 ex
736 4046 788 4119 iis,
820 4065 895 4126 quae
923 4045 1020 4124 prima
1043 4055 1129 4126 parte
1152 4045 1321 4127 praemissa
1344 4053 1430 4120 sunt,
1464 4064 1558 4126 posse
1581 4066 1672 4133 esse·

302 4134 410 4195 salsum
438 4135 636 4195 eccentricum
667 4145 821 4197 ettamen
847 4135 1106 4197 observationibus
1134 4137 1214 4197 intra
1244 4133 1275 4197 δ’
1307 4144 1338 4196 et
1368 4136 1490 4215 propius
1522 4155 1644 4215 respen-

304 4225 390 4295 dere,
425 4224 581 4285 dummodo
614 4245 716 4286 rerum
746 4226 787 4286 sit
815 4233 956 4305 punctum
986 4225 1200 4306 aequaturinm.
1255 4224 1344 4294 Quod
1376 4243 1447 4286 vero
1475 4227 1645 4304 parallues

302 4313 384 4375 orbis
408 4313 497 4374 annui
522 4315 666 4375 attineret
688 4324 721 4376 et
743 4315 929 4386 latitudines,
953 4335 1020 4376 eam
1043 4315 1172 4394 palmam
1197 4314 1294 4375 adhuc
1317 4315 1348 4374 in
1372 4314 1469 4376 medio
1488 4315 1580 4375 sitam
1595 4333 1645 4374 nec

302 4402 558 4465 durn'obtentam
586 4405 624 4465 ah
654 4405 771 4467 illorum
805 4403 981 4485 hypothesi:
1010 4404 1154 4483 reliquum
1183 4403 1274 4483 igitur
1297 4421 1381 4477 esse,
1415 4414 1449 4465 ut
1472 4403 1646 4484 inquiratur.

303 4513 341 4553 an
365 4511 422 4553 non
448 4492 556 4554 alicubi
580 4512 634 4573 per
656 4493 688 4555 5‘
711 4494 754 4555 illi
778 4513 843 4554 cum
868 4513 922 4554 suo
947 4494 1060 4555 calculo
1085 4494 1123 4554 ab
1146 4492 1407 4555 observationibus
1427 4493 1605 4555 dissideant

373 4574 485 4659 ¹Coepi
516 4581 607 4661 igitur
635 4584 791 4663 explorare
816 4583 999 4662 operationis
1028 4585 1160 4663 ipsomm
1184 4581 1404 4645 certitudinem.
1451 4582 1497 4643 Ex
1522 4601 1558 4643 eo
1582 4584 1646 4664 qui·

305 4691 374 4731 nam
407 4671 516 4732 inerint
546 4671 576 4732 in
608 4673 663 4733 hoc
697 4672 798 4733 labore
831 4691 1008 4745 successus,
1043 4674 1210 4735 taediosum
1243 4681 1275 4734 et
1302 4670 1406 4734 inutile
1431 4680 1479 4732 est
1500 4684 1646 4753 repetere.

306 4761 472 4840 Persequar
495 4770 595 4822 autern
619 4782 656 4822 er
681 4763 736 4823 hoc
761 4760 965 4839 quadriennali
990 4762 1092 4824 labore
1117 4763 1170 4825 illa
1193 4772 1320 4836 tanturn,
1347 4781 1423 4842 quse
1443 4762 1481 4825 ad
1498 4766 1646 4843 cognitio·

306 4869 374 4911 nem
397 4859 519 4912 nostrae
542 4852 675 4914 methodi
697 4850 899 4932 pertinebant.

888 4978 894 4983 .
903 4975 1071 4985 .-.—
