<?xml version="1.0" encoding="UTF-8"?>
<!DOCTYPE html PUBLIC "-//W3C//DTD XHTML 1.0 Transitional//EN"
    "http://www.w3.org/TR/xhtml1/DTD/xhtml1-transitional.dtd">
<html xmlns="http://www.w3.org/1999/xhtml" xml:lang="en" lang="en">
 <head>
  <title>
</title>
<meta http-equiv="Content-Type" content="text/html;charset=utf-8" />
  <meta name='ocr-system' content='tesseract 3.04.00' />
  <meta name='ocr-capabilities' content='ocr_page ocr_carea ocr_par ocr_line ocrx_word'/>
</head>
<body>
  <div class='ocr_page' id='page_1' title='image "./joanniskepleria05frisgoog/joanniskepleria05frisgoog_0013.png"; bbox 0 0 3368 5534; ppageno 0'>
   <div class='ocr_carea' id='block_1_1' title="bbox 163 293 1069 367">
    <p class='ocr_par' dir='ltr' id='par_1_1' title="bbox 163 293 1069 367">
     <span class='ocr_line' id='line_1_1' title="bbox 163 293 1069 367; baseline 0.002 -21"><span class='ocrx_word' id='word_1_1' title='bbox 163 293 185 367; x_wconf 70' lang='grc'>4</span> <span class='ocrx_word' id='word_1_2' title='bbox 595 294 625 348; x_wconf 92' lang='lat' dir='ltr'><strong>In</strong></span> <span class='ocrx_word' id='word_1_3' title='bbox 644 294 827 347; x_wconf 80' lang='lat' dir='ltr'><strong>commentaria</strong></span> <span class='ocrx_word' id='word_1_4' title='bbox 845 296 876 348; x_wconf 89' lang='lat' dir='ltr'><strong>de</strong></span> <span class='ocrx_word' id='word_1_5' title='bbox 894 303 962 347; x_wconf 85' lang='lat' dir='ltr'><strong>motu</strong></span> <span class='ocrx_word' id='word_1_6' title='bbox 981 296 1069 348; x_wconf 77' lang='lat' dir='ltr'><strong>Martis</strong></span> 
     </span>
    </p>
   </div>
   <div class='ocr_carea' id='block_1_2' title="bbox 161 473 1561 1893">
    <p class='ocr_par' dir='ltr' id='par_1_2' title="bbox 161 473 1561 1628">
     <span class='ocr_line' id='line_1_2' title="bbox 163 473 1513 558; baseline -0.002 -16"><span class='ocrx_word' id='word_1_7' title='bbox 163 478 329 553; x_wconf 89' lang='lat' dir='ltr'><strong>erroribus,</strong></span> <span class='ocrx_word' id='word_1_8' title='bbox 353 485 384 539; x_wconf 95' lang='lat' dir='ltr'><strong>at</strong></span> <span class='ocrx_word' id='word_1_9' title='bbox 408 497 484 538; x_wconf 92' lang='lat' dir='ltr'><strong>uuus</strong></span> <span class='ocrx_word' id='word_1_10' title='bbox 515 477 576 538; x_wconf 85' lang='lat' dir='ltr'><strong>fore</strong></span> <span class='ocrx_word' id='word_1_11' title='bbox 599 484 662 538; x_wconf 91' lang='lat' dir='ltr'><strong>tum</strong></span> <span class='ocrx_word' id='word_1_12' title='bbox 690 475 834 556; x_wconf 90' lang='lat' dir='ltr'><strong>temporis</strong></span> <span class='ocrx_word' id='word_1_13' title='bbox 859 476 1045 555; x_wconf 89' lang='lat' dir='ltr'><strong>agnoscebat</strong></span> <span class='ocrx_word' id='word_1_14' title='bbox 1074 475 1155 538; x_wconf 92' lang='lat' dir='ltr'><strong>illius</strong></span> <span class='ocrx_word' id='word_1_15' title='bbox 1185 476 1383 558; x_wconf 71' lang='lat' dir='ltr'><strong>hypothesim</strong></span> <span class='ocrx_word' id='word_1_16' title='bbox 1414 473 1513 556; x_wconf 84' lang='lat' dir='ltr'><strong>Tycho</strong></span> 
     </span>
     <span class='ocr_line' id='line_1_3' title="bbox 162 564 1514 650; baseline -0.003 -19"><span class='ocrx_word' id='word_1_17' title='bbox 162 570 227 650; x_wconf 93' lang='lat' dir='ltr'><strong>ipse</strong></span> <span class='ocrx_word' id='word_1_18' title='bbox 257 574 374 629; x_wconf 80' lang='lat' dir='ltr'><strong>tautum</strong></span> <span class='ocrx_word' id='word_1_19' title='bbox 406 565 519 641; x_wconf 82' lang='lat' dir='ltr'><strong>abluit,</strong></span> <span class='ocrx_word' id='word_1_20' title='bbox 553 573 587 626; x_wconf 93' lang='lat' dir='ltr'><strong>ut</strong></span> <span class='ocrx_word' id='word_1_21' title='bbox 614 565 761 626; x_wconf 82' lang='lat' dir='ltr'>transiret</span> <span class='ocrx_word' id='word_1_22' title='bbox 788 565 817 626; x_wconf 95' lang='lat' dir='ltr'><strong>in</strong></span> <span class='ocrx_word' id='word_1_23' title='bbox 846 574 948 627; x_wconf 91' lang='lat' dir='ltr'><strong>castra</strong></span> <span class='ocrx_word' id='word_1_24' title='bbox 978 564 1153 646; x_wconf 84' lang='lat' dir='ltr'><strong>Copemici‚</strong></span> <span class='ocrx_word' id='word_1_25' title='bbox 1185 577 1217 627; x_wconf 92' lang='lat' dir='ltr'><strong>ut</strong></span> <span class='ocrx_word' id='word_1_26' title='bbox 1245 586 1322 626; x_wconf 87' lang='lat' dir='ltr'><strong>nova</strong></span> <span class='ocrx_word' id='word_1_27' title='bbox 1352 566 1514 627; x_wconf 76' lang='lat' dir='ltr'><strong>constituta</strong></span> 
     </span>
     <span class='ocr_line' id='line_1_4' title="bbox 162 653 1515 740; baseline -0.002 -20"><span class='ocrx_word' id='word_1_28' title='bbox 162 657 324 740; x_wconf 78' lang='lat' dir='ltr'><strong>hypothesi</strong></span> <span class='ocrx_word' id='word_1_29' title='bbox 356 675 419 718; x_wconf 91' lang='lat' dir='ltr'><strong>rem</strong></span> <span class='ocrx_word' id='word_1_30' title='bbox 452 654 681 734; x_wconf 80' lang='lat' dir='ltr'><strong>implicatiorem</strong></span> <span class='ocrx_word' id='word_1_31' title='bbox 713 653 896 730; x_wconf 80' lang='lat' dir='ltr'><strong>reddiderit3</strong></span> <span class='ocrx_word' id='word_1_32' title='bbox 930 655 1113 717; x_wconf 91' lang='lat' dir='ltr'><strong>Maestliuus</strong></span> <span class='ocrx_word' id='word_1_33' title='bbox 1137 663 1167 716; x_wconf 90' lang='lat' dir='ltr'><strong>et</strong></span> <span class='ocrx_word' id='word_1_34' title='bbox 1200 654 1252 715; x_wconf 91' lang='lat' dir='ltr'><strong>alii</strong></span> <span class='ocrx_word' id='word_1_35' title='bbox 1274 655 1420 736; x_wconf 81' lang='lat' dir='ltr'><strong>plerique,</strong></span> <span class='ocrx_word' id='word_1_36' title='bbox 1452 675 1515 717; x_wconf 88' lang='lat' dir='ltr'><strong>cum</strong></span> 
     </span>
     <span class='ocr_line' id='line_1_5' title="bbox 162 744 1561 829; baseline -0.002 -21"><span class='ocrx_word' id='word_1_37' title='bbox 162 747 270 829; x_wconf 90' lang='lat' dir='ltr'><strong>quibus</strong></span> <span class='ocrx_word' id='word_1_38' title='bbox 292 764 347 826; x_wconf 92' lang='lat' dir='ltr'><strong>per</strong></span> <span class='ocrx_word' id='word_1_39' title='bbox 370 745 474 806; x_wconf 90' lang='lat' dir='ltr'><strong>literas</strong></span> <span class='ocrx_word' id='word_1_40' title='bbox 499 744 561 823; x_wconf 89' lang='lat' dir='ltr'><strong>egit</strong></span> <span class='ocrx_word' id='word_1_41' title='bbox 583 745 733 824; x_wconf 88' lang='lat' dir='ltr'><strong>Keplerus</strong></span> <span class='ocrx_word' id='word_1_42' title='bbox 756 752 809 804; x_wconf 89' lang='lat' dir='ltr'><strong>aut</strong></span> <span class='ocrx_word' id='word_1_43' title='bbox 832 744 881 824; x_wconf 93' lang='lat' dir='ltr'><strong>qui</strong></span> <span class='ocrx_word' id='word_1_44' title='bbox 904 744 1016 825; x_wconf 87' lang='lat' dir='ltr'><strong>publici</strong></span> <span class='ocrx_word' id='word_1_45' title='bbox 1036 745 1114 823; x_wconf 88' lang='lat' dir='ltr'><strong>juris</strong></span> <span class='ocrx_word' id='word_1_46' title='bbox 1137 746 1272 805; x_wconf 84' lang='lat' dir='ltr'><strong>lecerunt</strong></span> <span class='ocrx_word' id='word_1_47' title='bbox 1300 764 1392 823; x_wconf 90' lang='lat' dir='ltr'><strong>opera</strong></span> <span class='ocrx_word' id='word_1_48' title='bbox 1415 752 1514 805; x_wconf 90' lang='lat' dir='ltr'><strong>astro·</strong></span> <span class='ocrx_word' id='word_1_49' title='bbox 1559 762 1561 791; x_wconf 87' lang='lat'><em>=</em></span> 
     </span>
     <span class='ocr_line' id='line_1_6' title="bbox 162 833 1516 914; baseline -0.002 -15"><span class='ocrx_word' id='word_1_50' title='bbox 162 835 292 910; x_wconf 88' lang='lat' dir='ltr'><strong>uomica,</strong></span> <span class='ocrx_word' id='word_1_51' title='bbox 322 833 417 896; x_wconf 88' lang='lat' dir='ltr'><strong>variis</strong></span> <span class='ocrx_word' id='word_1_52' title='bbox 440 833 514 895; x_wconf 91' lang='lat' dir='ltr'><strong>moti</strong></span> <span class='ocrx_word' id='word_1_53' title='bbox 543 833 643 894; x_wconf 91' lang='lat' dir='ltr'><strong>causis</strong></span> <span class='ocrx_word' id='word_1_54' title='bbox 673 834 857 895; x_wconf 88' lang='lat' dir='ltr'><strong>verebantur</strong></span> <span class='ocrx_word' id='word_1_55' title='bbox 887 834 977 914; x_wconf 94' lang='lat' dir='ltr'><strong>plane</strong></span> <span class='ocrx_word' id='word_1_56' title='bbox 1011 841 1042 893; x_wconf 92' lang='lat' dir='ltr'><strong>et</strong></span> <span class='ocrx_word' id='word_1_57' title='bbox 1071 834 1156 913; x_wconf 86' lang='lat' dir='ltr'><strong>plene</strong></span> <span class='ocrx_word' id='word_1_58' title='bbox 1190 834 1320 894; x_wconf 84' lang='lat' dir='ltr'><strong>transire</strong></span> <span class='ocrx_word' id='word_1_59' title='bbox 1353 834 1382 893; x_wconf 93' lang='lat' dir='ltr'><strong>in</strong></span> <span class='ocrx_word' id='word_1_60' title='bbox 1415 843 1516 913; x_wconf 85' lang='lat' dir='ltr'><strong>partes</strong></span> 
     </span>
     <span class='ocr_line' id='line_1_7' title="bbox 166 921 1515 1004; baseline -0.004 -15"><span class='ocrx_word' id='word_1_61' title='bbox 166 924 334 1004; x_wconf 84' lang='lat' dir='ltr'><strong>copemici.</strong></span> <span class='ocrx_word' id='word_1_62' title='bbox 382 922 484 994; x_wconf 82' lang='lat' dir='ltr'><strong>Quare</strong></span> <span class='ocrx_word' id='word_1_63' title='bbox 508 943 566 984; x_wconf 94' lang='lat' dir='ltr'><strong>non</strong></span> <span class='ocrx_word' id='word_1_64' title='bbox 590 929 705 984; x_wconf 90' lang='lat' dir='ltr'><strong>tautum</strong></span> <span class='ocrx_word' id='word_1_65' title='bbox 730 921 900 1002; x_wconf 90' lang='lat' dir='ltr'><strong>abjicienda</strong></span> <span class='ocrx_word' id='word_1_66' title='bbox 924 930 955 983; x_wconf 91' lang='lat' dir='ltr'><strong>et</strong></span> <span class='ocrx_word' id='word_1_67' title='bbox 978 921 1156 1001; x_wconf 90' lang='lat' dir='ltr'><strong>corrigenda</strong></span> <span class='ocrx_word' id='word_1_68' title='bbox 1180 930 1275 995; x_wconf 89' lang='lat' dir='ltr'><strong>erant,</strong></span> <span class='ocrx_word' id='word_1_69' title='bbox 1301 942 1376 1003; x_wconf 92' lang='lat' dir='ltr'><strong>quae</strong></span> <span class='ocrx_word' id='word_1_70' title='bbox 1401 923 1430 983; x_wconf 93' lang='lat' dir='ltr'><strong>in</strong></span> <span class='ocrx_word' id='word_1_71' title='bbox 1456 922 1515 986; x_wconf 90' lang='lat' dir='ltr'><strong>Co-</strong></span> 
     </span>
     <span class='ocr_line' id='line_1_8' title="bbox 161 1011 1517 1095; baseline -0.001 -21"><span class='ocrx_word' id='word_1_72' title='bbox 161 1014 284 1095; x_wconf 88' lang='lat' dir='ltr'><strong>peruico</strong></span> <span class='ocrx_word' id='word_1_73' title='bbox 308 1013 388 1074; x_wconf 84' lang='lat' dir='ltr'><strong>salsa</strong></span> <span class='ocrx_word' id='word_1_74' title='bbox 412 1012 688 1090; x_wconf 81' lang='lat' dir='ltr'><strong>cognoscebantur,</strong></span> <span class='ocrx_word' id='word_1_75' title='bbox 714 1011 767 1072; x_wconf 91' lang='lat' dir='ltr'><strong>sed</strong></span> <span class='ocrx_word' id='word_1_76' title='bbox 799 1013 890 1072; x_wconf 92' lang='lat' dir='ltr'><strong>etiam</strong></span> <span class='ocrx_word' id='word_1_77' title='bbox 921 1011 1088 1073; x_wconf 80' lang='lat' dir='ltr'><strong>Ptolemaei</strong></span> <span class='ocrx_word' id='word_1_78' title='bbox 1117 1011 1246 1091; x_wconf 86' lang='lat' dir='ltr'><strong>placita,</strong></span> <span class='ocrx_word' id='word_1_79' title='bbox 1282 1011 1459 1091; x_wconf 85' lang='lat' dir='ltr'><strong>aequalibus</strong></span> <span class='ocrx_word' id='word_1_80' title='bbox 1483 1031 1517 1072; x_wconf 82' lang='lat' dir='ltr'><strong>ex</strong></span> 
     </span>
     <span class='ocr_line' id='line_1_9' title="bbox 162 1099 1519 1185; baseline -0.001 -21"><span class='ocrx_word' id='word_1_81' title='bbox 162 1111 249 1185; x_wconf 89' lang='lat' dir='ltr'><strong>parte</strong></span> <span class='ocrx_word' id='word_1_82' title='bbox 273 1101 501 1182; x_wconf 90' lang='lat' dir='ltr'><strong>acceptissima,</strong></span> <span class='ocrx_word' id='word_1_83' title='bbox 531 1110 613 1162; x_wconf 92' lang='lat' dir='ltr'><strong>certe</strong></span> <span class='ocrx_word' id='word_1_84' title='bbox 644 1100 900 1174; x_wconf 84' lang='lat' dir='ltr'><strong>familiarissima,</strong></span> <span class='ocrx_word' id='word_1_85' title='bbox 925 1101 1095 1161; x_wconf 87' lang='lat' dir='ltr'><strong>evertenda.</strong></span> <span class='ocrx_word' id='word_1_86' title='bbox 1142 1101 1272 1161; x_wconf 85' lang='lat' dir='ltr'><strong>Theoria</strong></span> <span class='ocrx_word' id='word_1_87' title='bbox 1302 1099 1467 1180; x_wconf 88' lang='lat' dir='ltr'><strong>epicyclica</strong></span> <span class='ocrx_word' id='word_1_88' title='bbox 1490 1110 1519 1162; x_wconf 89' lang='lat' dir='ltr'><strong>et</strong></span> 
     </span>
     <span class='ocr_line' id='line_1_10' title="bbox 164 1188 1518 1272; baseline -0.003 -18"><span class='ocrx_word' id='word_1_89' title='bbox 164 1191 332 1255; x_wconf 90' lang='lat' dir='ltr'><strong>eccentrica</strong></span> <span class='ocrx_word' id='word_1_90' title='bbox 355 1190 557 1272; x_wconf 90' lang='lat' dir='ltr'><strong>impugnanda</strong></span> <span class='ocrx_word' id='word_1_91' title='bbox 580 1199 655 1264; x_wconf 88' lang='lat' dir='ltr'><strong>erat,</strong></span> <span class='ocrx_word' id='word_1_92' title='bbox 679 1189 791 1251; x_wconf 92' lang='lat' dir='ltr'><strong>bellum</strong></span> <span class='ocrx_word' id='word_1_93' title='bbox 814 1188 1050 1251; x_wconf 90' lang='lat' dir='ltr'><strong>denunciandum</strong></span> <span class='ocrx_word' id='word_1_94' title='bbox 1076 1190 1211 1250; x_wconf 91' lang='lat' dir='ltr'><strong>omnibus</strong></span> <span class='ocrx_word' id='word_1_95' title='bbox 1236 1190 1298 1250; x_wconf 85' lang='lat' dir='ltr'><strong>fere</strong></span> <span class='ocrx_word' id='word_1_96' title='bbox 1323 1191 1352 1250; x_wconf 92' lang='lat' dir='ltr'><strong>iu</strong></span> <span class='ocrx_word' id='word_1_97' title='bbox 1377 1197 1518 1251; x_wconf 89' lang='lat' dir='ltr'><strong>astrono-</strong></span> 
     </span>
     <span class='ocr_line' id='line_1_11' title="bbox 162 1277 1518 1359; baseline -0.003 -16"><span class='ocrx_word' id='word_1_98' title='bbox 162 1281 224 1344; x_wconf 88' lang='lat' dir='ltr'><strong>mia</strong></span> <span class='ocrx_word' id='word_1_99' title='bbox 248 1279 329 1341; x_wconf 88' lang='lat' dir='ltr'><strong>tritis</strong></span> <span class='ocrx_word' id='word_1_100' title='bbox 348 1287 379 1339; x_wconf 89' lang='lat' dir='ltr'><strong>et</strong></span> <span class='ocrx_word' id='word_1_101' title='bbox 395 1277 540 1340; x_wconf 87' lang='lat' dir='ltr'><strong>stabilitis</strong></span> <span class='ocrx_word' id='word_1_102' title='bbox 560 1278 758 1359; x_wconf 91' lang='lat' dir='ltr'><strong>opinionibus.</strong></span> <span class='ocrx_word' id='word_1_103' title='bbox 798 1278 896 1350; x_wconf 90' lang='lat' dir='ltr'><strong>Quam</strong></span> <span class='ocrx_word' id='word_1_104' title='bbox 912 1297 1042 1359; x_wconf 90' lang='lat' dir='ltr'><strong>pugnam</strong></span> <span class='ocrx_word' id='word_1_105' title='bbox 1059 1278 1127 1340; x_wconf 94' lang='lat' dir='ltr'><strong>iniit</strong></span> <span class='ocrx_word' id='word_1_106' title='bbox 1141 1279 1291 1359; x_wconf 91' lang='lat' dir='ltr'><strong>Keplerus</strong></span> <span class='ocrx_word' id='word_1_107' title='bbox 1316 1278 1518 1358; x_wconf 86' lang='lat' dir='ltr'><strong>imperterrito</strong></span> 
     </span>
     <span class='ocr_line' id='line_1_12' title="bbox 165 1362 1518 1449; baseline -0.003 -17"><span class='ocrx_word' id='word_1_108' title='bbox 165 1362 263 1432; x_wconf 87' lang='lat' dir='ltr'><strong>auimo</strong></span> <span class='ocrx_word' id='word_1_109' title='bbox 287 1368 381 1439; x_wconf 90' lang='lat' dir='ltr'><strong>solus,</strong></span> <span class='ocrx_word' id='word_1_110' title='bbox 405 1387 464 1429; x_wconf 93' lang='lat' dir='ltr'><strong>nou</strong></span> <span class='ocrx_word' id='word_1_111' title='bbox 484 1368 606 1447; x_wconf 87' lang='lat' dir='ltr'><strong>adjutus</strong></span> <span class='ocrx_word' id='word_1_112' title='bbox 630 1367 720 1429; x_wconf 87' lang='lat' dir='ltr'><strong>immo</strong></span> <span class='ocrx_word' id='word_1_113' title='bbox 743 1368 904 1449; x_wconf 86' lang='lat' dir='ltr'><strong>impeditus</strong></span> <span class='ocrx_word' id='word_1_114' title='bbox 927 1368 966 1429; x_wconf 89' lang='lat' dir='ltr'><strong>ab</strong></span> <span class='ocrx_word' id='word_1_115' title='bbox 987 1367 1103 1443; x_wconf 90' lang='lat' dir='ltr'><strong>amicis,</strong></span> <span class='ocrx_word' id='word_1_116' title='bbox 1128 1376 1158 1428; x_wconf 93' lang='lat' dir='ltr'><strong>et</strong></span> <span class='ocrx_word' id='word_1_117' title='bbox 1175 1368 1248 1429; x_wconf 78' lang='lat' dir='ltr'><strong>vicit</strong></span> <span class='ocrx_word' id='word_1_118' title='bbox 1271 1387 1379 1429; x_wconf 80' lang='lat' dir='ltr'><strong>novam</strong></span> <span class='ocrx_word' id='word_1_119' title='bbox 1403 1367 1518 1429; x_wconf 90' lang='lat' dir='ltr'><strong>cousti-</strong></span> 
     </span>
     <span class='ocr_line' id='line_1_13' title="bbox 162 1455 1518 1538; baseline -0.003 -17"><span class='ocrx_word' id='word_1_120' title='bbox 162 1467 250 1521; x_wconf 89' lang='lat' dir='ltr'><strong>tuens</strong></span> <span class='ocrx_word' id='word_1_121' title='bbox 274 1456 504 1528; x_wconf 87' lang='lat' dir='ltr'><strong>astronomiam,</strong></span> <span class='ocrx_word' id='word_1_122' title='bbox 528 1474 605 1538; x_wconf 91' lang='lat' dir='ltr'><strong>quae</strong></span> <span class='ocrx_word' id='word_1_123' title='bbox 628 1462 662 1517; x_wconf 95' lang='lat' dir='ltr'><strong>ut</strong></span> <span class='ocrx_word' id='word_1_124' title='bbox 691 1455 820 1518; x_wconf 85' lang='lat' dir='ltr'><strong>diximus</strong></span> <span class='ocrx_word' id='word_1_125' title='bbox 844 1456 921 1518; x_wconf 91' lang='lat' dir='ltr'><strong>ratio</strong></span> <span class='ocrx_word' id='word_1_126' title='bbox 946 1465 977 1517; x_wconf 90' lang='lat' dir='ltr'><strong>et</strong></span> <span class='ocrx_word' id='word_1_127' title='bbox 1004 1475 1109 1518; x_wconf 87' lang='lat' dir='ltr'><strong>norma</strong></span> <span class='ocrx_word' id='word_1_128' title='bbox 1132 1465 1180 1517; x_wconf 91' lang='lat' dir='ltr'><strong>est</strong></span> <span class='ocrx_word' id='word_1_129' title='bbox 1207 1455 1389 1518; x_wconf 89' lang='lat' dir='ltr'><strong>astronomis</strong></span> <span class='ocrx_word' id='word_1_130' title='bbox 1414 1464 1518 1536; x_wconf 89' lang='lat' dir='ltr'><strong>poste·</strong></span> 
     </span>
     <span class='ocr_line' id='line_1_14' title="bbox 166 1547 501 1628; baseline -0.009 -19"><span class='ocrx_word' id='word_1_131' title='bbox 166 1548 277 1615; x_wconf 87' lang='lat' dir='ltr'><strong>riorum</strong></span> <span class='ocrx_word' id='word_1_132' title='bbox 301 1547 501 1628; x_wconf 50' lang='lat' dir='ltr'><strong>seculorum„</strong></span> 
     </span>
    </p>

    <p class='ocr_par' dir='ltr' id='par_1_3' title="bbox 167 1632 1520 1893">
     <span class='ocr_line' id='line_1_15' title="bbox 255 1632 1520 1712; baseline -0.002 -17"><span class='ocrx_word' id='word_1_133' title='bbox 255 1635 341 1707; x_wconf 82' lang='lat' dir='ltr'><strong>Quae</strong></span> <span class='ocrx_word' id='word_1_134' title='bbox 373 1634 401 1694; x_wconf 92' lang='lat' dir='ltr'><strong>iu</strong></span> <span class='ocrx_word' id='word_1_135' title='bbox 436 1632 619 1695; x_wconf 89' lang='lat' dir='ltr'><strong>contrariam</strong></span> <span class='ocrx_word' id='word_1_136' title='bbox 649 1640 765 1712; x_wconf 89' lang='lat' dir='ltr'><strong>partem</strong></span> <span class='ocrx_word' id='word_1_137' title='bbox 798 1633 964 1694; x_wconf 89' lang='lat' dir='ltr'><strong>attulerunt</strong></span> <span class='ocrx_word' id='word_1_138' title='bbox 1000 1633 1202 1695; x_wconf 88' lang='lat' dir='ltr'><strong>astronomiae</strong></span> <span class='ocrx_word' id='word_1_139' title='bbox 1232 1633 1341 1712; x_wconf 87' lang='lat' dir='ltr'><strong>prioris</strong></span> <span class='ocrx_word' id='word_1_140' title='bbox 1373 1634 1520 1708; x_wconf 86' lang='lat' dir='ltr'><strong>asseclae,</strong></span> 
     </span>
     <span class='ocr_line' id='line_1_16' title="bbox 169 1720 1520 1803; baseline -0.003 -16"><span class='ocrx_word' id='word_1_141' title='bbox 169 1722 407 1787; x_wconf 91' lang='lat' dir='ltr'><strong>luculentissime</strong></span> <span class='ocrx_word' id='word_1_142' title='bbox 438 1729 585 1803; x_wconf 90' lang='lat' dir='ltr'><strong>apparent</strong></span> <span class='ocrx_word' id='word_1_143' title='bbox 607 1739 624 1780; x_wconf 91' lang='lat' dir='ltr'><strong>e</strong></span> <span class='ocrx_word' id='word_1_144' title='bbox 647 1720 743 1783; x_wconf 82' lang='lat' dir='ltr'><strong>literis</strong></span> <span class='ocrx_word' id='word_1_145' title='bbox 771 1721 932 1783; x_wconf 90' lang='lat' dir='ltr'><strong>Davidis</strong></span> <span class='ocrx_word' id='word_1_146' title='bbox 955 1722 1117 1784; x_wconf 87' lang='lat' dir='ltr'><strong>Fabricii</strong></span> <span class='ocrx_word' id='word_1_147' title='bbox 1149 1723 1187 1784; x_wconf 91' lang='lat' dir='ltr'><strong>ad</strong></span> <span class='ocrx_word' id='word_1_148' title='bbox 1211 1723 1373 1801; x_wconf 88' lang='lat' dir='ltr'><strong>Keplerum</strong></span> <span class='ocrx_word' id='word_1_149' title='bbox 1398 1722 1520 1802; x_wconf 89' lang='lat' dir='ltr'><strong>scriptis</strong></span> 
     </span>
     <span class='ocr_line' id='line_1_17' title="bbox 167 1810 1519 1893; baseline -0.001 -17"><span class='ocrx_word' id='word_1_150' title='bbox 167 1815 237 1876; x_wconf 91' lang='lat' dir='ltr'><strong>dum</strong></span> <span class='ocrx_word' id='word_1_151' title='bbox 275 1831 350 1893; x_wconf 92' lang='lat' dir='ltr'><strong>opus</strong></span> <span class='ocrx_word' id='word_1_152' title='bbox 388 1830 474 1873; x_wconf 92' lang='lat' dir='ltr'><strong>suum</strong></span> <span class='ocrx_word' id='word_1_153' title='bbox 514 1810 691 1884; x_wconf 83' lang='lat' dir='ltr'><strong>excolebat,</strong></span> <span class='ocrx_word' id='word_1_154' title='bbox 732 1830 807 1891; x_wconf 88' lang='lat' dir='ltr'><strong>quas</strong></span> <span class='ocrx_word' id='word_1_155' title='bbox 832 1812 1003 1873; x_wconf 82' lang='lat' dir='ltr'><strong>-desumtas</strong></span> <span class='ocrx_word' id='word_1_156' title='bbox 1040 1831 1055 1872; x_wconf 93' lang='lat' dir='ltr'><strong>e</strong></span> <span class='ocrx_word' id='word_1_157' title='bbox 1086 1810 1303 1890; x_wconf 89' lang='lat' dir='ltr'><strong>Manuscriptis</strong></span> <span class='ocrx_word' id='word_1_158' title='bbox 1330 1813 1519 1893; x_wconf 89' lang='lat' dir='ltr'><strong>&#39;Petropoli·</strong></span> 
     </span>
    </p>
   </div>
   <div class='ocr_carea' id='block_1_3' title="bbox 54 1899 1522 1982">
    <p class='ocr_par' dir='ltr' id='par_1_4' title="bbox 54 1899 1522 1982">
     <span class='ocr_line' id='line_1_18' title="bbox 54 1899 1522 1982; baseline -0.002 -17"><span class='ocrx_word' id='word_1_159' title='bbox 54 1907 60 1920; x_wconf 85' lang='lat'>&#39;</span> <span class='ocrx_word' id='word_1_160' title='bbox 169 1903 250 1965; x_wconf 87' lang='lat' dir='ltr'><strong>tanis</strong></span> <span class='ocrx_word' id='word_1_161' title='bbox 281 1900 462 1982; x_wconf 87' lang='lat' dir='ltr'><strong>praefationi</strong></span> <span class='ocrx_word' id='word_1_162' title='bbox 496 1906 618 1962; x_wconf 90' lang='lat' dir='ltr'><strong>nostrae</strong></span> <span class='ocrx_word' id='word_1_163' title='bbox 649 1899 865 1979; x_wconf 78' lang='lat' dir='ltr'><strong>subjunximus.</strong></span> <span class='ocrx_word' id='word_1_164' title='bbox 913 1900 999 1972; x_wconf 87' lang='lat' dir='ltr'><strong>Quae</strong></span> <span class='ocrx_word' id='word_1_165' title='bbox 1023 1901 1084 1962; x_wconf 90' lang='lat' dir='ltr'><strong>alia</strong></span> <span class='ocrx_word' id='word_1_166' title='bbox 1112 1901 1325 1982; x_wconf 88' lang='lat' dir='ltr'><strong>impedimenta</strong></span> <span class='ocrx_word' id='word_1_167' title='bbox 1348 1901 1522 1964; x_wconf 86' lang='lat' dir='ltr'><strong>obstiterint</strong></span> 
     </span>
    </p>
   </div>
   <div class='ocr_carea' id='block_1_4' title="bbox 167 1988 1530 4926">
    <p class='ocr_par' dir='ltr' id='par_1_5' title="bbox 167 1988 988 2073">
     <span class='ocr_line' id='line_1_19' title="bbox 167 1988 988 2073; baseline -0.009 -19"><span class='ocrx_word' id='word_1_168' title='bbox 167 2000 328 2073; x_wconf 85' lang='lat' dir='ltr'><strong>sequentes</strong></span> <span class='ocrx_word' id='word_1_169' title='bbox 351 1989 495 2051; x_wconf 84' lang='lat' dir='ltr'><strong>exhibent</strong></span> <span class='ocrx_word' id='word_1_170' title='bbox 515 1988 653 2070; x_wconf 84' lang='lat' dir='ltr'><strong>paginae.</strong></span> <span class='ocrx_word' id='word_1_171' title='bbox 984 2040 988 2047; x_wconf 91' lang='lat'><em>.</em></span> 
     </span>
    </p>

    <p class='ocr_par' dir='ltr' id='par_1_6' title="bbox 167 2077 1525 2872">
     <span class='ocr_line' id='line_1_20' title="bbox 255 2077 1522 2160; baseline 0 -19"><span class='ocrx_word' id='word_1_172' title='bbox 255 2080 413 2160; x_wconf 90' lang='lat' dir='ltr'><strong>Plerisque</strong></span> <span class='ocrx_word' id='word_1_173' title='bbox 433 2097 534 2140; x_wconf 92' lang='lat' dir='ltr'><strong>eorum</strong></span> <span class='ocrx_word' id='word_1_174' title='bbox 550 2077 673 2158; x_wconf 90' lang='lat' dir='ltr'><strong>Kepleri</strong></span> <span class='ocrx_word' id='word_1_175' title='bbox 694 2097 825 2159; x_wconf 92' lang='lat' dir='ltr'><strong>operum,</strong></span> <span class='ocrx_word' id='word_1_176' title='bbox 846 2097 921 2160; x_wconf 91' lang='lat' dir='ltr'><strong>quae</strong></span> <span class='ocrx_word' id='word_1_177' title='bbox 939 2078 1093 2140; x_wconf 86' lang='lat' dir='ltr'><strong>continent</strong></span> <span class='ocrx_word' id='word_1_178' title='bbox 1115 2078 1267 2140; x_wconf 81' lang='lat' dir='ltr'><strong>volumina</strong></span> <span class='ocrx_word' id='word_1_179' title='bbox 1284 2078 1386 2160; x_wconf 86' lang='lat' dir='ltr'><strong>priora</strong></span> <span class='ocrx_word' id='word_1_180' title='bbox 1401 2086 1522 2141; x_wconf 86' lang='lat' dir='ltr'><strong>nostrae</strong></span> 
     </span>
     <span class='ocr_line' id='line_1_21' title="bbox 167 2167 1524 2249; baseline -0.001 -18"><span class='ocrx_word' id='word_1_181' title='bbox 167 2168 319 2244; x_wconf 88' lang='lat' dir='ltr'><strong>editionis,</strong></span> <span class='ocrx_word' id='word_1_182' title='bbox 343 2176 551 2247; x_wconf 87' lang='lat' dir='ltr'><strong>argumentum</strong></span> <span class='ocrx_word' id='word_1_183' title='bbox 570 2186 658 2248; x_wconf 90' lang='lat' dir='ltr'><strong>quam</strong></span> <span class='ocrx_word' id='word_1_184' title='bbox 682 2167 859 2229; x_wconf 87' lang='lat' dir='ltr'><strong>brevissime</strong></span> <span class='ocrx_word' id='word_1_185' title='bbox 874 2167 1093 2249; x_wconf 85' lang='lat' dir='ltr'><strong>praemisimus.</strong></span> <span class='ocrx_word' id='word_1_186' title='bbox 1128 2168 1225 2239; x_wconf 88' lang='lat' dir='ltr'><strong>Quam</strong></span> <span class='ocrx_word' id='word_1_187' title='bbox 1243 2167 1312 2229; x_wconf 91' lang='lat' dir='ltr'><strong>siin</strong></span> <span class='ocrx_word' id='word_1_188' title='bbox 1330 2168 1524 2248; x_wconf 79' lang='lat' dir='ltr'><strong>sequentibus</strong></span> 
     </span>
     <span class='ocr_line' id='line_1_22' title="bbox 168 2257 1523 2338; baseline -0.001 -18"><span class='ocrx_word' id='word_1_189' title='bbox 168 2259 275 2320; x_wconf 89' lang='lat' dir='ltr'><strong>eadem</strong></span> <span class='ocrx_word' id='word_1_190' title='bbox 307 2259 400 2318; x_wconf 86' lang='lat' dir='ltr'><strong>ferme</strong></span> <span class='ocrx_word' id='word_1_191' title='bbox 433 2257 551 2318; x_wconf 88' lang='lat' dir='ltr'><strong>ratione</strong></span> <span class='ocrx_word' id='word_1_192' title='bbox 582 2275 641 2337; x_wconf 91' lang='lat' dir='ltr'><strong>qua</strong></span> <span class='ocrx_word' id='word_1_193' title='bbox 675 2257 703 2318; x_wconf 92' lang='lat' dir='ltr'><strong>in</strong></span> <span class='ocrx_word' id='word_1_194' title='bbox 736 2257 847 2337; x_wconf 90' lang='lat' dir='ltr'><strong>Optica</strong></span> <span class='ocrx_word' id='word_1_195' title='bbox 884 2257 1087 2331; x_wconf 83' lang='lat' dir='ltr'><strong>exhibuimus,</strong></span> <span class='ocrx_word' id='word_1_196' title='bbox 1125 2258 1311 2318; x_wconf 78' lang='lat' dir='ltr'><strong>excusabunt</strong></span> <span class='ocrx_word' id='word_1_197' title='bbox 1342 2276 1414 2331; x_wconf 90' lang='lat' dir='ltr'><strong>nos,</strong></span> <span class='ocrx_word' id='word_1_198' title='bbox 1450 2279 1523 2338; x_wconf 84' lang='lat' dir='ltr'><strong>quas</strong></span> 
     </span>
     <span class='ocr_line' id='line_1_23' title="bbox 168 2343 1521 2427; baseline -0.001 -18"><span class='ocrx_word' id='word_1_199' title='bbox 168 2347 310 2420; x_wconf 87' lang='lat' dir='ltr'><strong>diximus,</strong></span> <span class='ocrx_word' id='word_1_200' title='bbox 329 2364 439 2407; x_wconf 83' lang='lat' dir='ltr'><strong>causae.</strong></span> <span class='ocrx_word' id='word_1_201' title='bbox 454 2364 512 2406; x_wconf 91' lang='lat' dir='ltr'><strong>non</strong></span> <span class='ocrx_word' id='word_1_202' title='bbox 527 2343 635 2421; x_wconf 89' lang='lat' dir='ltr'><strong>minus,</strong></span> <span class='ocrx_word' id='word_1_203' title='bbox 655 2365 743 2426; x_wconf 92' lang='lat' dir='ltr'><strong>quam</strong></span> <span class='ocrx_word' id='word_1_204' title='bbox 758 2366 807 2407; x_wconf 92' lang='lat' dir='ltr'><strong>res</strong></span> <span class='ocrx_word' id='word_1_205' title='bbox 822 2347 899 2426; x_wconf 91' lang='lat' dir='ltr'><strong>ipsa,</strong></span> <span class='ocrx_word' id='word_1_206' title='bbox 916 2366 990 2427; x_wconf 91' lang='lat' dir='ltr'><strong>quae</strong></span> <span class='ocrx_word' id='word_1_207' title='bbox 1012 2346 1117 2426; x_wconf 85' lang='lat' dir='ltr'><strong>paucis</strong></span> <span class='ocrx_word' id='word_1_208' title='bbox 1133 2346 1392 2425; x_wconf 68' lang='lat' dir='ltr'><strong>verbis‘errplicari</strong></span> <span class='ocrx_word' id='word_1_209' title='bbox 1411 2348 1521 2427; x_wconf 85' lang='lat' dir='ltr'><strong>nequit</strong></span> 
     </span>
     <span class='ocr_line' id='line_1_24' title="bbox 171 2434 1524 2516; baseline -0.001 -19"><span class='ocrx_word' id='word_1_210' title='bbox 171 2436 270 2508; x_wconf 86' lang='lat' dir='ltr'><strong>Quam</strong></span> <span class='ocrx_word' id='word_1_211' title='bbox 294 2434 332 2495; x_wconf 92' lang='lat' dir='ltr'><strong>ob</strong></span> <span class='ocrx_word' id='word_1_212' title='bbox 356 2453 418 2496; x_wconf 89' lang='lat' dir='ltr'><strong>rem</strong></span> <span class='ocrx_word' id='word_1_213' title='bbox 442 2434 618 2510; x_wconf 87' lang='lat' dir='ltr'><strong>statuimus,</strong></span> <span class='ocrx_word' id='word_1_214' title='bbox 643 2435 745 2497; x_wconf 89' lang='lat' dir='ltr'><strong>ordine</strong></span> <span class='ocrx_word' id='word_1_215' title='bbox 768 2437 931 2515; x_wconf 88' lang='lat' dir='ltr'><strong>procedere</strong></span> <span class='ocrx_word' id='word_1_216' title='bbox 956 2435 1183 2514; x_wconf 88' lang='lat' dir='ltr'><strong>chronologico,</strong></span> <span class='ocrx_word' id='word_1_217' title='bbox 1208 2435 1350 2496; x_wconf 87' lang='lat' dir='ltr'><strong>adhibitis</strong></span> <span class='ocrx_word' id='word_1_218' title='bbox 1375 2436 1422 2508; x_wconf 87' lang='lat' dir='ltr'><strong>iis,</strong></span> <span class='ocrx_word' id='word_1_219' title='bbox 1448 2455 1524 2516; x_wconf 91' lang='lat' dir='ltr'><strong>quae</strong></span> 
     </span>
     <span class='ocr_line' id='line_1_25' title="bbox 173 2523 1523 2605; baseline -0.001 -19"><span class='ocrx_word' id='word_1_220' title='bbox 173 2523 329 2586; x_wconf 88' lang='lat' dir='ltr'><strong>continent</strong></span> <span class='ocrx_word' id='word_1_221' title='bbox 353 2523 467 2602; x_wconf 82' lang='lat' dir='ltr'><strong>scripta</strong></span> <span class='ocrx_word' id='word_1_222' title='bbox 490 2543 508 2583; x_wconf 92' lang='lat' dir='ltr'><strong>a</strong></span> <span class='ocrx_word' id='word_1_223' title='bbox 530 2524 661 2603; x_wconf 84' lang='lat' dir='ltr'><strong>Keplero</strong></span> <span class='ocrx_word' id='word_1_224' title='bbox 685 2524 791 2585; x_wconf 85' lang='lat' dir='ltr'><strong>relicta</strong></span> <span class='ocrx_word' id='word_1_225' title='bbox 813 2543 872 2584; x_wconf 95' lang='lat' dir='ltr'><strong>non</strong></span> <span class='ocrx_word' id='word_1_226' title='bbox 902 2525 982 2605; x_wconf 82' lang='lat' dir='ltr'><strong>typis</strong></span> <span class='ocrx_word' id='word_1_227' title='bbox 1012 2524 1161 2602; x_wconf 88' lang='lat' dir='ltr'><strong>impressa</strong></span> <span class='ocrx_word' id='word_1_228' title='bbox 1184 2532 1214 2584; x_wconf 90' lang='lat' dir='ltr'><strong>et</strong></span> <span class='ocrx_word' id='word_1_229' title='bbox 1236 2524 1382 2585; x_wconf 90' lang='lat' dir='ltr'><strong>llansebii</strong></span> <span class='ocrx_word' id='word_1_230' title='bbox 1406 2525 1523 2604; x_wconf 91' lang='lat' dir='ltr'><strong>episto-</strong></span> 
     </span>
     <span class='ocr_line' id='line_1_26' title="bbox 170 2612 1525 2693; baseline 0 -19"><span class='ocrx_word' id='word_1_231' title='bbox 170 2612 267 2675; x_wconf 89' lang='lat' dir='ltr'><strong>larum</strong></span> <span class='ocrx_word' id='word_1_232' title='bbox 299 2612 459 2686; x_wconf 90' lang='lat' dir='ltr'><strong>collectio,</strong></span> <span class='ocrx_word' id='word_1_233' title='bbox 490 2620 524 2673; x_wconf 93' lang='lat' dir='ltr'><strong>ut</strong></span> <span class='ocrx_word' id='word_1_234' title='bbox 546 2620 689 2692; x_wconf 87' lang='lat' dir='ltr'><strong>quantum</strong></span> <span class='ocrx_word' id='word_1_235' title='bbox 721 2612 784 2673; x_wconf 85' lang='lat' dir='ltr'><strong>lieri</strong></span> <span class='ocrx_word' id='word_1_236' title='bbox 816 2612 916 2693; x_wconf 89' lang='lat' dir='ltr'><strong>potuit</strong></span> <span class='ocrx_word' id='word_1_237' title='bbox 945 2612 1076 2690; x_wconf 88' lang='lat' dir='ltr'><strong>speciem</strong></span> <span class='ocrx_word' id='word_1_238' title='bbox 1100 2620 1131 2672; x_wconf 92' lang='lat' dir='ltr'><strong>et</strong></span> <span class='ocrx_word' id='word_1_239' title='bbox 1154 2614 1280 2674; x_wconf 85' lang='lat' dir='ltr'><strong>formam</strong></span> <span class='ocrx_word' id='word_1_240' title='bbox 1313 2614 1525 2675; x_wconf 87' lang='lat' dir='ltr'><strong>adumbremus</strong></span> 
     </span>
     <span class='ocr_line' id='line_1_27' title="bbox 170 2700 1524 2784; baseline -0.001 -20"><span class='ocrx_word' id='word_1_241' title='bbox 170 2701 347 2775; x_wconf 80' lang='lat' dir='ltr'><strong>studiorum,</strong></span> <span class='ocrx_word' id='word_1_242' title='bbox 372 2719 448 2781; x_wconf 89' lang='lat' dir='ltr'><strong>quae</strong></span> <span class='ocrx_word' id='word_1_243' title='bbox 467 2701 617 2781; x_wconf 88' lang='lat' dir='ltr'><strong>Keplerus</strong></span> <span class='ocrx_word' id='word_1_244' title='bbox 641 2701 678 2761; x_wconf 91' lang='lat' dir='ltr'><strong>ad</strong></span> <span class='ocrx_word' id='word_1_245' title='bbox 693 2700 905 2780; x_wconf 84' lang='lat' dir='ltr'><strong>perficiendum</strong></span> <span class='ocrx_word' id='word_1_246' title='bbox 924 2700 981 2761; x_wconf 91' lang='lat' dir='ltr'><strong>hoc</strong></span> <span class='ocrx_word' id='word_1_247' title='bbox 1001 2719 1075 2779; x_wconf 89' lang='lat' dir='ltr'><strong>opus</strong></span> <span class='ocrx_word' id='word_1_248' title='bbox 1094 2700 1242 2775; x_wconf 89' lang='lat' dir='ltr'><strong>insumsit,</strong></span> <span class='ocrx_word' id='word_1_249' title='bbox 1267 2711 1297 2762; x_wconf 95' lang='lat' dir='ltr'><strong>et</strong></span> <span class='ocrx_word' id='word_1_250' title='bbox 1316 2721 1422 2775; x_wconf 90' lang='lat' dir='ltr'><strong>rerum,</strong></span> <span class='ocrx_word' id='word_1_251' title='bbox 1449 2721 1524 2784; x_wconf 86' lang='lat' dir='ltr'><strong>quae</strong></span> 
     </span>
     <span class='ocr_line' id='line_1_28' title="bbox 169 2789 618 2872; baseline -0.004 -20"><span class='ocrx_word' id='word_1_252' title='bbox 169 2791 345 2872; x_wconf 87' lang='lat' dir='ltr'><strong>prodierunt</strong></span> <span class='ocrx_word' id='word_1_253' title='bbox 368 2810 405 2850; x_wconf 83' lang='lat' dir='ltr'><strong>ex</strong></span> <span class='ocrx_word' id='word_1_254' title='bbox 428 2789 476 2850; x_wconf 89' lang='lat' dir='ltr'><strong>his</strong></span> <span class='ocrx_word' id='word_1_255' title='bbox 501 2790 618 2851; x_wconf 90' lang='lat' dir='ltr'><strong>studiis.</strong></span> 
     </span>
    </p>

    <p class='ocr_par' dir='ltr' id='par_1_7' title="bbox 170 2875 1530 4926">
     <span class='ocr_line' id='line_1_29' title="bbox 260 2875 1526 2961; baseline 0.001 -20"><span class='ocrx_word' id='word_1_256' title='bbox 260 2879 423 2959; x_wconf 87' lang='lat' dir='ltr'><strong>Keplemm</strong></span> <span class='ocrx_word' id='word_1_257' title='bbox 455 2879 536 2940; x_wconf 89' lang='lat' dir='ltr'><strong>edito</strong></span> <span class='ocrx_word' id='word_1_258' title='bbox 565 2900 619 2940; x_wconf 89' lang='lat' dir='ltr'><strong>suo</strong></span> <span class='ocrx_word' id='word_1_259' title='bbox 646 2878 813 2961; x_wconf 81' lang='lat' dir='ltr'><strong>,Mysterio</strong></span> <span class='ocrx_word' id='word_1_260' title='bbox 838 2877 1112 2959; x_wconf 79' lang='lat' dir='ltr'><strong>Oosmographico“</strong></span> <span class='ocrx_word' id='word_1_261' title='bbox 1138 2899 1216 2940; x_wconf 89' lang='lat' dir='ltr'><strong>anno</strong></span> <span class='ocrx_word' id='word_1_262' title='bbox 1243 2875 1324 2941; x_wconf 85' lang='grc'><strong>1597</strong></span> <span class='ocrx_word' id='word_1_263' title='bbox 1356 2878 1526 2942; x_wconf 88' lang='lat' dir='ltr'><strong>innotuisse</strong></span> 
     </span>
     <span class='ocr_line' id='line_1_30' title="bbox 171 2963 1525 3052; baseline 0 -21"><span class='ocrx_word' id='word_1_264' title='bbox 171 2968 307 3052; x_wconf 81' lang='lat' dir='ltr'><strong>Tychoni</strong></span> <span class='ocrx_word' id='word_1_265' title='bbox 338 2968 468 3030; x_wconf 78' lang='lat' dir='ltr'><strong>diximus</strong></span> <span class='ocrx_word' id='word_1_266' title='bbox 498 2965 569 3029; x_wconf 83' lang='lat' dir='ltr'><strong>vor.</strong></span> <span class='ocrx_word' id='word_1_267' title='bbox 593 2971 617 3030; x_wconf 91' lang='lat' dir='ltr'><strong>l.</strong></span> <span class='ocrx_word' id='word_1_268' title='bbox 654 2988 683 3049; x_wconf 92' lang='lat' dir='ltr'><strong>p.</strong></span> <span class='ocrx_word' id='word_1_269' title='bbox 709 2963 772 3043; x_wconf 78' lang='lat' dir='ltr'><strong>l3;</strong></span> <span class='ocrx_word' id='word_1_270' title='bbox 805 2974 973 3042; x_wconf 89' lang='lat' dir='ltr'><strong>statuerat,</strong></span> <span class='ocrx_word' id='word_1_271' title='bbox 1005 2974 1039 3028; x_wconf 91' lang='lat' dir='ltr'><strong>ut</strong></span> <span class='ocrx_word' id='word_1_272' title='bbox 1070 2987 1135 3028; x_wconf 91' lang='lat' dir='ltr'><strong>cum</strong></span> <span class='ocrx_word' id='word_1_273' title='bbox 1166 2969 1307 3049; x_wconf 85' lang='lat' dir='ltr'><strong>Tychone</strong></span> <span class='ocrx_word' id='word_1_274' title='bbox 1339 2970 1525 3044; x_wconf 82' lang='lat' dir='ltr'><strong>conveniret,</strong></span> 
     </span>
     <span class='ocr_line' id='line_1_31' title="bbox 171 3053 1526 3138; baseline 0.001 -19"><span class='ocrx_word' id='word_1_275' title='bbox 171 3058 394 3137; x_wconf 86' lang='lat' dir='ltr'><strong>Wittebergam</strong></span> <span class='ocrx_word' id='word_1_276' title='bbox 431 3056 579 3138; x_wconf 81' lang='lat' dir='ltr'><strong>proticisci</strong></span> <span class='ocrx_word' id='word_1_277' title='bbox 622 3056 723 3129; x_wconf 90' lang='lat' dir='ltr'><strong>(initio</strong></span> <span class='ocrx_word' id='word_1_278' title='bbox 756 3057 825 3119; x_wconf 91' lang='lat' dir='ltr'><strong>anni</strong></span> <span class='ocrx_word' id='word_1_279' title='bbox 860 3053 976 3131; x_wconf 87' lang='grc'>1599),</span> <span class='ocrx_word' id='word_1_280' title='bbox 1008 3057 1061 3118; x_wconf 88' lang='lat' dir='ltr'><strong>scd</strong></span> <span class='ocrx_word' id='word_1_281' title='bbox 1094 3077 1160 3118; x_wconf 91' lang='lat' dir='ltr'><strong>cum</strong></span> <span class='ocrx_word' id='word_1_282' title='bbox 1184 3058 1221 3118; x_wconf 92' lang='lat' dir='ltr'><strong>ab</strong></span> <span class='ocrx_word' id='word_1_283' title='bbox 1255 3059 1412 3118; x_wconf 80' lang='lat' dir='ltr'><strong>llernarto</strong></span> <span class='ocrx_word' id='word_1_284' title='bbox 1441 3078 1526 3121; x_wconf 88' lang='lat' dir='ltr'><strong>com-</strong></span> 
     </span>
     <span class='ocr_line' id='line_1_32' title="bbox 170 3146 1526 3229; baseline 0.001 -21"><span class='ocrx_word' id='word_1_285' title='bbox 170 3146 312 3229; x_wconf 88' lang='lat' dir='ltr'><strong>perisset,</strong></span> <span class='ocrx_word' id='word_1_286' title='bbox 327 3147 499 3228; x_wconf 85' lang='lat' dir='ltr'><strong>Tychonem</strong></span> <span class='ocrx_word' id='word_1_287' title='bbox 512 3147 650 3227; x_wconf 83' lang='lat' dir='ltr'><strong>proximo</strong></span> <span class='ocrx_word' id='word_1_288' title='bbox 670 3155 804 3225; x_wconf 90' lang='lat' dir='ltr'><strong>tempore</strong></span> <span class='ocrx_word' id='word_1_289' title='bbox 818 3148 948 3225; x_wconf 90' lang='lat' dir='ltr'><strong>Pragam</strong></span> <span class='ocrx_word' id='word_1_290' title='bbox 968 3146 1088 3219; x_wconf 88' lang='lat' dir='ltr'><strong>itumm,</strong></span> <span class='ocrx_word' id='word_1_291' title='bbox 1111 3154 1227 3208; x_wconf 89' lang='lat' dir='ltr'><strong>mutato</strong></span> <span class='ocrx_word' id='word_1_292' title='bbox 1253 3147 1379 3208; x_wconf 87' lang='lat' dir='ltr'><strong>consilio</strong></span> <span class='ocrx_word' id='word_1_293' title='bbox 1406 3146 1526 3210; x_wconf 88' lang='lat' dir='ltr'><strong>Graetii</strong></span> 
     </span>
     <span class='ocr_line' id='line_1_33' title="bbox 170 3231 1527 3317; baseline 0.002 -19"><span class='ocrx_word' id='word_1_294' title='bbox 170 3235 301 3310; x_wconf 89' lang='lat' dir='ltr'><strong>restitit,</strong></span> <span class='ocrx_word' id='word_1_295' title='bbox 325 3236 420 3297; x_wconf 91' lang='lat' dir='ltr'><strong>donec</strong></span> <span class='ocrx_word' id='word_1_296' title='bbox 443 3233 488 3308; x_wconf 88' lang='grc'><strong>(9.</strong></span> <span class='ocrx_word' id='word_1_297' title='bbox 513 3237 586 3298; x_wconf 92' lang='lat' dir='ltr'><strong>Dec.</strong></span> <span class='ocrx_word' id='word_1_298' title='bbox 604 3231 670 3305; x_wconf 75' lang='grc'>’99)</span> <span class='ocrx_word' id='word_1_299' title='bbox 694 3236 731 3297; x_wconf 92' lang='lat' dir='ltr'><strong>ab</strong></span> <span class='ocrx_word' id='word_1_300' title='bbox 764 3236 830 3316; x_wconf 90' lang='lat' dir='ltr'><strong>ipso</strong></span> <span class='ocrx_word' id='word_1_301' title='bbox 860 3236 1001 3317; x_wconf 88' lang='lat' dir='ltr'><strong>Tychone</strong></span> <span class='ocrx_word' id='word_1_302' title='bbox 1029 3255 1083 3317; x_wconf 89' lang='lat' dir='ltr'><strong>per</strong></span> <span class='ocrx_word' id='word_1_303' title='bbox 1111 3236 1215 3297; x_wconf 86' lang='lat' dir='ltr'><strong>literas</strong></span> <span class='ocrx_word' id='word_1_304' title='bbox 1244 3236 1387 3297; x_wconf 85' lang='lat' dir='ltr'><strong>invitatus</strong></span> <span class='ocrx_word' id='word_1_305' title='bbox 1416 3246 1466 3298; x_wconf 88' lang='lat' dir='ltr'><strong>est</strong></span> <span class='ocrx_word' id='word_1_306' title='bbox 1494 3247 1527 3301; x_wconf 91' lang='lat' dir='ltr'><strong>ut</strong></span> 
     </span>
     <span class='ocr_line' id='line_1_34' title="bbox 172 3324 1528 3406; baseline 0.003 -20"><span class='ocrx_word' id='word_1_307' title='bbox 172 3325 269 3406; x_wconf 90' lang='lat' dir='ltr'><strong>ipsum</strong></span> <span class='ocrx_word' id='word_1_308' title='bbox 283 3326 402 3405; x_wconf 83' lang='lat' dir='ltr'><strong>Prsgae</strong></span> <span class='ocrx_word' id='word_1_309' title='bbox 422 3324 604 3387; x_wconf 81' lang='lat' dir='ltr'><strong>conveniret</strong></span> <span class='ocrx_word' id='word_1_310' title='bbox 642 3324 856 3388; x_wconf 87' lang='lat' dir='ltr'><strong>Libentissime</strong></span> <span class='ocrx_word' id='word_1_311' title='bbox 876 3326 943 3388; x_wconf 91' lang='lat' dir='ltr'><strong>huic</strong></span> <span class='ocrx_word' id='word_1_312' title='bbox 960 3325 1128 3388; x_wconf 82' lang='lat' dir='ltr'><strong>invitationi</strong></span> <span class='ocrx_word' id='word_1_313' title='bbox 1144 3345 1255 3386; x_wconf 90' lang='lat' dir='ltr'><strong>morem</strong></span> <span class='ocrx_word' id='word_1_314' title='bbox 1270 3344 1378 3404; x_wconf 92' lang='lat' dir='ltr'><strong>gerens</strong></span> <span class='ocrx_word' id='word_1_315' title='bbox 1394 3327 1528 3405; x_wconf 84' lang='lat' dir='ltr'><strong>Pragam</strong></span> 
     </span>
     <span class='ocr_line' id='line_1_35' title="bbox 170 3411 1528 3496; baseline 0.002 -20"><span class='ocrx_word' id='word_1_316' title='bbox 170 3414 325 3495; x_wconf 88' lang='lat' dir='ltr'><strong>profectus</strong></span> <span class='ocrx_word' id='word_1_317' title='bbox 349 3411 394 3486; x_wconf 84' lang='lat'><strong>(6.</strong></span> <span class='ocrx_word' id='word_1_318' title='bbox 419 3416 487 3478; x_wconf 91' lang='lat' dir='ltr'><strong>Jan.</strong></span> <span class='ocrx_word' id='word_1_319' title='bbox 517 3412 627 3489; x_wconf 88' lang='grc'><strong>1600.)</strong></span> <span class='ocrx_word' id='word_1_320' title='bbox 658 3416 784 3496; x_wconf 91' lang='lat' dir='ltr'><strong>indeque</strong></span> <span class='ocrx_word' id='word_1_321' title='bbox 810 3416 992 3496; x_wconf 90' lang='lat' dir='ltr'><strong>Tychonem,</strong></span> <span class='ocrx_word' id='word_1_322' title='bbox 1016 3414 1065 3495; x_wconf 93' lang='lat' dir='ltr'><strong>qui</strong></span> <span class='ocrx_word' id='word_1_323' title='bbox 1089 3415 1118 3475; x_wconf 96' lang='lat' dir='ltr'><strong>in</strong></span> <span class='ocrx_word' id='word_1_324' title='bbox 1143 3434 1211 3475; x_wconf 91' lang='lat' dir='ltr'><strong>arce</strong></span> <span class='ocrx_word' id='word_1_325' title='bbox 1235 3414 1403 3476; x_wconf 90' lang='lat' dir='ltr'><strong>Benathica</strong></span> <span class='ocrx_word' id='word_1_326' title='bbox 1426 3416 1528 3478; x_wconf 90' lang='lat' dir='ltr'><strong>domi-</strong></span> 
     </span>
     <span class='ocr_line' id='line_1_36' title="bbox 174 3502 1530 3585; baseline 0.002 -21"><span class='ocrx_word' id='word_1_327' title='bbox 174 3502 275 3565; x_wconf 88' lang='lat' dir='ltr'><strong>cilium</strong></span> <span class='ocrx_word' id='word_1_328' title='bbox 307 3523 392 3565; x_wconf 90' lang='lat' dir='ltr'><strong>suum</strong></span> <span class='ocrx_word' id='word_1_329' title='bbox 423 3512 585 3584; x_wconf 88' lang='lat' dir='ltr'><strong>posuerat,</strong></span> <span class='ocrx_word' id='word_1_330' title='bbox 619 3515 740 3567; x_wconf 90' lang='lat' dir='ltr'><strong>secutus</strong></span> <span class='ocrx_word' id='word_1_331' title='bbox 768 3512 835 3576; x_wconf 90' lang='lat' dir='ltr'><strong>est,</strong></span> <span class='ocrx_word' id='word_1_332' title='bbox 867 3504 915 3564; x_wconf 92' lang='lat' dir='ltr'><strong>ubi</strong></span> <span class='ocrx_word' id='word_1_333' title='bbox 945 3504 1001 3583; x_wconf 90' lang='lat' dir='ltr'><strong>ipsi</strong></span> <span class='ocrx_word' id='word_1_334' title='bbox 1026 3503 1128 3584; x_wconf 86' lang='lat' dir='ltr'><strong>Tycho</strong></span> <span class='ocrx_word' id='word_1_335' title='bbox 1154 3504 1272 3576; x_wconf 86' lang='lat' dir='ltr'><strong>„omnia</strong></span> <span class='ocrx_word' id='word_1_336' title='bbox 1301 3525 1377 3585; x_wconf 91' lang='lat' dir='ltr'><strong>quae</strong></span> <span class='ocrx_word' id='word_1_337' title='bbox 1410 3506 1530 3583; x_wconf 74' lang='lat' dir='ltr'><strong>optavit</strong></span> 
     </span>
     <span class='ocr_line' id='line_1_37' title="bbox 171 3592 1527 3675; baseline 0.002 -22"><span class='ocrx_word' id='word_1_338' title='bbox 171 3592 249 3654; x_wconf 90' lang='lat' dir='ltr'><strong>ultro</strong></span> <span class='ocrx_word' id='word_1_339' title='bbox 273 3593 410 3654; x_wconf 84' lang='lat' dir='ltr'><strong>detulit.“</strong></span> <span class='ocrx_word' id='word_1_340' title='bbox 457 3594 666 3674; x_wconf 89' lang='lat' dir='ltr'><strong>Deprehendit</strong></span> <span class='ocrx_word' id='word_1_341' title='bbox 689 3593 859 3675; x_wconf 84' lang='lat' dir='ltr'><strong>Tychonem</strong></span> <span class='ocrx_word' id='word_1_342' title='bbox 883 3593 1006 3673; x_wconf 90' lang='lat' dir='ltr'><strong>ejusque</strong></span> <span class='ocrx_word' id='word_1_343' title='bbox 1030 3593 1225 3655; x_wconf 89' lang='lat' dir='ltr'><strong>domesticum</strong></span> <span class='ocrx_word' id='word_1_344' title='bbox 1246 3594 1527 3670; x_wconf 87' lang='lat' dir='ltr'><strong>Lougomontauum</strong></span> 
     </span>
     <span class='ocr_line' id='line_1_38' title="bbox 173 3680 1527 3764; baseline 0.002 -22"><span class='ocrx_word' id='word_1_345' title='bbox 173 3680 202 3742; x_wconf 93' lang='lat' dir='ltr'><strong>in</strong></span> <span class='ocrx_word' id='word_1_346' title='bbox 227 3682 438 3745; x_wconf 83' lang='lat' dir='ltr'><strong>observatione</strong></span> <span class='ocrx_word' id='word_1_347' title='bbox 467 3683 667 3764; x_wconf 87' lang='lat' dir='ltr'><strong>oppositionis</strong></span> <span class='ocrx_word' id='word_1_348' title='bbox 690 3682 801 3744; x_wconf 87' lang='lat' dir='ltr'><strong>Martis</strong></span> <span class='ocrx_word' id='word_1_349' title='bbox 825 3701 890 3743; x_wconf 92' lang='lat' dir='ltr'><strong>cum</strong></span> <span class='ocrx_word' id='word_1_350' title='bbox 914 3681 1003 3754; x_wconf 90' lang='lat' dir='ltr'><strong>Sole,</strong></span> <span class='ocrx_word' id='word_1_351' title='bbox 1028 3690 1059 3742; x_wconf 91' lang='lat' dir='ltr'><strong>et</strong></span> <span class='ocrx_word' id='word_1_352' title='bbox 1082 3682 1268 3747; x_wconf 85' lang='lat' dir='ltr'><strong>restituenda</strong></span> <span class='ocrx_word' id='word_1_353' title='bbox 1296 3682 1413 3743; x_wconf 89' lang='lat' dir='ltr'><strong>theoria</strong></span> <span class='ocrx_word' id='word_1_354' title='bbox 1436 3683 1527 3762; x_wconf 91' lang='lat' dir='ltr'><strong>hujus</strong></span> 
     </span>
     <span class='ocr_line' id='line_1_39' title="bbox 173 3770 1527 3853; baseline 0.004 -23"><span class='ocrx_word' id='word_1_355' title='bbox 173 3770 314 3850; x_wconf 84' lang='lat' dir='ltr'><strong>planetae</strong></span> <span class='ocrx_word' id='word_1_356' title='bbox 338 3777 602 3845; x_wconf 66' lang='lat' dir='ltr'><strong>(Casandram.)</strong></span> <span class='ocrx_word' id='word_1_357' title='bbox 626 3772 839 3852; x_wconf 85' lang='lat' dir='ltr'><strong>adjunxitque,</strong></span> <span class='ocrx_word' id='word_1_358' title='bbox 869 3789 1047 3851; x_wconf 91' lang='lat' dir='ltr'><strong>quamquam</strong></span> <span class='ocrx_word' id='word_1_359' title='bbox 1075 3771 1185 3853; x_wconf 90' lang='lat' dir='ltr'><strong>hospes</strong></span> <span class='ocrx_word' id='word_1_360' title='bbox 1208 3771 1377 3852; x_wconf 81' lang='lat' dir='ltr'><strong>Tychonis,</strong></span> <span class='ocrx_word' id='word_1_361' title='bbox 1402 3791 1527 3850; x_wconf 89' lang='lat' dir='ltr'><strong>operam</strong></span> 
     </span>
     <span class='ocr_line' id='line_1_40' title="bbox 174 3857 1527 3942; baseline 0.003 -22"><span class='ocrx_word' id='word_1_362' title='bbox 174 3876 258 3920; x_wconf 86' lang='lat' dir='ltr'><strong>suam</strong></span> <span class='ocrx_word' id='word_1_363' title='bbox 283 3859 312 3921; x_wconf 95' lang='lat' dir='ltr'><strong>in</strong></span> <span class='ocrx_word' id='word_1_364' title='bbox 338 3860 531 3923; x_wconf 84' lang='lat' dir='ltr'><strong>enucleandis</strong></span> <span class='ocrx_word' id='word_1_365' title='bbox 555 3862 709 3942; x_wconf 89' lang='lat' dir='ltr'><strong>implicitis</strong></span> <span class='ocrx_word' id='word_1_366' title='bbox 730 3860 840 3922; x_wconf 86' lang='lat' dir='ltr'><strong>Martis</strong></span> <span class='ocrx_word' id='word_1_367' title='bbox 864 3860 993 3922; x_wconf 89' lang='lat' dir='ltr'><strong>motibus</strong></span> <span class='ocrx_word' id='word_1_368' title='bbox 1017 3862 1131 3933; x_wconf 90' lang='lat' dir='ltr'><strong>(‚,auuo</strong></span> <span class='ocrx_word' id='word_1_369' title='bbox 1156 3857 1248 3923; x_wconf 93' lang='grc'><strong>1600.</strong></span> <span class='ocrx_word' id='word_1_370' title='bbox 1273 3861 1472 3922; x_wconf 72' lang='lat' dir='ltr'><strong>al&#39;ebmario</strong></span> <span class='ocrx_word' id='word_1_371' title='bbox 1496 3863 1527 3924; x_wconf 90' lang='lat' dir='ltr'><strong>in</strong></span> 
     </span>
     <span class='ocr_line' id='line_1_41' title="bbox 173 3948 1527 4030; baseline 0 -19"><span class='ocrx_word' id='word_1_372' title='bbox 173 3948 308 4027; x_wconf 87' lang='lat' dir='ltr'><strong>Msjum;</strong></span> <span class='ocrx_word' id='word_1_373' title='bbox 336 3949 452 4030; x_wconf 87' lang='lat' dir='ltr'><strong>profeci</strong></span> <span class='ocrx_word' id='word_1_374' title='bbox 476 3961 576 4012; x_wconf 91' lang='lat' dir='ltr'><strong>autem</strong></span> <span class='ocrx_word' id='word_1_375' title='bbox 599 3959 731 4023; x_wconf 88' lang='lat' dir='ltr'><strong>tantum,</strong></span> <span class='ocrx_word' id='word_1_376' title='bbox 755 3957 788 4011; x_wconf 93' lang='lat' dir='ltr'><strong>ut</strong></span> <span class='ocrx_word' id='word_1_377' title='bbox 810 3949 941 4011; x_wconf 90' lang='lat' dir='ltr'><strong>eccentri</strong></span> <span class='ocrx_word' id='word_1_378' title='bbox 972 3949 1215 4030; x_wconf 88' lang='lat' dir='ltr'><strong>inaequalitatem</strong></span> <span class='ocrx_word' id='word_1_379' title='bbox 1246 3949 1436 4010; x_wconf 85' lang='lat' dir='ltr'><strong>mediocriter</strong></span> <span class='ocrx_word' id='word_1_380' title='bbox 1460 3951 1527 4011; x_wconf 87' lang='lat' dir='ltr'><strong>sal·</strong></span> 
     </span>
     <span class='ocr_line' id='line_1_42' title="bbox 172 4038 1527 4119; baseline 0.005 -23"><span class='ocrx_word' id='word_1_381' title='bbox 172 4040 322 4111; x_wconf 79' lang='lat' dir='ltr'><strong>esrem“).</strong></span> <span class='ocrx_word' id='word_1_382' title='bbox 378 4039 469 4102; x_wconf 90' lang='lat' dir='ltr'><strong>Junio</strong></span> <span class='ocrx_word' id='word_1_383' title='bbox 501 4039 657 4103; x_wconf 89' lang='lat' dir='ltr'><strong>Graetium</strong></span> <span class='ocrx_word' id='word_1_384' title='bbox 688 4039 795 4113; x_wconf 88' lang='lat' dir='ltr'><strong>rediit,</strong></span> <span class='ocrx_word' id='word_1_385' title='bbox 829 4039 915 4101; x_wconf 92' lang='lat' dir='ltr'><strong>initio</strong></span> <span class='ocrx_word' id='word_1_386' title='bbox 952 4038 1139 4118; x_wconf 89' lang='lat' dir='ltr'><strong>Septembris</strong></span> <span class='ocrx_word' id='word_1_387' title='bbox 1169 4039 1308 4119; x_wconf 90' lang='lat' dir='ltr'><strong>pactione</strong></span> <span class='ocrx_word' id='word_1_388' title='bbox 1342 4040 1424 4099; x_wconf 87' lang='lat' dir='ltr'><strong>facta</strong></span> <span class='ocrx_word' id='word_1_389' title='bbox 1458 4060 1527 4103; x_wconf 87' lang='lat' dir='ltr'><strong>cum</strong></span> 
     </span>
     <span class='ocr_line' id='line_1_43' title="bbox 175 4123 1529 4209; baseline 0.002 -21"><span class='ocrx_word' id='word_1_390' title='bbox 175 4125 317 4208; x_wconf 84' lang='lat' dir='ltr'><strong>Tychone</strong></span> <span class='ocrx_word' id='word_1_391' title='bbox 341 4128 380 4188; x_wconf 88' lang='lat' dir='ltr'><strong>ad</strong></span> <span class='ocrx_word' id='word_1_392' title='bbox 403 4128 501 4209; x_wconf 86' lang='lat' dir='ltr'><strong>ipsum</strong></span> <span class='ocrx_word' id='word_1_393' title='bbox 519 4130 649 4209; x_wconf 87' lang='lat' dir='ltr'><strong>Pragam</strong></span> <span class='ocrx_word' id='word_1_394' title='bbox 673 4148 812 4191; x_wconf 75' lang='lat' dir='ltr'><strong>resersus</strong></span> <span class='ocrx_word' id='word_1_395' title='bbox 836 4138 884 4189; x_wconf 92' lang='lat' dir='ltr'><strong>est</strong></span> <span class='ocrx_word' id='word_1_396' title='bbox 907 4125 960 4190; x_wconf 78' lang='lat'><strong>30.</strong></span> <span class='ocrx_word' id='word_1_397' title='bbox 976 4127 1060 4208; x_wconf 90' lang='lat' dir='ltr'><strong>Sept.</strong></span> <span class='ocrx_word' id='word_1_398' title='bbox 1081 4123 1174 4191; x_wconf 90' lang='grc'><strong>1600.</strong></span> <span class='ocrx_word' id='word_1_399' title='bbox 1214 4128 1309 4189; x_wconf 92' lang='lat' dir='ltr'><strong>Paulo</strong></span> <span class='ocrx_word' id='word_1_400' title='bbox 1333 4137 1433 4189; x_wconf 89' lang='lat' dir='ltr'><strong>autem</strong></span> <span class='ocrx_word' id='word_1_401' title='bbox 1455 4139 1529 4209; x_wconf 89' lang='lat' dir='ltr'><strong>post</strong></span> 
     </span>
     <span class='ocr_line' id='line_1_44' title="bbox 173 4217 1527 4300; baseline 0.001 -23"><span class='ocrx_word' id='word_1_402' title='bbox 173 4235 263 4297; x_wconf 77' lang='lat' dir='ltr'><strong>quam</strong></span> <span class='ocrx_word' id='word_1_403' title='bbox 289 4235 397 4279; x_wconf 91' lang='lat' dir='ltr'><strong>munus</strong></span> <span class='ocrx_word' id='word_1_404' title='bbox 419 4238 505 4281; x_wconf 87' lang='lat' dir='ltr'><strong>suum</strong></span> <span class='ocrx_word' id='word_1_405' title='bbox 529 4220 608 4298; x_wconf 91' lang='lat' dir='ltr'><strong>apud</strong></span> <span class='ocrx_word' id='word_1_406' title='bbox 626 4219 798 4300; x_wconf 79' lang='lat' dir='ltr'><strong>Tychonem</strong></span> <span class='ocrx_word' id='word_1_407' title='bbox 822 4227 997 4296; x_wconf 88' lang='lat' dir='ltr'><strong>susceperat</strong></span> <span class='ocrx_word' id='word_1_408' title='bbox 1020 4217 1200 4296; x_wconf 84' lang='lat' dir='ltr'><strong>aegrotavit,</strong></span> <span class='ocrx_word' id='word_1_409' title='bbox 1223 4224 1255 4277; x_wconf 92' lang='lat' dir='ltr'><strong>et</strong></span> <span class='ocrx_word' id='word_1_410' title='bbox 1269 4218 1342 4278; x_wconf 81' lang='lat' dir='ltr'><strong>febri</strong></span> <span class='ocrx_word' id='word_1_411' title='bbox 1367 4229 1527 4298; x_wconf 90' lang='lat' dir='ltr'><strong>correptus</strong></span> 
     </span>
     <span class='ocr_line' id='line_1_45' title="bbox 170 4306 1525 4389; baseline 0.001 -23"><span class='ocrx_word' id='word_1_412' title='bbox 170 4314 318 4388; x_wconf 77' lang='lat' dir='ltr'><strong>quartana</strong></span> <span class='ocrx_word' id='word_1_413' title='bbox 343 4315 375 4368; x_wconf 90' lang='lat' dir='ltr'><strong>et</strong></span> <span class='ocrx_word' id='word_1_414' title='bbox 397 4308 473 4369; x_wconf 89' lang='lat' dir='ltr'><strong>tussi</strong></span> <span class='ocrx_word' id='word_1_415' title='bbox 497 4307 667 4388; x_wconf 87' lang='lat' dir='ltr'><strong>periculosa</strong></span> <span class='ocrx_word' id='word_1_416' title='bbox 690 4326 793 4387; x_wconf 85' lang='lat' dir='ltr'><strong>pamm</strong></span> <span class='ocrx_word' id='word_1_417' title='bbox 817 4306 945 4387; x_wconf 86' lang='lat' dir='ltr'><strong>profecit</strong></span> <span class='ocrx_word' id='word_1_418' title='bbox 968 4306 997 4368; x_wconf 91' lang='lat' dir='ltr'><strong>in</strong></span> <span class='ocrx_word' id='word_1_419' title='bbox 1021 4306 1059 4368; x_wconf 90' lang='lat' dir='ltr'><strong>iis</strong></span> <span class='ocrx_word' id='word_1_420' title='bbox 1081 4326 1158 4386; x_wconf 91' lang='lat' dir='ltr'><strong>quae</strong></span> <span class='ocrx_word' id='word_1_421' title='bbox 1184 4306 1242 4386; x_wconf 88' lang='lat' dir='ltr'><strong>ipsi</strong></span> <span class='ocrx_word' id='word_1_422' title='bbox 1268 4307 1370 4389; x_wconf 91' lang='lat' dir='ltr'><strong>Tycho</strong></span> <span class='ocrx_word' id='word_1_423' title='bbox 1394 4309 1525 4368; x_wconf 86' lang='lat' dir='ltr'><strong>manda·</strong></span> 
     </span>
     <span class='ocr_line' id='line_1_46' title="bbox 172 4395 1526 4477; baseline 0.004 -24"><span class='ocrx_word' id='word_1_424' title='bbox 172 4403 272 4470; x_wconf 77' lang='lat' dir='ltr'><strong>verat,</strong></span> <span class='ocrx_word' id='word_1_425' title='bbox 303 4396 397 4457; x_wconf 90' lang='lat' dir='ltr'><strong>donec</strong></span> <span class='ocrx_word' id='word_1_426' title='bbox 424 4397 509 4459; x_wconf 89' lang='lat' dir='ltr'><strong>coelo</strong></span> <span class='ocrx_word' id='word_1_427' title='bbox 532 4397 698 4458; x_wconf 90' lang='lat' dir='ltr'><strong>salubriore</strong></span> <span class='ocrx_word' id='word_1_428' title='bbox 723 4396 840 4457; x_wconf 88' lang='lat' dir='ltr'><strong>Graetii</strong></span> <span class='ocrx_word' id='word_1_429' title='bbox 864 4397 1001 4477; x_wconf 85' lang='lat' dir='ltr'><strong>quaesito</strong></span> <span class='ocrx_word' id='word_1_430' title='bbox 1025 4395 1139 4476; x_wconf 83' lang='lat' dir='ltr'><strong>(Aprili</strong></span> <span class='ocrx_word' id='word_1_431' title='bbox 1165 4427 1204 4437; x_wconf 96' lang='lat'><em>-</em></span> <span class='ocrx_word' id='word_1_432' title='bbox 1228 4395 1329 4475; x_wconf 87' lang='lat' dir='ltr'><strong>Sept.)</strong></span> <span class='ocrx_word' id='word_1_433' title='bbox 1353 4396 1526 4475; x_wconf 88' lang='lat' dir='ltr'><strong>Septembri</strong></span> 
     </span>
     <span class='ocr_line' id='line_1_47' title="bbox 173 4481 1526 4566; baseline 0.003 -21"><span class='ocrx_word' id='word_1_434' title='bbox 173 4484 291 4546; x_wconf 89' lang='lat' dir='ltr'><strong>demum</strong></span> <span class='ocrx_word' id='word_1_435' title='bbox 323 4485 392 4547; x_wconf 88' lang='lat' dir='ltr'><strong>anni</strong></span> <span class='ocrx_word' id='word_1_436' title='bbox 432 4481 524 4549; x_wconf 90' lang='grc'><strong>1601.</strong></span> <span class='ocrx_word' id='word_1_437' title='bbox 559 4485 721 4547; x_wconf 75' lang='lat' dir='ltr'><strong>conualuit.</strong></span> <span class='ocrx_word' id='word_1_438' title='bbox 778 4485 867 4546; x_wconf 77' lang='lat' dir='ltr'><strong>Brevi</strong></span> <span class='ocrx_word' id='word_1_439' title='bbox 899 4496 969 4565; x_wconf 86' lang='lat' dir='ltr'><strong>post</strong></span> <span class='ocrx_word' id='word_1_440' title='bbox 1001 4481 1067 4559; x_wconf 82' lang='grc'><strong>(24.</strong></span> <span class='ocrx_word' id='word_1_441' title='bbox 1102 4484 1188 4558; x_wconf 87' lang='lat' dir='ltr'><strong>Oet.)</strong></span> <span class='ocrx_word' id='word_1_442' title='bbox 1223 4485 1363 4566; x_wconf 80' lang='lat' dir='ltr'><strong>Tychone</strong></span> <span class='ocrx_word' id='word_1_443' title='bbox 1396 4496 1526 4560; x_wconf 89' lang='lat' dir='ltr'><strong>mortuo,</strong></span> 
     </span>
     <span class='ocr_line' id='line_1_48' title="bbox 175 4573 1529 4655; baseline 0.005 -24"><span class='ocrx_word' id='word_1_444' title='bbox 175 4573 289 4635; x_wconf 84' lang='lat' dir='ltr'><strong>tradita</strong></span> <span class='ocrx_word' id='word_1_445' title='bbox 312 4573 369 4654; x_wconf 88' lang='lat' dir='ltr'><strong>ipsi</strong></span> <span class='ocrx_word' id='word_1_446' title='bbox 394 4575 638 4637; x_wconf 81' lang='lat' dir='ltr'><strong>observationum</strong></span> <span class='ocrx_word' id='word_1_447' title='bbox 663 4575 815 4655; x_wconf 78' lang='lat' dir='ltr'><strong>Tycbouis</strong></span> <span class='ocrx_word' id='word_1_448' title='bbox 839 4575 1031 4648; x_wconf 88' lang='lat' dir='ltr'><strong>collectione,</strong></span> <span class='ocrx_word' id='word_1_449' title='bbox 1060 4574 1231 4635; x_wconf 84' lang='lat' dir='ltr'><strong>mandatum</strong></span> <span class='ocrx_word' id='word_1_450' title='bbox 1256 4582 1303 4635; x_wconf 86' lang='lat' dir='ltr'><strong>est</strong></span> <span class='ocrx_word' id='word_1_451' title='bbox 1325 4575 1468 4654; x_wconf 85' lang='lat' dir='ltr'><strong>Keplero,</strong></span> <span class='ocrx_word' id='word_1_452' title='bbox 1494 4585 1529 4638; x_wconf 90' lang='lat' dir='ltr'><strong>ut</strong></span> 
     </span>
     <span class='ocr_line' id='line_1_49' title="bbox 172 4663 1527 4746; baseline 0.006 -27"><span class='ocrx_word' id='word_1_453' title='bbox 172 4663 331 4725; x_wconf 85' lang='lat' dir='ltr'><strong>conficeret</strong></span> <span class='ocrx_word' id='word_1_454' title='bbox 354 4682 401 4738; x_wconf 89' lang='lat' dir='ltr'><strong>ea,</strong></span> <span class='ocrx_word' id='word_1_455' title='bbox 425 4685 501 4746; x_wconf 90' lang='lat' dir='ltr'><strong>quae</strong></span> <span class='ocrx_word' id='word_1_456' title='bbox 521 4664 624 4746; x_wconf 87' lang='lat' dir='ltr'><strong>Tycho</strong></span> <span class='ocrx_word' id='word_1_457' title='bbox 650 4663 824 4743; x_wconf 77' lang='lat' dir='ltr'><strong>imperfecta</strong></span> <span class='ocrx_word' id='word_1_458' title='bbox 847 4664 1020 4746; x_wconf 89' lang='lat' dir='ltr'><strong>reliquerat,</strong></span> <span class='ocrx_word' id='word_1_459' title='bbox 1040 4664 1172 4725; x_wconf 87' lang='lat' dir='ltr'><strong>Tabulas</strong></span> <span class='ocrx_word' id='word_1_460' title='bbox 1196 4671 1227 4725; x_wconf 93' lang='lat' dir='ltr'><strong>et</strong></span> <span class='ocrx_word' id='word_1_461' title='bbox 1250 4684 1324 4744; x_wconf 89' lang='lat' dir='ltr'><strong>quae</strong></span> <span class='ocrx_word' id='word_1_462' title='bbox 1348 4665 1409 4725; x_wconf 89' lang='lat' dir='ltr'><strong>alia</strong></span> <span class='ocrx_word' id='word_1_463' title='bbox 1433 4665 1527 4743; x_wconf 77' lang='lat' dir='ltr'><strong>digna</strong></span> 
     </span>
     <span class='ocr_line' id='line_1_50' title="bbox 172 4748 1526 4834; baseline 0.007 -28"><span class='ocrx_word' id='word_1_464' title='bbox 172 4748 344 4813; x_wconf 85' lang='lat' dir='ltr'><strong>viderentur</strong></span> <span class='ocrx_word' id='word_1_465' title='bbox 374 4761 408 4815; x_wconf 92' lang='lat' dir='ltr'><strong>ut</strong></span> <span class='ocrx_word' id='word_1_466' title='bbox 439 4753 550 4834; x_wconf 90' lang='lat' dir='ltr'><strong>publici</strong></span> <span class='ocrx_word' id='word_1_467' title='bbox 579 4753 657 4832; x_wconf 89' lang='lat' dir='ltr'><strong>juris</strong></span> <span class='ocrx_word' id='word_1_468' title='bbox 690 4756 803 4815; x_wconf 89' lang='lat' dir='ltr'><strong>tierent.</strong></span> <span class='ocrx_word' id='word_1_469' title='bbox 851 4754 935 4825; x_wconf 88' lang='lat' dir='ltr'><strong>Quae</strong></span> <span class='ocrx_word' id='word_1_470' title='bbox 966 4756 1034 4819; x_wconf 79' lang='lat' dir='ltr'><strong>dum</strong></span> <span class='ocrx_word' id='word_1_471' title='bbox 1068 4754 1194 4832; x_wconf 88' lang='lat' dir='ltr'><strong>suscipit</strong></span> <span class='ocrx_word' id='word_1_472' title='bbox 1224 4753 1337 4824; x_wconf 89' lang='lat' dir='ltr'><strong>(editus</strong></span> <span class='ocrx_word' id='word_1_473' title='bbox 1368 4765 1415 4814; x_wconf 90' lang='lat' dir='ltr'><strong>est</strong></span> <span class='ocrx_word' id='word_1_474' title='bbox 1445 4775 1526 4816; x_wconf 91' lang='lat' dir='ltr'><strong>anno</strong></span> 
     </span>
     <span class='ocr_line' id='line_1_51' title="bbox 176 4830 1527 4926; baseline 0.004 -25"><span class='ocrx_word' id='word_1_475' title='bbox 176 4830 270 4921; x_wconf 72' lang='grc'><strong>1602.</strong></span> <span class='ocrx_word' id='word_1_476' title='bbox 294 4842 447 4926; x_wconf 84' lang='lat' dir='ltr'><strong>Tychonis</strong></span> <span class='ocrx_word' id='word_1_477' title='bbox 470 4845 772 4923; x_wconf 67' lang='lat' dir='ltr'><strong>progymnasmatum</strong></span> <span class='ocrx_word' id='word_1_478' title='bbox 796 4854 893 4905; x_wconf 88' lang='lat' dir='ltr'><strong>tomus</strong></span> <span class='ocrx_word' id='word_1_479' title='bbox 917 4846 940 4919; x_wconf 98' lang='lat' dir='ltr'><strong>l,</strong></span> <span class='ocrx_word' id='word_1_480' title='bbox 967 4842 1083 4924; x_wconf 88' lang='lat' dir='ltr'><strong>„pridie</strong></span> <span class='ocrx_word' id='word_1_481' title='bbox 1108 4842 1173 4906; x_wconf 87' lang='lat' dir='ltr'><strong>Cal.</strong></span> <span class='ocrx_word' id='word_1_482' title='bbox 1198 4842 1366 4923; x_wconf 83' lang='lat' dir='ltr'><strong>Augusti“)</strong></span> <span class='ocrx_word' id='word_1_483' title='bbox 1390 4844 1527 4906; x_wconf 88' lang='lat' dir='ltr'><strong>astrolo-</strong></span> 
     </span>
    </p>
   </div>
   <div class='ocr_carea' id='block_1_5' title="bbox 0 0 1703 5534">
    <p class='ocr_par' dir='ltr' id='par_1_8' title="bbox 0 0 1703 5534">
     <span class='ocr_line' id='line_1_52' title="bbox 0 0 1703 5534; baseline 0 0"><span class='ocrx_word' id='word_1_484' title='bbox 0 0 1703 5534; x_wconf 95' lang='lat' dir='ltr'><strong> </strong></span> 
     </span>
    </p>
   </div>
  </div>
 </body>
</html>
