3374 5528
670 313 829 364 laconicae.
1363 309 1421 378 151

155 486 251 540 Vera
269 487 356 559 igitur
376 491 533 545 doctrina
552 494 590 545 de
611 490 793 562 gravitate
814 491 857 545 bis
880 490 1005 548 innititur
1025 467 1226 549 axiomatibus:

155 566 247 621 Omnis
268 568 429 625 substantia
450 588 590 642 corporea,
613 580 749 643 quatenus
770 589 918 642 corporea,
948 581 1018 644 apta
1038 581 1107 628 nata
1127 580 1171 627 est
1192 572 1331 645 quiescere
1353 574 1424 629 omni

71 648 142 712 loce,
165 646 193 701 in
213 664 267 720 quo
287 649 415 705 solitaria
434 651 546 722 ponitur
566 658 649 707 extra
670 654 763 706 orbem
783 651 893 707 virtutis
915 653 1026 726 cognati
1047 653 1176 725 corporis.

155 738 286 795 Gravitas
307 747 352 794 est
371 741 480 796 affectio
501 760 634 814 corperea
654 751 751 798 mutua
770 741 843 797 inter
863 752 985 815 cognata
1014 761 1130 815 corpora
1150 744 1185 797 sd
1206 740 1355 805 unitionem
1375 759 1425 797 seu

71 818 294 889 conjunctionem
316 819 381 890 (quo
403 839 491 875 rerum
513 822 606 877 ordine
628 830 672 876 est
692 831 722 876 et
736 823 855 877 facultas
874 819 1056 895 magnetica),
1077 830 1109 877 ut
1129 823 1215 877 multo
1235 821 1325 894 magis
1340 822 1426 877 Terra

71 902 172 954 trahat
191 900 320 969 lapidem,
342 918 423 975 quam
443 903 515 973 lapis
538 905 609 974 petit
629 905 750 959 Terram.

155 980 260 1034 Gravia
281 976 318 1048 (si
339 983 458 1036 maxime
479 984 592 1039 Terram
613 983 641 1038 in
662 992 756 1041 centro
777 985 868 1039 mundi
889 979 1067 1052 collocemus)
1088 1001 1142 1037 non
1163 984 1289 1038 seruntur
1310 983 1345 1035 ad
1363 1000 1426 1037 cen-

73 1072 145 1115 trum
166 1060 271 1126 mundi,
300 1070 332 1115 ιιι
352 1065 387 1117 sd
409 1071 530 1119 centrum
551 1065 656 1128 muudi,
688 1067 735 1120 sed
764 1073 797 1118 ut
826 1066 861 1119 ad
883 1072 1006 1120 centrum
1032 1063 1139 1118 rotundi
1162 1061 1273 1136 cognati
1295 1060 1426 1133 corporis,

71 1139 194 1196 Telluris
214 1138 328 1196 scilicet.
370 1143 468 1213 ltaque
490 1145 643 1217 ubicunqne
665 1145 815 1199 collocetur
844 1162 892 1198 seu
921 1162 1081 1217 quocunque
1108 1147 1313 1213 transportetur
1332 1140 1426 1197 Tellus

73 1221 211 1276 facultate
232 1237 285 1275 sua
305 1221 426 1286 animali,
449 1240 558 1295 semper
578 1228 613 1282 ad
634 1226 711 1280 illam
731 1227 858 1279 feruntur
878 1225 985 1297 gravia

154 1301 183 1356 Si
204 1302 291 1356 Terra
311 1319 364 1356 non
386 1313 462 1359 esset
482 1308 609 1371 rotunda,
630 1307 730 1378 gravia
750 1323 803 1360 non
824 1304 998 1377 undiqueque
1019 1306 1157 1359 terrentur
1170 1308 1249 1356 recta
1262 1303 1298 1355 ad
1311 1301 1427 1357 modium

73 1384 178 1437 Terrae
198 1388 338 1453 punctum,
360 1385 409 1437 sed
430 1385 567 1441 ferrentur
588 1391 622 1440 ad
644 1393 747 1457 puncta
767 1385 876 1439 diversa
897 1403 914 1440 a
934 1386 1068 1441 lateribus
1089 1383 1213 1438 dirersis.

153 1460 182 1516 Si
204 1462 257 1515 due
278 1462 385 1532 lapides
407 1465 433 1517 in
458 1465 551 1536 aliquo
582 1469 642 1520 loco
671 1466 762 1521 mundi
793 1466 997 1521 collocarentur
1026 1463 1169 1536 propinqui
1200 1461 1314 1517 invicem
1343 1471 1429 1517 extra

73 1543 167 1596 orbem
189 1541 300 1597 virtutis
322 1541 396 1597 tertii
410 1546 531 1617 ¹cognati
553 1547 687 1617 corporis,
709 1545 749 1600 illi
771 1544 878 1615 lapides
899 1550 934 1601 ad
955 1545 1157 1602 similitudinem
1179 1545 1292 1597 duorum
1312 1559 1425 1614 magne-

74 1623 190 1677 tioorum
211 1639 354 1693 corporum
374 1624 481 1680 coirent
500 1627 560 1681 loco
582 1627 749 1689 intermedie,
773 1626 889 1697 quilibet
910 1629 1041 1682 accedens
1064 1628 1098 1680 ad
1115 1624 1233 1679 alterum
1249 1628 1328 1677 tauto
1342 1620 1448 1677 inter-'

74 1703 159 1766 sallo,
181 1708 289 1773 quanta
309 1710 354 1757 est
374 1705 489 1759 alterius
511 1708 596 1761 moles
618 1708 645 1761 in
665 1706 879 1777 comparatione.

153 1782 184 1837 Si
203 1784 284 1838 Luna
305 1790 334 1838 et
354 1786 441 1839 Terra
462 1804 514 1840 non
536 1789 721 1842 retinerentur
741 1787 766 1839 vi
788 1786 901 1840 animali
931 1793 982 1841 aut
1011 1785 1069 1839 alia
1095 1784 1191 1857 aliqua
1218 1782 1426 1854 aequipollenti,

73 1862 218 1933 quaelibet
238 1863 265 1917 in
286 1880 335 1917 suo
356 1864 482 1929 circuitu,
506 1868 592 1922 Terra
613 1871 775 1922 ascenderet
795 1868 830 1919 ad
850 1868 956 1921 Lunam
977 1865 1204 1938 quinquagesima
1225 1869 1327 1935 quarta
1347 1871 1427 1933 parte

73 1943 224 2008 intervalli,
245 1944 326 1997 Luna
346 1946 524 2003 descenderet
544 1950 579 2004 ad
600 1950 712 2003 Terram
734 1947 934 2018 quinquaginta
958 1946 1047 2000 trihus
1067 1944 1175 2000 circiter
1194 1943 1321 2015 partibus
1342 1943 1427 2000 inter·

73 2022 157 2087 valli,
188 2023 282 2095 ibique
307 2022 509 2097 jungerentur:
540 2029 630 2099 posito
661 2037 762 2090 tamen,
794 2029 864 2097 quod
885 2026 1042 2081 substantia
1073 2025 1213 2097 utriusque
1241 2024 1278 2079 sit
1298 2022 1378 2079 unius
1398 2029 1429 2081 ct

72 2104 197 2171 ejusdem
218 2104 374 2160 densitatis.

152 2184 183 2240 Si
205 2185 292 2239 Terra
311 2195 433 2242 cessaret
447 2187 591 2242 attrahere
608 2189 642 2243 ad
658 2206 687 2242 so
702 2205 789 2259 aquas
804 2204 877 2252 suas,
900 2192 991 2259 aquae
1006 2185 1128 2241 marinae
1143 2201 1235 2239 omnes
1250 2185 1428 2240 elevarentur

73 2273 102 2319 et
121 2264 151 2319 in
173 2281 273 2335 eorpus
294 2266 391 2321 Lunae
412 2267 565 2324 influerent.

154 2344 236 2400 Orbis
258 2345 369 2399 virtutis
389 2347 548 2411 tractoriae,
571 2365 641 2419 quae
663 2354 706 2401 est
724 2346 752 2401 in
765 2346 854 2411 Luna,
878 2345 1029 2418 porrigitur
1050 2363 1135 2419 usque
1156 2347 1192 2399 ad
1206 2346 1307 2401 Terras
1321 2347 1351 2397 et
1363 2359 1427 2413 pro·

74 2427 162 2479 leetat
182 2440 270 2497 squas
292 2426 343 2479 sub
364 2444 461 2481 aonam
483 2428 622 2491 torridam,
644 2427 745 2499 quippe
766 2426 793 2481 in
815 2444 954 2481 occursum
969 2443 1047 2481 suum
1067 2442 1228 2499 quacunque
1249 2424 1277 2478 in
1297 2422 1428 2477 verticem

74 2505 126 2560 loci
147 2503 252 2568 incidit,
275 2506 471 2562 insensibiliter
492 2508 518 2561 in
541 2509 661 2563 maribus
681 2506 801 2569 inclusis,
824 2506 992 2561 sensibiliter
1007 2505 1053 2570 ibi,
1069 2506 1114 2560 ubi
1135 2513 1200 2560 sunt
1214 2502 1340 2560 latissimi
1355 2502 1428 2557 alvei

74 2584 170 2641 oceani
192 2587 326 2658 aquisque
348 2587 473 2657 spatiosa
494 2587 717 2659 reciprocationis
733 2588 863 2658 libertasj
886 2605 939 2658 quo
959 2587 1033 2640 iacto
1049 2588 1186 2640 nudantur
1200 2585 1284 2641 litore
1298 2598 1429 2639 zonarum

74 2676 103 2720 et
123 2665 265 2721 climatum
286 2668 444 2722 lateralium
466 2675 496 2725 et
515 2667 538 2721 si
560 2687 616 2740 qua
636 2669 719 2723 etiam
739 2669 790 2723 sub
805 2669 909 2722 torrida
923 2667 998 2721 sinus
1013 2667 1136 2720 efficiunt
1149 2665 1318 2720 reductinres
1332 2662 1429 2719 oceani

74 2745 231 2819 propinqui.
273 2748 369 2839 ltaque
391 2749 469 2818 aquis
492 2749 518 2801 in
540 2749 633 2803 latiori
654 2751 734 2804 alveo
755 2748 850 2803 oceani
872 2746 1096 2817 assurgentibus
1124 2746 1183 2801 fleri
1211 2750 1318 2817 potest,
1349 2749 1381 2798 ut
1400 2742 1430 2799 in

75 2827 284 2899 angustioribus
306 2828 366 2896 ejus
388 2828 509 2891 sinubus,
532 2832 609 2883 modo
631 2847 684 2883 non
706 2828 783 2882 nimis
805 2837 881 2883 arcte
903 2828 1046 2889 conclusis,
1070 2844 1159 2898 aquae
1180 2831 1327 2896 praesente
1348 2823 1429 2884 Luna

73 2908 158 2962 etiarn
180 2907 316 2979 aufugere
337 2910 375 2962 ab
395 2925 430 2963 es
449 2910 609 2963 videantur:
633 2909 735 2980 quippe
756 2909 908 2971 subsidunt,
931 2908 997 2962 foris
1019 2908 1165 2962 subtracta
1181 2906 1262 2976 copia
1283 2916 1426 2975 aquarum.

154 2996 291 3050 Celeriter
311 3015 376 3052 vero
390 2998 471 3052 Luna
491 2998 621 3054 verticem
642 2999 841 3062 transvolante,
864 3017 924 3052 cum
946 3015 1036 3068 aquae
1059 3007 1115 3052 tam
1129 2996 1257 3051 celeriter
1277 2994 1355 3066 sequi
1374 3012 1430 3049 nou

74 3076 189 3146 possint,
211 3079 302 3131 lluxus
324 3077 431 3149 quidem
450 3080 482 3132 tit
503 3080 598 3135 occani
620 3081 670 3134 sub
692 3079 823 3134 torrida
816 3098 843 3133 ιιι
867 3079 1043 3141 occidentem,
1066 3080 1156 3149 quoad
1170 3074 1350 3148 impingitsd
1364 3093 1427 3131 con·

74 3157 163 3212 traria
183 3158 268 3211 litora
288 3166 473 3252 servaturque
494 3160 531 3211 ab
553 3159 598 3223 iis;
620 3159 779 3214 dissolvitur
800 3178 865 3213 rero
885 3159 1007 3212 discessu
1022 3160 1045 3212 l
1046 3175 1117 3212 unae
1132 3157 1275 3211 concilium
1295 3171 1429 3225 aquarum

73 3256 121 3291 seu
143 3238 293 3301 exercitus,
317 3239 362 3309 qui
383 3239 454 3292 est
446 3257 473 3291 ιιι
495 3237 592 3295 itinere
607 3257 668 3293 vers
670 3256 702 3294 us
718 3241 856 3303 torridam,
879 3239 980 3311 quippo
994 3241 1119 3293 desertus
1134 3255 1152 3292 a
1165 3242 1267 3299 tractu,
1289 3252 1335 3306 qur
1328 3233 1426 3289 illum

73 3317 226 3381 exciverat,
249 3318 406 3389 impetuque
428 3325 519 3390 capte,
542 3331 573 3374 ut
594 3320 620 3374 in
641 3320 715 3374 vasis
738 3320 881 3390 aquaticis,
904 3326 1010 3373 remeat
1031 3326 1060 3372 et
1081 3318 1202 3372 assultat
1223 3317 1258 3370 ad
1279 3317 1363 3370 litora
1377 3331 1429 3369 sus

73 3416 162 3470 eaque
183 3398 287 3468 operit:
309 3398 455 3471 gignitque
476 3399 593 3469 impetus
615 3401 666 3454 iste
688 3417 739 3469 per
759 3400 913 3454 absentiam
933 3400 1028 3453 Lunae
1056 3399 1185 3468 impeturn
1215 3396 1312 3459 alium,
1343 3384 1430 3449 donee

73 3483 155 3534 luna
175 3478 284 3532 rediens
305 3479 417 3533 fraena
423 3479 539 3550 impetus
570 3480 651 3550 hujus
682 3479 799 3550 recipiat
828 3482 1037 3551 modereturque
1067 3486 1096 3532 et
1125 3494 1262 3532 unacum
1283 3493 1332 3531 sno
1353 3480 1429 3529 motu

76 3562 261 3630 circumagat.
298 3560 342 3613 lta
355 3559 440 3614 litora
454 3559 609 3630 aequaliter
624 3560 752 3630 patentia
773 3560 865 3615 iisdem
886 3558 961 3613 horis
982 3559 1130 3628 implentur
1145 3556 1252 3621 omnia,
1273 3554 1430 3611 reductiora

74 3657 137 3695 rere
161 3639 280 3702 tardius,
303 3640 436 3693 nonnulla
455 3639 634 3695 diversimode
656 3642 691 3694 ob
712 3640 833 3694 diversos
855 3639 950 3695 oceani
972 3639 1071 3694 aditus.

156 3720 242 3785 llinc,
266 3727 298 3774 ιιι
318 3719 409 3775 obiter
429 3736 588 3784 excurram,
612 3722 820 3776 accumulantur
839 3728 944 3793 syrtes,
967 3736 1113 3773 arenarum
1133 3715 1247 3772 cumuli:
1278 3718 1429 3770 nascuntur

74 3808 123 3856 sut
144 3801 298 3855 eraduntur
318 3801 346 3855 in
367 3799 508 3855 vorticosis
530 3801 701 3856 anfractibus
730 3797 777 3867 (ut
797 3818 846 3872 pro
868 3801 928 3855 sinu
949 3794 1110 3869 hlexicano)
1138 3798 1245 3852 insulae
1273 3795 1427 3851 innumera·

75 3882 161 3944 biles;
182 3880 344 3951 videturque
360 3880 496 3935 ludicrum
514 3880 612 3944 mollis,
635 3882 720 3936 beata
733 3889 762 3936 et
775 3881 894 3935 friabilis
910 3887 986 3934 terra
999 3880 1052 3934 hoo
1070 3881 1146 3934 fluxu
1162 3886 1191 3932 et
1206 3875 1296 3930 eluvie
1311 3881 1428 3930 aeterna

73 3963 185 4016 tandem
205 3977 267 4015 esse
288 3966 423 4032 perrupta
443 3967 527 4031 atque
557 3962 701 4031 perfossa,
731 3961 882 4030 adjuvante
904 3961 1007 4014 Terrae
1038 3966 1112 4014 rnotu
1143 3957 1236 4028 aliquo
1266 3952 1425 4018 universali,

73 4059 132 4096 enm
154 4040 221 4094 elim
241 4057 260 4094 a
280 4040 469 4099 Chersonneso
491 4057 578 4095 aurea
598 4058 693 4096 vorsus
723 4042 856 4096 orientem
883 4048 913 4095 et
941 4040 1079 4095 meridiem
1106 4039 1237 4093 continua
1257 4034 1342 4089 fuisse
1362 4048 1425 4104 per·

73 4122 218 4184 hibentur,
236 4119 350 4191 jamque
371 4120 458 4175 effuso
479 4138 598 4184 oceano,
621 4121 665 4193 qui
687 4138 706 4176 a
727 4128 807 4193 tergo
828 4128 892 4176 erat
911 4120 984 4175 inter
1004 4120 1084 4175 Sinas
1105 4124 1135 4173 et
1154 4116 1320 4180 Americam,
1342 4114 1427 4169 litore

73 4202 122 4257 illa
137 4200 326 4256 Moluocarnm
348 4199 518 4272 aliarumque
539 4201 687 4256 vicinarum
709 4203 860 4257 insularum
881 4202 909 4256 in
930 4202 1017 4256 altum
1038 4207 1213 4272 exporrecta,
1236 4197 1338 4269 quippe
1358 4195 1422 4248 sub·

73 4284 180 4337 sidente
200 4281 284 4336 maris
306 4281 458 4353 superficie,
479 4282 559 4336 tidem
580 4282 661 4350 hujus
683 4283 724 4336 rei
744 4282 910 4353 opprimunt
925 4275 962 4349 ¹⁹)

152 4369 227 4435 Qirin
248 4376 278 4426 et
296 4369 460 4442 Taprobane
481 4389 518 4424 ex
539 4389 572 4424 eo
593 4371 737 4425 submersa
756 4370 866 4426 ridetur
887 4370 930 4433 (ut
944 4370 1050 4442 quidem
1065 4376 1175 4425 constat
1188 4387 1225 4422 ex
1239 4365 1330 4419 relatu
1344 4362 1424 4416 Cale·

73 4452 244 4516 cutiensinm,
267 4451 362 4523 aliqua
375 4451 460 4506 etiam
473 4450 511 4506 ibi
532 4451 651 4504 locorum
666 4451 810 4505 submersa
824 4468 885 4506 esse
900 4446 978 4521 olim)
993 4466 1096 4504 oceano
1110 4447 1217 4504 Sineusi
1232 4462 1282 4516 per
1295 4444 1424 4496 effractae

74 4542 168 4605 portas
189 4532 219 4587 in
233 4532 354 4586 Indicum
374 4532 473 4594 inluso,
495 4538 527 4585 ιιι
546 4530 626 4585 hodie
648 4531 714 4585 nihil
729 4534 763 4585 dc
777 4533 943 4601 Taprobane
964 4536 1060 4586 exstet
1080 4535 1191 4600 praeter
1211 4523 1327 4579 vertices
1348 4538 1422 4575 mon·

75 4617 152 4679 hum,
184 4613 232 4685 qui
263 4613 380 4684 speciem
401 4612 537 4667 exhibent
557 4612 706 4666 insularum
728 4612 965 4667 innumerabilium
987 4613 1038 4666 snb
1060 4610 1165 4665 nomine
1186 4603 1422 4660 Malridarum.

74 4698 143 4750 Nam
162 4693 204 4749 ibi
224 4692 279 4748 loci
299 4693 381 4749 sitam
400 4692 485 4748 trisse
506 4692 570 4747 olim
591 4692 789 4762 Taprobanen,
820 4711 856 4747 ex
886 4694 1001 4748 adverso
1032 4690 1136 4744 scilicet
1164 4686 1294 4741 ostiorum
1313 4683 1373 4737 Indi
1393 4690 1423 4738 et

75 4772 254 4847 promontorii
274 4773 346 4829 corii
367 4789 461 4827 versus
482 4772 635 4836 meridiem,
665 4772 747 4827 facile
777 4780 821 4826 est
850 4791 886 4827 ex
913 4770 1119 4842 cosmographis
1141 4774 1171 4822 ot
1191 4766 1310 4821 Diodoro
1330 4764 1421 4818 Siculo

75 4858 206 4929 probare,
238 4872 300 4912 cnm
328 4854 413 4910 etiam
439 4852 468 4908 in
487 4853 605 4909 historia
624 4852 816 4911 ecclesiastiea
835 4854 943 4925 qnidam
969 4849 1148 4923 perhibeatur
1169 4847 1254 4903 brisso
1275 4844 1420 4903 communis
