3368 5534
622 1417 933 1520 Introductio
964 1417 1020 1517 in
1050 1418 1144 1518 boc
1176 1442 1311 1546 opus.

289 1744 495 1827 Durissima
515 1778 572 1825 est
593 1768 695 1823 bodie
716 1768 874 1822 conditio
895 1769 1076 1824 scribendi
1097 1769 1214 1823 libros
1236 1770 1461 1834 mathematicos,
1491 1773 1643 1842 praecipue

290 1853 494 1909 astronomicas.
536 1851 596 1905 Nisi
617 1849 689 1903 enim
709 1850 862 1903 servaveris
884 1850 1033 1921 genuinam
1055 1850 1239 1904 subtilitatem
1266 1852 1498 1921 propositionum,
1526 1853 1642 1906 instruc·

290 1936 405 1997 tionum,
437 1930 712 1993 demonstrationum,
743 1930 960 1994 conclusionum,
991 1932 1063 1985 liber
1084 1948 1137 1984 non
1158 1931 1211 1984 orit
1231 1932 1457 1994 mathematicum
1487 1932 1528 1985 sin
1551 1942 1643 1987 aute·

290 2013 452 2076 servaveris,
474 2013 556 2066 lectio
577 2009 696 2064 efficitur
709 2009 901 2074 morosissime,
922 2011 1087 2079 praesertim
1102 2011 1129 2064 in
1143 2011 1246 2064 Latina
1260 2010 1367 2083 llngua,
1389 2029 1460 2082 quae
1483 2021 1564 2066 carot
1577 2014 1642 2066 arti·

290 2095 357 2149 culis
379 2093 478 2147 stilla
498 2091 601 2163 gratia,
625 2107 706 2160 quam
726 2090 813 2143 babet
834 2092 951 2153 Graeca,
974 2107 1033 2144 curn
1055 2108 1105 2161 por
1125 2091 1208 2162 signa
1229 2092 1355 2146 literaria
1375 2093 1508 2162 loquitur.
1553 2096 1642 2147 Adeo·

289 2193 342 2246 que
363 2173 444 2226 hodie
464 2187 597 2242 perquam
611 2170 693 2241 pauci
708 2178 771 2224 sunt
787 2171 905 2223 lectores
920 2172 1024 2225 idonei:
1047 2172 1131 2225 ceteri
1148 2171 1175 2224 in
1190 2188 1329 2225 commune
1343 2180 1486 2242 respuunt.
1522 2174 1642 2236 Quotus·

289 2254 403 2326 quisque
424 2251 678 2307 mathematicorum
709 2256 767 2315 ost,
799 2250 843 2321 qui
876 2252 978 2306 tolerat
1007 2252 1130 2306 laborem
1159 2252 1321 2324 perlegendi
1350 2254 1502 2325 Apollonii·
1522 2253 1644 2326 Pergaei

289 2334 412 2395 conica?
451 2333 505 2387 Est
526 2340 618 2386 tamen
640 2331 690 2385 illa
710 2332 830 2384 materia
849 2349 886 2385 ex
907 2350 940 2385 eo
962 2348 1051 2386 rerum
1072 2349 1189 2405 genere,
1220 2334 1291 2403 quod
1312 2333 1396 2406 longo
1418 2332 1528 2388 facilius
1550 2334 1643 2406 expri-

288 2416 371 2470 mitur
391 2411 486 2486 tlguris
509 2418 538 2466 et
559 2411 639 2466 lineis
661 2426 742 2483 quam
763 2411 956 2468 astronomica.

368 2495 431 2565 lpse
453 2510 520 2565 ego,
550 2493 595 2562 qui
617 2490 827 2546 mathematicus
848 2492 945 2557 audio,
968 2493 1020 2546 hoc
1039 2508 1128 2546 meum
1156 2508 1225 2562 opus
1250 2491 1377 2562 relegens
1407 2491 1508 2547 fatisco
1538 2494 1642 2548 viribus

289 2575 403 2639 cerebri,
425 2575 487 2626 dum
508 2588 545 2627 ex
566 2574 662 2644 figuris
684 2574 719 2626 ad
740 2578 858 2625 mentem
877 2588 976 2626 revoco
998 2588 1094 2625 sensus
1116 2572 1392 2636 demonstrationum,
1421 2590 1489 2645 quos
1511 2590 1530 2628 a
1551 2582 1642 2628 mente

289 2658 316 2710 in
336 2657 441 2727 ligures
463 2662 492 2707 ot
513 2659 621 2707 textum
643 2654 702 2722 ipse
723 2668 778 2722 ego
797 2652 923 2721 primitus
945 2653 1114 2707 induxeram.
1149 2654 1220 2706 Dum
1241 2652 1328 2724 igitur
1347 2654 1457 2707 medeor
1478 2654 1642 2708 obscuritati

289 2735 421 2791 materiae
443 2734 553 2788 insertis
574 2732 872 2797 circumlocutionibus,
899 2734 959 2803 jam
987 2732 1052 2787 mihi
1073 2732 1211 2787 contrario
1231 2732 1299 2787 vitio
1319 2733 1414 2789 videor
1433 2732 1462 2787 in
1481 2751 1514 2788 re
1533 2735 1642 2790 matbe-

289 2817 391 2872 matica
414 2817 528 2885 loquax.

368 2897 406 2951 Et
424 2896 512 2949 babet
533 2894 594 2963 ipsa
613 2892 697 2946 etiam
717 2893 864 2964 prolixitas
886 2893 1027 2963 phrasium
1041 2909 1118 2948 suam
1132 2891 1329 2947 obscuritatem
1347 2910 1402 2949 non
1415 2892 1547 2949 minorem
1561 2910 1643 2966 quan

221 3041 228 3053 .
287 2977 396 3032 concisa
417 2975 549 3033 brevitas.
592 2975 670 3027 Haec
690 2973 789 3028 mentis
810 2974 904 3028 oculos
926 2973 1036 3047 effugit,
1068 2974 1120 3027 illa
1140 2968 1282 3028 distrahit:
1311 2979 1379 3047 eget
1399 2974 1470 3029 haec
1491 2975 1572 3040 luce,
1593 2972 1643 3030 illa

287 3056 439 3128 splendoris
461 3055 540 3124 copia
562 3053 685 3108 laborat:
708 3053 827 3107 hicnon
847 3060 972 3108 movetur
992 3054 1076 3118 visus,
1097 3052 1155 3108 illic
1175 3053 1260 3122 plane
1280 3062 1458 3109 excoecatur.

365 3138 411 3190 Ex
425 3155 458 3189 eo
474 3133 615 3189 consilium
630 3133 698 3204 copi,
718 3135 835 3204 quadam
851 3134 994 3189 luculenta
1008 3133 1208 3189 introductione
1223 3131 1250 3187 iu
1264 3133 1317 3189 boc
1331 3152 1400 3206 opus
1410 3135 1513 3205 juvare
1527 3142 1640 3207 captum

288 3217 408 3279 lectoris,
435 3216 524 3286 quoad
546 3213 607 3282 ejus
627 3213 686 3267 ficri
707 3213 803 3283 possit.

366 3298 445 3350 lllam
466 3313 531 3350 vero
553 3294 690 3366 geminam
712 3310 773 3346 esse
792 3293 876 3348 solui.
917 3293 1008 3348 Primo
1038 3310 1155 3365 namque
1177 3292 1340 3349 Tabulam
1371 3294 1491 3349 exhibeo
1510 3294 1638 3367 Synop·

287 3379 395 3432 ticam
426 3377 546 3446 capitum
577 3374 640 3429 libri
671 3374 803 3437 omnium,
832 3373 910 3444 cujus
932 3375 1003 3427 hanc
1024 3376 1174 3429 utilitatem
1196 3375 1316 3429 mturam
1337 3374 1480 3437 existimo,
1511 3383 1545 3429 ut
1575 3377 1639 3448 quia

287 3459 406 3513 materia
426 3464 471 3512 est
490 3463 597 3511 remota
618 3470 636 3509 a
656 3453 757 3508 notitia
777 3455 923 3508 multorum
944 3455 1107 3526 terminique
1128 3457 1155 3508 in
1177 3472 1213 3509 ea
1232 3455 1317 3518 varii,
1347 3456 1443 3509 variae
1473 3456 1638 3513 molitiones.

286 3555 389 3610 magua
402 3537 517 3592 invicem
531 3535 715 3599 similitudine,
730 3551 833 3606 magna
847 3534 1013 3607 cognatione
1027 3536 1072 3588 vel
1086 3536 1196 3608 generis
1211 3537 1256 3590 vel
1271 3536 1406 3605 partium:
1428 3537 1537 3591 termini
1553 3536 1639 3609 igitar

287 3636 395 3681 omnes,
426 3617 580 3671 molitiones
610 3632 702 3669 omnes
719 3615 807 3684 juxta
837 3615 950 3669 invicem
979 3615 1088 3685 positae
1116 3631 1224 3685 unoque
1244 3623 1393 3685 conspectu
1414 3617 1638 3686 comprehensae.

288 3696 437 3753 collatione
458 3705 555 3751 mutua
575 3713 637 3749 seso
657 3694 771 3749 invicem
792 3697 936 3768 detegant.
978 3695 1063 3750 Verbi
1084 3712 1186 3751 causa:
1217 3696 1335 3767 Disputo
1356 3699 1389 3750 do
1411 3697 1502 3750 causis
1523 3708 1638 3751 natura·

288 3779 369 3841 libus,
391 3793 462 3847 quae
484 3778 630 3847 ignoratae
645 3784 797 3846 coegerunt
811 3782 928 3839 veteres,
949 3781 981 3829 ut
995 3776 1125 3830 circulum
1140 3784 1305 3846 aequantem
1319 3794 1368 3830 sou
1389 3786 1519 3847 punctum
1533 3794 1636 3849 aequa·

288 3860 386 3912 terium
407 3865 551 3926 ponerent.
592 3857 621 3909 ld
643 3863 736 3909 autern
757 3855 828 3910 facio
848 3856 953 3908 duobus
976 3855 1056 3920 locis,
1088 3858 1215 3927 partibus
1243 3857 1349 3911 scilicet
1370 3858 1454 3911 tertia
1474 3866 1504 3911 et
1525 3869 1635 3929 quarta.

288 3938 390 3993 Lector
410 3953 523 3990 versans
546 3936 572 3989 in
593 3936 646 3990 hac
667 3936 784 3991 lectione
810 3943 891 4006 parte
917 3935 1001 3990 tertia
1021 3943 1121 4007 putare
1142 3944 1237 4008 posset
1257 3938 1374 4007 mejam
1394 3954 1481 4010 agere
1495 3939 1637 4011 negotium

289 4018 497 4088 inaequalitatis
518 4016 639 4086 primae,
671 4033 741 4086 quae
770 4017 841 4071 inest
862 4016 1033 4089 singulorum
1053 4018 1228 4089 planetarum
1250 4019 1367 4072 motibus
1389 4019 1510 4075 seorsim
1552 4018 1637 4090 Atqui

288 4099 359 4153 llaec
379 4098 496 4152 conditio
518 4097 595 4150 valet
615 4099 721 4151 demum
742 4105 822 4167 parte
844 4106 952 4166 quarta.
994 4097 1090 4151 Tertia
1109 4115 1174 4151 vero
1195 4105 1291 4167 parte,
1322 4106 1354 4152 ut
1375 4101 1502 4170 synopsis
1524 4099 1637 4161 indicat,

288 4182 321 4232 de
343 4179 390 4231 illo
412 4184 550 4248 aequante
565 4177 682 4246 disputo,
705 4178 751 4247 qui
765 4179 816 4231 sub
831 4177 937 4231 nomine
955 4177 1162 4247 inaequalitatis
1177 4181 1313 4231 secundae
1328 4179 1505 4234 communiter
1520 4181 1637 4235 omnium

287 4260 462 4330 planetarum
484 4265 573 4310 motus
594 4258 687 4311 variat
706 4266 735 4311 et
756 4257 884 4328 primario
905 4257 932 4311 in
954 4258 1015 4327 ipsa
1036 4258 1107 4312 Solis
1129 4259 1237 4312 theoria
1250 4268 1359 4330 regnat.
1398 4259 1469 4312 lluic
1490 4260 1578 4333 igitur
1598 4260 1636 4314 rei

289 4340 483 4393 discernendae
506 4339 607 4391 serviet
628 4339 774 4409 synoptica
795 4338 900 4391 tabula.

368 4419 469 4473 Verum
490 4418 561 4471 euim
584 4434 704 4473 verone
726 4418 852 4489 synopsis
884 4417 990 4488 quidem
1021 4433 1112 4472 omnes
1143 4436 1178 4472 ex
1207 4434 1295 4490 aequo
1312 4419 1403 4487 jurat.
1444 4420 1535 4474 Erunt
1556 4420 1635 4483 eain.

290 4499 387 4572 quibus
409 4500 478 4553 baec
499 4499 597 4552 tabula
618 4498 714 4568 (quam
734 4515 788 4569 ego
809 4515 858 4568 pro
873 4499 919 4552 filo
934 4498 1053 4553 exbiboo
1068 4500 1103 4552 ad
1116 4501 1289 4553 remeandum
1304 4518 1340 4554 ex
1355 4499 1446 4570 operis
1461 4496 1637 4572 labyrintho)

289 4583 359 4634 uodo
381 4580 481 4635 Gordio
502 4577 656 4632 intricatior
681 4579 825 4632 videbitur.
867 4580 898 4632 ln
925 4597 1018 4634 eorum
1046 4579 1131 4652 igitur
1157 4581 1278 4651 gratiam
1305 4581 1393 4635 multa
1419 4580 1464 4635 bic
1490 4581 1519 4635 iu
1546 4581 1637 4635 trouu

290 4660 418 4715 collocari
440 4661 542 4712 debent
562 4657 719 4720 acervatim,
742 4675 812 4728 quae
833 4659 935 4728 partim
954 4677 1005 4730 por
1026 4676 1094 4728 opus
1115 4660 1240 4730 dispersa
1264 4678 1316 4715 non
1338 4662 1379 4715 ita
1399 4662 1481 4715 facile
1503 4661 1530 4716 in
1545 4670 1636 4717 uus·

291 4756 370 4793 cursu
393 4741 652 4794 animadvertentur.
693 4739 832 4809 Detegam
854 4748 945 4793 autom
968 4741 993 4793 in
1015 4740 1135 4810 gratiam
1156 4742 1325 4811 potissimum
1346 4759 1452 4807 eorum,
1484 4743 1530 4814 qui
1550 4742 1635 4814 plty·

289 4819 392 4874 sicam
414 4820 577 4891 profitentur
597 4819 696 4890 quique
717 4818 815 4886 milri,
838 4818 890 4875 imo
904 4836 969 4874 vero
984 4821 1026 4874 Co
1033 4821 1176 4891 pernico
1191 4823 1314 4893 sdeoqua
1328 4825 1506 4879 vetustati
1521 4823 1634 4879 ultimae
