3368 5534
294 298 358 368 171
773 302 813 354 oa
831 302 938 354 00000
957 301 1050 354 mursa
1068 300 1157 361 unos

289 480 348 548 bio,
378 481 538 539 ecoeutriois
569 481 741 541 cmm‘bnaiu
768 484 835 538 orbe
865 501 918 538 uno
938 482 1011 539 Solia
1039 483 1236 538 circumductis.
1277 480 1372 552 801000
1392 486 1488 536 tamen
1517 480 1597 559 10000
1616 478 1645 534 in

289 563 368 618 coelo
382 579 413 617 re
427 563 491 634 ipra
509 570 626 634 uterque
640 563 778 636 relinquit.
795 563 962 634 Cupernieua
976 580 1030 618 uuo
1044 571 1121 619 motu
1135 580 1226 619 annuo
1240 562 1344 618 Telluri
1358 560 1497 618 attributo
1511 561 1645 632 planetu

288 658 382 698 omnes
411 642 492 715 spiris
523 642 599 698 bisce
629 644 845 715 perplexissimia
876 645 983 700 omnino
1012 643 1129 715 spoliat,
1160 645 1290 714 01000100
1319 642 1445 715 singulos
1466 640 1495 697 in
1515 640 1645 713 ringula·

287 721 452 778 audierimus
466 722 572 778 orbitas
586 740 667 796 quam
681 723 806 795 proxime
821 725 969 780 circulares
984 724 1122 789 inducens,
1145 724 1227 796 quam
1247 739 1330 777 uuam
1343 730 1374 777 et
1386 723 1505 778 eandem
1524 721 1644 777 orbitam

287 803 364 858 11000
386 801 447 873 jum
471 803 543 859 dioto
568 803 699 875 temporis
725 804 817 876 spatio
838 806 922 860 toties
942 803 1090 876 percurrit,
1119 812 1186 877 quot
1205 802 1251 859 hic
1270 803 1346 857 videt
1374 801 1494 857 00001100
1522 801 1644 855 intorta

287 898 384 937 rursus
405 890 536 949 centrum,
559 900 615 940 una
634 885 706 955 plns,
727 892 799 956 puta
818 885 921 950 novies,
944 888 1005 940 dum
1026 885 1135 939 interim
1155 883 1249 939 Tellus
1271 898 1349 938 suurn
1373 882 1504 939 circulum
1525 881 1646 937 00000011

288 960 419 1019 sedamen.
694 988 696 993 ·

376 1040 508 1103 Rursum
531 1048 632 1105 autem
655 1042 895 1107 animadversum
917 1054 974 1120 001,
998 1043 1053 1105 hos
1071 1041 1304 1123 uniuscujusque
1327 1041 1470 1122 01000100
1492 1040 1645 1120 spirarum

195 1184 198 1192 ,
288 1129 431 1193 0011οο100
454 1130 485 1192 10
510 1130 638 1193 dirersis
670 1131 785 1194 zodiaci
813 1133 909 1213 signis
934 1152 1000 1194 esse
1024 1132 1218 1211 inaequales3
1251 1139 1285 1192 ut
1307 1128 1416 1193 alicubi
1439 1130 1568 1209 planeta
1588 1147 1646 1210 per

287 1218 452 1300 longiorem
475 1237 577 1288 arcum
599 1220 714 1282 zodiaci
737 1223 950 1297 retrocederet,
985 1216 1094 1284 alicubi
1118 1239 1171 1301 per
1193 1219 1375 1293 breviorem,
1404 1216 1469 1299 jam
1493 1217 1641 1299 longiore,

282 1307 349 1388 jam
371 1307 506 1370 breviore
529 1309 674 1392 temporis
696 1310 816 1390 spatio:
841 1329 896 1373 000
911 1310 990 1373 idem
1013 1317 1157 1391 perpetuo
1171 1308 1339 1388 retrogradi
1363 1307 1505 1388 planetae
1520 1306 1644 1369 luminis

286 1396 516 1460 incrementum:
550 1399 656 1480 quodsi
685 1408 822 1478 tempora
851 1409 882 1462 et
910 1400 976 1462 loca
1008 1400 1086 1462 iuter
1113 1398 1228 1460 medios
1251 1407 1471 1460 retrocessuum
1495 1395 1644 1458 articulos

287 1493 541 1567 computarentur,
560 1506 656 1568 neque
671 1496 807 1568 tempora
820 1489 1004 1569 temporibus
1019 1507 1114 1568 neque
1129 1506 1216 1550 arcus
1235 1487 1363 1549 arcubus
1377 1493 1466 1549 erant
1485 1484 1642 1566 aequales,

286 1593 381 1656 neque
404 1593 538 1657 quaeque
561 1585 698 1657 tempora
721 1577 784 1638 suis
807 1578 934 1640 arcubus
957 1578 1063 1639 eadem
1086 1575 1279 1657 proportione
1301 1574 1549 1656 respondebant:
1571 1582 1642 1635 erat

260 1707 270 1725 ..
285 1673 387 1725 tamen
418 1663 575 1745 uuicuique
606 1666 748 1745 01000100
780 1675 894 1728 certum
924 1665 1040 1747 signum
1072 1665 1203 1740 zodiaci,
1236 1684 1336 1747 aquo
1364 1663 1450 1746 signo
1478 1682 1575 1745 usque
1600 1662 1640 1723 ad

285 1752 455 1833 oppositum
478 1771 533 1832 per
554 1762 710 1835 utmruque
733 1756 948 1818 semicirculum
971 1755 1071 1817 omnia
1091 1754 1154 1817 ista
1176 1755 1346 1817 successive
1369 1753 1570 1834 angebantur.

370 1838 425 1903 Ex
458 1841 564 1920 quibus
596 1843 857 1906 observationibus
884 1845 1068 1906 intellectum
1101 1853 1166 1919 eet,
1199 1845 1274 1905 duas
1297 1841 1535 1923 inaequalitates
1559 1840 1641 1921 apud

291 1947 527 2011 unumquemque
549 1933 703 2011 planetam
726 1933 757 1995 iu
781 1953 870 1995 unum
893 1935 1044 2009 conlundi,
1069 1953 1191 2014 quarum
1207 1934 1288 2014 prior
1302 1951 1368 1995 cunr
1382 1931 1480 1994 reditu
1494 1931 1641 2013 planetae

287 2019 326 2080 nd
348 2018 427 2080 idem
450 2019 564 2082 zodiaci
588 2021 715 2100 siguum,
740 2023 838 2085 altera
860 2042 925 2086 cum
950 2023 1047 2085 reditu
1070 2021 1154 2085 80110
1178 2023 1215 2084 ad
1238 2023 1392 2104 planetam
1415 2021 1639 2082 restitueretur.

287 2108 404 2172 Harum
433 2107 533 2190 itaque
563 2109 811 2190 inaequalitatum
851 2131 961 2175 causae
1001 2120 1033 2174 et
1064 2130 1222 2174 mensuras
1259 2109 1437 2191 investigari
1467 2109 1559 2171 aliter
1581 2126 1640 2170 nou

287 2205 441 2279 poterant,
466 2198 523 2260 uisi
547 2208 762 2279 separarentur
788 2202 931 2264 confusae
962 2201 1195 2282 inaequalitates
1218 2200 1413 2281 singulaeque
1436 2198 1566 2261 seorsim
1589 2197 1639 2259 in·

287 2286 486 2367 spicereutur.
532 2287 722 2351 Ceusuemut
749 2289 853 2370 igitur,
887 2292 925 2353 ab
948 2291 1166 2371 inaequalitate
1189 2290 1288 2369 prima
1311 2287 1525 2368 incipiendum,
1561 2286 1639 2367 quod

286 2384 371 2437 00001
394 2375 581 2459 constantior
604 2388 636 2438 et
657 2380 826 2459 expeditior
834 2399 843 2454 ;
867 2388 902 2443 ut
924 2381 1009 2460 cujus
1033 2379 1199 2459 exemplum
1227 2379 1257 2441 in
1281 2376 1363 2440 Solis
1387 2386 1469 2438 motu
1485 2375 1639 2446 ridebant,

286 2464 338 2546 qui
359 2463 448 2525 alteri
471 2464 679 2546 inaequalitati
704 2487 761 2530 uou
786 2476 852 2533 erat
875 2462 1073 2542 obnoxius.*)
1111 2469 1152 2530 Ut
1174 2467 1266 2547 igitur
1289 2461 1328 2528 ab
1350 2465 1408 2528 hac
1430 2465 1531 2545 prima
1553 2465 1639 2525 inae·

289 2553 438 2634 qualitate
470 2555 632 2617 secundam
663 2567 855 2638 separarent,
883 2559 973 2621 aliter
995 2577 1052 2619 nou
1076 2566 1215 2637 potuere,
1249 2574 1337 2638 quam
1362 2553 1387 2616 01
1411 2554 1639 2616 considerarent

286 2641 429 2724 planetus
465 2641 502 2705 iis
525 2642 681 2721 noctibus,
718 2667 842 2730 qoamm
870 2648 899 2711 iu
922 2646 1077 2728 principiis
1107 2647 1241 2709 00100100
1264 2643 1420 2708 occidente
1444 2641 1533 2716 Sole3
1566 2660 1639 2722 quos

286 2728 457 2813 ἀκρωνχιες
480 2733 685 2814 appellabant.
724 2737 804 2800 Nam
818 2737 889 2818 quia
902 2736 1076 2817 praeseutia
1090 2743 1120 2798 01
1134 2736 1303 2815 conjunctio
1319 2732 1401 2796 Solis
1420 2733 1503 2813 ipsos
1518 2743 1639 2814 praeter

286 2838 399 2883 morem
422 2821 589 2898 accelerat,
622 2825 771 2904 oppositio
795 2824 877 2888 Solis
900 2825 992 2889 etiam
1015 2826 1044 2887 iu
1068 2825 1248 2887 contrarium
1273 2823 1373 2897 ducit3
1405 2832 1487 2885 certe
1512 2830 1639 2884 anteat

298 2917 370 2990 post
392 2909 447 2971 hos
471 2910 614 2974 articulos
636 2914 760 2979 multum
776 2935 791 2976 e
807 2916 870 2977 suis
893 2914 977 2990 locis,
1002 2933 1075 2996 quoe
1089 2922 1178 2976 eraut
1187 2912 1441 2994 repraesentaturi
1452 2931 1506 2993 per
1515 2911 1639 2991 primam

292 2997 560 3080 inaequalitatem,
593 3011 777 3066 amoventur.
833 3006 867 3067 In
892 3004 1027 3065 articulis
1054 3021 1126 3082 ergo
1149 3002 1223 3083 ipsis
1247 2999 1464 3083 conjunctionis
1487 3009 1522 3061 et
1542 3018 1638 3081 oppo·

287 3086 409 3150 sitiouis
443 3107 508 3151 cum
541 3088 612 3152 8010
655 3091 708 3154 1110
740 3092 807 3172 ipsa
839 3113 895 3155 sua
927 3093 995 3154 loca
1027 3100 1194 3153 transeunt.
1257 3092 1291 3153 lu
1324 3088 1536 3170 conjunctione
1571 3108 1638 3151 rero

289 3175 373 3239 Solis
410 3195 476 3239 cum
508 3177 589 3240 cerui
624 3190 793 3261 nequeant,
831 3181 1008 3262 relinquitur
1039 3181 1105 3242 sola
1142 3180 1291 3261 oppositio
1320 3198 1387 3242 cunr
1419 3177 1494 3241 8010
1528 3177 1638 3242 idonea

287 3265 356 3328 huic
380 3266 433 3328 rei.

377 3352 451 3417 Cum
466 3364 566 3417 autem
586 3356 663 3419 alius
678 3357 718 3419 sit
737 3360 851 3421 medius
871 3367 969 3422 motus
990 3358 1081 3433 Solis,
1104 3357 1180 3421 alius
1194 3352 1413 3439 apparens,**)
1437 3374 1474 3417 eo
1489 3356 1569 3437 quod
1585 3352 1636 3420 Sol

290 3443 382 3506 etiam
415 3443 456 3505 sit
478 3445 625 3507 obnoxius
647 3447 856 3528 inaequalitati
879 3448 1007 3530 primae,
1047 3448 1140 3527 igitur
1162 3447 1329 3528 quaeritur,
1369 3444 1507 3526 quisnam
1536 3447 1635 3507 bomrn

290 3543 383 3595 exuat
405 3533 546 3613 planetas
569 3533 784 3615 inaequalitate
808 3540 958 3612 secunda,
983 3548 1014 3600 et
1038 3548 1134 3600 utrum
1158 3537 1299 3617 planetae
1323 3535 1385 3597 sint
1405 3532 1587 3616 inspiciendi
1609 3534 1635 3596 iu

288 3621 476 3704 oppositione
513 3642 579 3685 cnm
616 3628 774 3706 apparenti
798 3648 835 3689 au
860 3648 925 3690 cum
950 3627 1047 3690 medio
1073 3627 1137 3689 loco
1160 3624 1252 3688 Solis.
1289 3624 1483 3687 Ptolemaeus
1505 3625 1634 3688 medium

289 3720 399 3773 motum
427 3711 539 3792 elegit;
574 3714 653 3794 quod
683 3715 860 3791 discrimen,
890 3718 916 3778 si
945 3717 1023 3797 quod
1051 3717 1093 3777 011
1120 3715 1198 3778 iuter
1227 3714 1451 3793 usurpationem
1475 3714 1567 3777 medii
1591 3714 1638 3777 rel

287 3799 461 3883 apparentis
479 3808 583 3865 motus
597 3800 689 3876 Solis,
713 3805 973 3869 obseruationibus
997 3813 1134 3867 censeret
1156 3803 1337 3887 deprehendi
1360 3822 1417 3867 nou
1432 3820 1537 3882 porse,
1556 3804 1639 3867 lieret

286 3907 358 3951 vero
383 3889 478 3950 forma
500 3890 606 3953 calculi
631 3901 662 3953 01
685 3893 972 3957 demonstrationum
997 3895 1137 3974 expedita
1160 3901 1304 3973 usurpato
1327 3899 1409 3955 motu
1427 3889 1513 3955 Solis
1527 3891 1635 3956 medio.

287 3978 493 4041 Ptolemaeum
525 3978 708 4061 Copernicus
746 3993 777 4045 et
799 3983 900 4067 Tycho
938 3983 967 4044 in
1005 3983 1067 4044 suis
1103 3981 1389 4044 transsumtionibue
1425 3989 1497 4042 suut
1528 3981 1635 4044 000011.

286 4065 369 4148 Ego,
395 4075 428 4127 ut
450 4066 544 4131 babes
568 4070 596 4131 iu
611 4070 759 4153 Mysterio
782 4092 848 4134 meo
874 4072 1128 4152 cosmographico
1152 4091 1216 4152 cap.
1241 4070 1320 4146 XV,
1349 4076 1458 4143 (Vel-l.
1485 4092 1511 4143 a
1535 4075 1587 4129 tet
1603 4078 1637 4141 ι.)

288 4161 486 4237 apparentem
519 4158 616 4220 locum
648 4170 681 4222 01
710 4162 805 4241 ipsum
830 4162 912 4225 Solis
940 4180 1048 4241 corpus
1071 4179 1124 4240 pro
1147 4170 1229 4223 meta
1252 4167 1372 4223 statuo:
1396 4158 1487 4240 idque
1510 4159 1638 4223 demon·

289 4243 496 4320 strationibus,
520 4247 619 4326 operis
643 4262 728 4329 parte
753 4263 860 4332 quarta
884 4260 916 4313 et
939 4251 1044 4330 quinta
1067 4250 1276 4332 sequentibus,
1302 4249 1446 4311 evincam.

374 4333 463 4396 Prius
491 4343 590 4396 tamen
619 4339 676 4400 hac
706 4351 792 4419 parte
816 4341 911 4421 prima
934 4340 1161 4412 demonstrabo,
1199 4339 1275 4422 quod
1308 4339 1351 4414 is,
1389 4336 1439 4419 qui
1461 4355 1517 4418 pro
1540 4336 1638 4400 medio

286 4462 544 4476 —w·

375 4525 403 4600 ⁶)
424 4528 472 4586 Sol
492 4531 581 4585 babet
600 4550 683 4590 unam
704 4537 790 4591 001000
815 4537 1043 4610 inaequalitatem
1070 4543 1197 4609 respectu
1225 4536 1368 4608 temporis,
1394 4535 1470 4592 10100
1494 4539 1568 4610 00001
1587 4538 1641 4597 illa

288 4613 448 4669 absolvitur.
491 4612 561 4666 Nam
581 4618 651 4685 quod
673 4632 771 4671 causas
792 4617 1001 4689 inaequalitatis
1028 4619 1110 4689 hujus
1141 4617 1259 4682 attinet,
1290 4618 1356 4673 11100
1377 4619 1450 4673 duae
1469 4631 1641 4677 0000001001

288 4704 345 4751 tau
366 4693 394 4749 iu
412 4692 478 4748 8010
497 4709 580 4765 quarn
599 4695 628 4749 iu
647 4697 759 4767 reliquis
779 4699 910 4768 planetis,
933 4708 964 4753 ut
984 4699 1057 4753 iufra
1076 4700 1191 4754 dicetur.

375 4767 419 4842 ⁸)
438 4778 585 4845 apparens
605 4776 678 4831 80110
699 4778 775 4831 10000
796 4786 841 4833 001
860 4779 993 4850 is,·quem
1013 4780 1062 4835 801
1083 4797 1133 4850 000
1152 4778 1379 4851 inaequalitatem
1399 4794 1479 4835 00010
1499 4797 1638 4855 aarum

288 4854 1435 4939 ωο01100.110010000110,00001000000001,0110000001110100000010001
