3368 5534
165 289 231 359 304
640 292 681 345 De
699 291 806 343 Motibus
830 288 924 342 Stellae
941 288 1030 343 Martis

161 472 239 534 lucis
261 470 464 534 illustratione
487 468 643 532 contirudit
666 479 697 532 et
726 469 847 532 tertium
871 468 1023 550 quippiam
1046 469 1143 532 efficit
1190 471 1239 532 lua
1264 469 1363 533 virtus
1390 488 1517 533 movens

161 559 192 624 in
215 579 300 624 mora
322 580 382 622 nou
405 568 462 634 est,
487 559 556 642 quin
579 559 720 641 planetae
743 567 831 622 tanta
846 559 988 621 celeritas
1002 559 1125 632 existat,
1150 566 1293 640 quautam
1315 558 1385 640 ipsa
1406 558 1515 622 babet:

162 657 195 712 at
216 670 275 712 nou
298 649 366 712 ideo
389 657 484 737 tanta·
501 657 550 710 est
570 649 710 729 planetae
733 648 884 722 celeritas,
908 655 1093 730 repugnante
1116 649 1166 710 vel
1189 648 1386 723 intermedio,
1409 667 1516 729 nempe

162 759 253 802 aurae
269 739 430 801 aethereae
446 739 573 800 materia
588 738 795 819 qualicunque,
815 738 863 800 vel
882 737 1081 817 dispositione
1105 736 1226 800 mobilis
1248 737 1345 818 ipsius
1369 737 1411 799 ad
1429 737 1516 819 quie·

161 836 223 890 tem
247 827 315 902 (alii
329 827 473 902 dicerent,
496 827 637 909 pondere,
661 846 707 889 me
731 847 791 889 non
815 826 992 908 simpliciter
1013 827 1171 908 probante,
1193 826 1370 908 nequidem
1388 845 1457 889 cum
1479 825 1516 887 de

162 919 258 980 Terra
280 915 412 998 agitur);
447 935 572 997 quarum
593 935 693 978 rerum
722 915 997 997 contemperatione
1020 934 1088 979 cum
1116 914 1254 978 metricis
1275 915 1402 978 virtutis
1423 913 1516 979 moli·

162 1006 294 1069 tionibus
317 1005 442 1070 efficitur
464 1004 650 1089 periodicum
671 1006 813 1088 planetae
837 1012 963 1087 tempus.

747 1237 843 1246 »anau—-
850 1235 932 1244 ..aa-o·

670 1416 790 1515 Caput
827 1411 1009 1489 XXXIV.

317 1578 438 1660 corpas
461 1573 549 1638 Solia
571 1595 638 1638 ease
658 1575 878 1657 magnetioom,
901 1581 932 1637 et
951 1575 988 1638 in
1009 1593 1067 1637 auo
1089 1572 1195 1657 spatio
1217 1575 1364 1638 mamerti.

253 1718 300 1780 De
316 1716 371 1778 illa
393 1717 493 1799 itaque
509 1716 621 1780 virtute
635 1716 775 1792 diximus,
799 1735 874 1798 quae
890 1735 1018 1797 corpora
1038 1717 1228 1798 planetarum
1242 1716 1379 1798 proxime
1394 1715 1518 1797 attingit

168 1812 199 1868 et
220 1805 325 1879 trahit,
350 1806 496 1887 quomodo
513 1815 696 1887 comparata,
720 1807 868 1888 quomodo
892 1806 949 1868 luci
972 1813 1102 1887 cognata
1125 1805 1175 1880 sit,
1199 1805 1324 1887 etquid
1347 1805 1392 1868 sit
1409 1805 1442 1868 iu
1464 1825 1517 1867 suo

167 1915 235 1957 esse
257 1896 473 1978 metaphysico.
520 1895 676 1977 Sequitur,
700 1906 733 1958 ut
756 1895 852 1958 indice
877 1897 933 1958 hac
956 1896 1104 1958 defluente
1128 1895 1227 1976 specie
1250 1898 1320 1970 (ceu
1343 1894 1517 1976 archetypo,

167 1983 312 2065 imagine)
336 1985 433 2063 ipsam
448 1984 539 2047 etiam
560 1984 738 2066 penitiorem
761 1984 854 2047 ioutis
870 1993 1009 2047 naturam
1027 1984 1269 2063 contemplemur.
1308 1982 1418 2047 Videri
1432 2003 1518 2047 uam·

167 2092 224 2155 que
256 2073 363 2152 possit,
397 2073 427 2135 iu
458 2093 582 2155 corpore
605 2073 689 2137 Solis
720 2074 842 2138 latitare
874 2073 1006 2136 divinum
1038 2073 1202 2155 quippiam⁴
1222 2081 1254 2137 et
1284 2073 1518 2153 comparandum

169 2161 286 2225 animae
310 2171 448 2237 nostrae,
479 2182 517 2225 ex
547 2183 605 2243 quo
629 2163 729 2226 effluat
759 2163 875 2245 species
897 2164 958 2225 ista
988 2164 1127 2244 planetas
1150 2162 1372 2242 circumagens,
1404 2160 1451 2223 uti
1482 2179 1517 2222 ex

99 2279 103 2293 ·
168 2250 269 2313 anima
286 2250 452 2330 jaculantis
484 2251 606 2332 lapillos
630 2252 748 2333 species
771 2262 870 2316 motus
893 2253 923 2315 in
947 2252 1061 2333 lapillis
1083 2252 1291 2326 adhaerescit,
1323 2271 1384 2334 qua
1405 2269 1517 2332 prore-

166 2340 278 2402 buutur
301 2339 361 2415 illi,
394 2341 485 2403 etiarn
514 2361 579 2403 curu
610 2343 659 2423 qui
687 2342 841 2422 jaculatus
870 2350 919 2403 est
949 2361 1069 2404 manum
1091 2342 1129 2404 ab
1161 2340 1224 2402 illis
1247 2340 1377 2403 reduxit
1424 2339 1518 2421 Atqui

168 2428 268 2491 sobrie
291 2429 551 2508 progredientibus
573 2432 663 2512 paulo
686 2432 765 2495 aliae
789 2431 991 2511 cogitationes
1016 2429 1295 2511 suppeditabuutur.
1340 2430 1422 2492 Nam
1451 2427 1519 2511 quia

168 2517 265 2580 virtus
287 2516 343 2579 illa
365 2537 403 2580 ex
417 2518 490 2583 Sole
513 2519 551 2580 ad
574 2520 715 2601 planetas
738 2529 917 2601 exporrecta
940 2520 969 2582 iu
993 2538 1099 2602 gyrum
1121 2520 1192 2582 illos
1215 2525 1317 2582 movet
1338 2518 1422 2581 circa
1436 2516 1518 2582 Solis

169 2625 278 2687 corpus
301 2606 578 2689 intransportabiie,
602 2610 666 2672 fieri
689 2609 721 2671 id
743 2617 796 2671 aut
817 2608 1001 2690 cogitatione
1016 2607 1229 2689 comprehendi
1251 2607 1333 2670 nullo
1349 2607 1411 2669 alio
1430 2606 1518 2670 modo

167 2702 279 2777 potest,
304 2715 392 2777 quam
415 2698 485 2771 hoc,
515 2704 548 2759 ut
570 2698 666 2761 virtus
690 2698 814 2761 eandem
838 2699 918 2761 viam
942 2707 1005 2772 eat,
1034 2718 1122 2779 quam
1145 2697 1224 2760 alios
1250 2696 1392 2778 planetas
1415 2714 1518 2758 omnes

169 2783 296 2865 abripit:
328 2786 408 2866 quod
431 2794 463 2847 et
485 2786 515 2849 iu
537 2787 669 2851 ballistis
693 2797 725 2851 et
748 2788 884 2851 omuibus
907 2788 1037 2851 motibus
1060 2787 1203 2849 violentis
1225 2806 1263 2848 ex
1285 2794 1373 2865 parte
1396 2803 1519 2848 cernere

169 2881 227 2936 est
271 2872 342 2959 'Quo
371 2882 462 2955 pacto
484 2877 750 2940 Fracastorius
778 2877 888 2958 aliique
912 2896 950 2940 ex
977 2877 1075 2940 relatu
1096 2875 1317 2958 Aegyptiorum
1344 2874 1521 2938 vetustissi-

169 2981 283 3025 tuorum
305 2962 484 3026 verisimilia
506 2964 587 3026 baud
603 2966 743 3041 dixerint,
766 2967 831 3028 fore
854 2975 888 3028 ut
908 2967 1098 3048 planetarum
1116 2965 1219 3046 aliqui,
1243 2963 1350 3026 orbitis
1372 2962 1520 3045 paulatim

169 3051 250 3115 ultra
272 3051 361 3133 polos
383 3053 484 3115 muudi
508 3054 649 3131 deflexis,
682 3055 763 3117 viam
794 3064 903 3136 postea
932 3061 1005 3117 eant
1026 3053 1136 3117 ceteris
1160 3061 1192 3116 et
1217 3051 1360 3115 moderno
1388 3052 1520 3134 ipsomm

169 3140 269 3205 cursui
286 3141 475 3205 contrarium.
514 3141 595 3214 Quin
616 3144 718 3226 potius
739 3144 823 3206 illam
846 3145 877 3206 in
899 3145 1021 3226 plagam
1044 3143 1177 3206 feruutur
1192 3161 1319 3223 corpora
1331 3142 1521 3223 planetarum

170 3240 324 3312 perpetuo,
347 3230 378 3293 in
402 3250 491 3311 quarn
512 3231 609 3294 virtus
631 3233 693 3295 ista
715 3252 753 3295 ex
776 3233 848 3297 Sole
871 3252 1013 3295 emanans
1036 3232 1199 3295 contendit

260 3319 336 3384 Cum
360 3328 460 3393 autem
483 3321 599 3401 speeies
621 3321 696 3384 baec
720 3322 921 3385 immateriata
944 3320 1000 3397 sit,
1028 3321 1091 3384 siue
1114 3319 1260 3401 temporis
1282 3338 1368 3382 mora
1390 3338 1430 3382 ex
1453 3339 1520 3384 cor·

170 3427 242 3489 pore
266 3428 320 3470 suo
343 3402 473 3471 iu'bauc
488 3409 664 3473 distantiam
688 3430 821 3492 egressa,
846 3422 876 3474 et
899 3411 958 3474 luci
981 3430 1035 3492 per
1050 3411 1149 3474 omnia
1171 3408 1288 3490 reliqua
1310 3408 1438 3485 similia,
1463 3428 1519 3473 nou

171 3504 289 3560 tautum
310 3516 435 3560 necesse
458 3506 566 3562 estex
589 3507 697 3563 natura
720 3501 848 3581 speciei,
878 3501 932 3563 sed
956 3501 1047 3563 etiam
1069 3519 1123 3581 per
1145 3519 1178 3561 se
1202 3497 1357 3579 probabile
1381 3498 1420 3561 ob
1444 3499 1520 3563 hauc

171 3586 380 3667 cognationem
395 3607 461 3650 cum
485 3588 561 3664 luce,
584 3597 696 3651 utrum
711 3590 845 3670 corporis
869 3609 921 3652 seu
947 3590 1039 3651 fontis
1063 3590 1107 3651 sui
1130 3587 1288 3669 particulis
1304 3594 1336 3649 et
1357 3586 1427 3668 ipsa
1441 3588 1520 3652 diui·

171 3677 268 3749 datur,
293 3685 324 3737 et
342 3696 431 3756 quam
454 3677 484 3738 iu
505 3679 629 3758 plagam
642 3679 742 3741 mundi
768 3680 867 3759 vergit
880 3699 938 3741 uua
956 3678 1057 3759 aliqua
1079 3677 1229 3759 particula
1242 3676 1378 3757 corporis
1392 3675 1520 3752 Solaria,

171 3765 201 3828 in
219 3765 343 3857 eandem
361 3765 483 3846 plagam
504 3776 648 3850 perpetuo
665 3776 771 3848 vergat
789 3769 880 3831 etiam
897 3767 1046 3849 particula
1063 3767 1173 3849 speciei
1193 3763 1424 3841 immateriatae,
1444 3786 1520 3849 quae

172 3854 217 3917 illi
232 3855 398 3936 pulticulae
414 3856 548 3936 corporis
563 3858 601 3919 ab
615 3857 700 3919 initio
716 3858 879 3920 creationis
892 3854 1102 3938 respondebat
1136 3855 1204 3919 Nisi
1219 3855 1275 3917 hoc
1290 3863 1384 3932 esset,
1402 3855 1521 3938 species

174 3963 233 4006 uon
255 3952 352 4035 esset,
371 3962 431 4021 neq
446 3945 540 4013 rectis
564 3947 618 4007 sed
641 3946 740 4009 curvis
763 3947 852 4009 lineis
875 3967 895 4007 a
917 3965 1040 4027 corpore
1064 3945 1261 4008 delaberetur.
1309 3942 1418 4026 Specie
1433 3964 1520 4027 ergo

171 4041 256 4096 mota
278 4032 439 4115 ingyrum,
458 4040 495 4096 ut
515 4052 552 4099 eo
567 4044 649 4098 motu
672 4043 784 4097 mutum
802 4035 932 4116 planetis
957 4036 1075 4109 inierat,
1099 4052 1207 4113 corpus
1226 4032 1308 4096 Solis
1331 4052 1385 4096 seu
1408 4034 1520 4099 ronan

173 4141 232 4185 una
254 4121 367 4184 moveri
390 4140 514 4187 necesse
526 4132 589 4200 αα
615 4145 674 4186 nou
698 4123 816 4205 quidem
830 4125 866 4186 de
891 4125 990 4204 spatio
1004 4124 1033 4187 in
1058 4123 1188 4205 spatium
1211 4121 1326 4185 muudi:
1351 4123 1416 4187 dixi
1432 4126 1520 4203 euim,

172 4230 220 4275 me
243 4211 274 4273 id
297 4230 405 4292 corpus
428 4210 512 4274 Solis
535 4233 601 4275 cum
626 4212 795 4294 Copernico
824 4213 854 4276 in
878 4222 981 4277 centro
1005 4213 1106 4277 muudi
1127 4212 1314 4293 relinquere:
1345 4210 1402 4275 aed
1432 4206 1522 4296 sopri

173 4321 227 4365 suo
251 4307 354 4363 centro
378 4320 430 4363 seu
454 4318 512 4364 axe
536 4301 752 4376 immobilibus,
775 4303 913 4384 partibus
938 4302 1002 4384 ejus
1026 4300 1062 4363 de
1086 4301 1152 4364 loco
1176 4301 1206 4363 in
1229 4301 1326 4363 locum
1345 4301 1393 4375 (iu
1416 4304 1521 4367 eodem

173 4399 273 4454 tamen
296 4389 397 4471 spatio
419 4400 483 4452 toto
505 4408 631 4473 corpore
654 4395 808 4466 manente)
831 4392 1087 4463 transeuntibus„

260 4480 305 4543 Ut
322 4478 369 4541 vis
387 4480 555 4560 argumenti
569 4501 588 4543 a
605 4481 695 4543 simili
714 4490 798 4544 tanto
818 4482 859 4543 sit
872 4480 1048 4555 evidentior,
1065 4478 1244 4544 ‘meminisse
1263 4489 1293 4541 te
1308 4479 1401 4559 reliq
1415 4480 1528 4557 lector,

175 4570 251 4651 quod
274 4568 440 4650 inpticis
455 4569 496 4632 sit
518 4569 765 4643 demonstratum,
789 4570 934 4633 visionem
955 4569 1019 4633 fieri
1040 4567 1332 4653 perl'tmauatiuuem
1354 4552 1520 4634 ruoilum

173 4680 193 4720 a
207 4656 419 4739 superficiebus
442 4657 485 4720 rei
509 4657 593 4720 visae
616 4659 646 4720 iu
670 4660 796 4738 ooqlum.
835 4659 929 4739 Finge
953 4658 1025 4740 ergo'
1042 4666 1191 4721 oratorem
1214 4650 1520 4767 ssiwffinw‘l

175 4757 261 4809 coetu
285 4747 435 4809 hominum
459 4765 526 4809 sese
550 4747 580 4809 iu
598 4746 700 4809 orbem
719 4748 909 4828 cingentium,
933 4748 1041 4811 faciem
1056 4766 1141 4810 suam
1164 4766 1217 4808 seu
1241 4744 1423 4830 uachrpm
1445 4766 1519 4813 eou-

176 4846 292 4900 vertere
315 4836 418 4899 semel.
465 4835 582 4910 Quibus
615 4855 686 4918 ergo
717 4836 886 4903 auditorum
916 4837 1019 4901 oculos
1042 4856 1123 4901 suos
1152 4820 1389 4955 ollert'pbri'os,
1421 4816 1524 4903 illie!

1290 4952 1302 4975 ’
1363 4960 1398 4995 ,Λ
