3368 5534
161 316 228 388 690
764 317 805 370 De
824 315 908 371 tura

161 498 284 563 finxisse
307 505 379 577 poto
404 494 432 557 in
456 495 586 576 gratiam
610 514 693 558 meae
718 495 952 559 observationis.
989 496 1059 558 Janr
1082 514 1154 558 vero
1179 502 1302 576 utraque
1326 495 1513 576 circopeti-

161 606 270 669 gaeum
294 584 361 659 fnit,
384 584 458 647 haec
481 593 561 660 ante,
585 585 639 647 illa
661 593 743 665 post.
780 583 959 648 Differentia
986 584 1203 649 anomaliornnr
1225 594 1277 647 eet
1301 582 1362 647 tt·
1384 585 1512 647 circiter.

162 675 279 749 Quodsi
311 673 481 753 porigaonrn
512 673 633 754 penitus
664 673 830 736 mediasset
862 674 940 737 inter
973 682 1127 791 ntrsmpoc
1159 673 1365 747 momeliam,
1398 692 1514 736 somna

161 763 474 847 prosthnphaereseon
499 782 558 824 non
584 763 684 843 potuit
716 782 783 824 csse
815 762 911 842 major
939 781 1028 843 qnam
1055 762 1066 824 1
1112 757 1176 824 34⁴.
1221 765 1268 826 At
1291 763 1317 825 si
1342 763 1442 825 altera
1464 764 1513 824 liat

162 853 305 936 perigaeo
341 850 479 931 propior,
510 851 604 914 minor
633 851 723 931 paulo
752 850 809 913 erit
839 871 965 914 summa.
1010 850 1082 913 Jam
1105 868 1175 912 vero
1199 871 1258 914 oon
1289 860 1395 932 potest
1428 852 1513 912 valde

163 960 290 1022 magnos
319 959 401 1002 error
417 934 498 1001 'esse
524 938 552 1001 in
577 939 726 1003 distantia
753 941 882 1003 locorum
907 939 990 1003 Solis
1017 940 1196 1021 inutraque
1223 938 1341 1022 eclipsi.
1389 940 1406 1002 1
1430 960 1513 1014 nnnc,

164 1038 197 1093 ot
219 1046 315 1109 acqua
338 1046 420 1090 more
444 1029 614 1110 Tychonico
638 1049 690 1091 sen
715 1048 791 1103 meo,
815 1048 868 1090 seu
892 1028 984 1091 etiam
1008 1029 1089 1090 nulla
1111 1037 1195 1091 utere
1217 1029 1412 1110 aequatione,
1436 1030 1515 1092 nnlla

163 1118 281 1184 ratione
306 1117 435 1191 efficies,
468 1128 501 1179 nt
524 1118 610 1179 Luna
632 1117 679 1179 his
704 1114 787 1181 Solis
817 1117 891 1180 locis
922 1126 1088 1198 opponetur
1111 1118 1148 1178 ad
1171 1117 1336 1180 observata
1371 1132 1512 1198 ternpore,

165 1207 223 1271 nisi
247 1206 335 1269 valde
358 1224 466 1286 magno
497 1207 597 1289 aliquo
625 1216 724 1269 mutes
752 1206 1006 1270 eccentricitatem
1030 1207 1134 1268 Lunae
1157 1215 1189 1269 et
1210 1206 1513 1288 prosthaphaereses.

166 1295 263 1369 Quasi
286 1295 407 1359 omnino
431 1294 542 1376 aliquid
567 1296 631 1358 loco
655 1294 738 1358 Solis
766 1294 911 1359 occiderit
933 1314 1011 1359 anno
1037 1291 1131 1359 1619.
1159 1291 1189 1359 6.
1213 1295 1304 1370 Dec,
1331 1308 1366 1359 nt
1389 1297 1440 1376 qni
1463 1317 1513 1359 nec

164 1386 269 1447 Lunae
301 1384 448 1456 motibus,
480 1403 535 1445 nec
563 1384 628 1446 fixis
659 1386 868 1447 accommodat
897 1393 1030 1446 centrum
1063 1383 1193 1445 umbrae.
1246 1384 1345 1447 Vides
1378 1384 1513 1448 omnibns

163 1466 344 1538 astronomis
369 1472 459 1536 etiam
488 1480 578 1554 atque
606 1473 696 1536 etiam
725 1472 915 1552 cogitandum
938 1473 975 1534 de
997 1473 1055 1535 lrac
1078 1471 1183 1554 eclipsi
1206 1473 1275 1534 anni
1304 1470 1403 1537 1619.
1449 1472 1513 1544 Qoa

163 1562 375 1625 adhortatione
407 1560 518 1624 finiam.
565 1563 653 1625 Vale.
701 1559 816 1641 Scripsi
850 1558 900 1625 12.
924 1562 1018 1642 Apr..
1051 1560 1191 1641 rescripti
1225 1558 1281 1625 28.
1304 1564 1383 1643 Maj.
1422 1559 1511 1626 1620.

163 1649 272 1714 Lincii.
319 1649 507 1714 Addideram
525 1651 621 1714 multa
652 1650 793 1731 politica,
825 1652 877 1714 sed
902 1651 954 1714 illa
976 1651 1042 1713 Deo
1065 1657 1099 1712 et
1120 1650 1255 1730 politicis
1286 1670 1379 1729 cnrae
1409 1663 1510 1727 snnto;

163 1758 219 1803 nos
242 1747 275 1804 nt
297 1759 401 1804 monce
424 1738 563 1819 precibus
585 1739 654 1816 nisi,
679 1739 744 1803 Deo
768 1741 871 1805 contisi
896 1748 999 1803 nostra
1021 1757 1157 1820 agamus.
