3368 5534
270 279 334 348 ⁷06
806 279 917 376 umora
934 278 964 329 u.
982 240 1074 329 arato

269 460 359 526 condi
382 459 511 533 faciliter
533 474 587 536 per
615 457 706 519 aliam
733 455 978 535 imaginationem
1002 458 1222 539 hypotheseos;
1250 457 1462 521 tautummodo
1484 456 1544 519 hoc
1565 473 1619 536 pro

266 553 335 633 jure
358 568 411 611 sno
435 548 520 620 ursit,
544 554 577 607 ut
600 544 631 606 id
653 545 779 625 primum
803 546 1004 624 perficeretur,
1029 546 1106 626 quod
1130 547 1188 609 sibi
1210 554 1293 607 esset
1306 546 1415 621 visum,
1439 544 1621 626 Ephemeris

152 704 154 709 ,
270 633 401 719 nempe),
427 645 459 698 et
481 654 536 715 ego
558 635 600 705 id,
624 635 702 714 quod
725 633 785 694 levi
807 653 876 695 mea
898 654 991 715 opera
1012 635 1075 697 fieri
1093 642 1209 715 posset,
1233 635 1420 715 Teuguaglio
1445 634 1620 707 inviderem,

260 738 307 791 'ne
331 729 357 789 is
381 728 418 787 de
440 745 473 787 re
497 743 554 785 uon
578 721 681 802 magui
703 723 846 785 momenti
874 732 905 785 et
933 743 1018 785 meae
1046 723 1229 786 inventionis
1252 723 1324 785 olim
1353 724 1482 804 gloriari
1504 732 1620 803 postet.

271 818 320 881 Ita
344 818 456 878 lactum
472 812 684 885 simultatibus,
708 819 815 886 utres,
841 831 873 873 se
896 813 964 892 ipsa
987 813 1025 874 ab
1048 812 1134 874 initio
1155 820 1310 892 exoptata,
1333 813 1530 894 postmodum
1552 831 1622 873 ver·

271 913 387 969 teretur
409 905 440 965 in
463 903 503 965 fel
528 908 561 963 et
582 908 718 975 acetum;
749 902 928 978 praesertim
957 921 1024 963 curn
1051 921 1107 981 ego
1135 918 1209 981 opus
1232 920 1290 963 uon
1314 902 1397 982 prins
1420 910 1624 965 mansam

249 992 466 1073 ,Tengnagliq
492 1008 579 1069 quam
599 990 664 1069 jam
688 988 809 1069 scriptis
834 990 873 1052 ad
888 992 1076 1053 Herwartum
1096 991 1191 1052 literis
1210 999 1242 1053 et
1257 999 1366 1071 postne
1389 990 1623 1063 commendatis,

272 1082 454 1163 exemplum,
479 1079 557 1159 quod
579 1077 703 1139 videbat
725 1079 944 1160 Teugnaglius,
979 1080 1070 1142 etiam
1093 1089 1201 1161 postae
1224 1076 1490 1143 commendaturus
1512 1098 1624 1141 essem.

271 1174 350 1237 Nam
374 1171 425 1231 vix
448 1169 547 1230 obiter
567 1167 745 1249 hypothesin
770 1168 921 1231 Matthiae
945 1170 1182 1237 delineaverun,
1213 1178 1303 1249 atque
1327 1186 1365 1230 ex
1387 1189 1424 1231 eo
1448 1188 1511 1231 nou
1534 1168 1626 1231 verbe

273 1281 330 1323 uuo
354 1261 435 1321 dioto
465 1259 546 1319 intra
573 1252 594 1318 6
618 1256 805 1338 septimanas
828 1259 893 1337 jam
923 1259 1075 1337 perfectas
1104 1278 1170 1321 esse
1200 1258 1320 1321 tabulas
1347 1258 1493 1323 indicavi.
1542 1258 1626 1320 Haec

273 1348 482 1430 importunitas
505 1365 584 1407 nova
606 1345 809 1424 exasperabat
825 1347 965 1426 antiquas
981 1357 1015 1409 et
1034 1347 1189 1409 dintumas
1206 1347 1386 1410 simultates.
1416 1346 1627 1427 Tengmagliua

272 1440 337 1519 ipse
361 1455 453 1516 opera
472 1434 623 1497 Johaunis
645 1440 773 1503 (Euhan)
792 1443 824 1496 et
835 1434 986 1498 Matthiae
1011 1436 1132 1498 tabulas
1153 1436 1323 1516 hujusmodi
1346 1436 1496 1510 condidit,
1521 1435 1626 1518 quibus

273 1547 356 1590 meas
379 1524 526 1586 facilitate
550 1532 690 1601 superet3
721 1523 822 1602 itaque
846 1542 904 1585 non
929 1544 986 1586 res
1009 1532 1059 1586 est
1080 1524 1207 1599 vitiosa,
1237 1526 1291 1587 sed
1314 1526 1444 1588 modus
1475 1524 1626 1604 agendi:

275 1609 503 1696 atque'utinam
526 1629 649 1693 scopum
674 1611 831 1673 facilitatis
855 1613 1027 1694 attigissem
1050 1615 1193 1694 propius3
1217 1623 1317 1676 certus
1340 1615 1423 1677 enim
1447 1632 1533 1689 sum,
1557 1632 1626 1695 gra·

273 1706 334 1769 tias
357 1703 429 1766 mihi
453 1709 576 1764 acturos
600 1719 668 1762 esse
691 1701 817 1777 multos,
840 1710 949 1764 contra
972 1722 1061 1784 quam
1084 1710 1126 1763 tu.

362 1793 472 1855 Altera
495 1798 548 1853 tua
570 1789 714 1852 refutatio
738 1791 797 1851 mei
814 1786 995 1854 insituti'est
1010 1793 1096 1865 haec,
1121 1792 1201 1871 quod
1222 1790 1309 1853 labor
1330 1791 1534 1871 triangularis
1557 1810 1628 1871 sup-

274 1884 392 1967 peditet
415 1880 577 1944 distantias
600 1879 704 1942 Lunae
728 1900 747 1940 a
769 1879 878 1955 Terra,
910 1882 1001 1943 utiles
1029 1881 1059 1942 iu
1088 1881 1254 1958 astrologia
1276 1880 1315 1942 ob
1340 1881 1551 1960 particulares
1572 1898 1627 1959 pa-

275 1973 418 2035 rallaxes.
464 1970 667 2048 Respondeo:
698 1969 832 2030 calculus
856 1970 1008 2052 Tychonis
1030 1990 1049 2031 a
1072 1989 1119 2030 me
1142 1988 1201 2030 uon
1224 1977 1273 2030 est
1295 1969 1451 2043 sublatus,
1475 1977 1629 2050 computet

277 2061 326 2141 qui
349 2061 450 2132 uolet3
480 2078 551 2121 nam
574 2076 642 2120 mea
664 2058 891 2120 transformatio
915 2058 1037 2120 exhibet
1060 2057 1181 2119 easdem
1208 2058 1382 2121 distantias.
1430 2061 1479 2121 At
1507 2059 1537 2121 si
1567 2059 1628 2138 quir

277 2169 335 2213 nou
360 2154 485 2229 quaerat
500 2147 674 2221 distantias,
698 2146 753 2208 sed
772 2147 883 2209 nudam
898 2147 1126 2227 longitudinem,
1149 2148 1177 2210 ei
1200 2147 1368 2210 taediosum
1391 2156 1452 2221 est,
1478 2146 1629 2229 triangula

278 2237 433 2302 consulere
457 2244 489 2298 et
512 2235 674 2297 distantias
695 2236 779 2316 prius
803 2236 897 2311 adire,
921 2256 996 2318 quas
1012 2236 1155 2316 primario
1174 2256 1233 2299 uon
1253 2236 1378 2317 expetit
1415 2236 1496 2298 Tum
1521 2246 1628 2308 autem.

278 2328 351 2409 quid
382 2337 414 2389 tu
444 2327 482 2388 de
514 2323 636 2387 circello
669 2325 820 2404 argutaris
853 2326 976 2407 ejusque
1008 2327 1115 2388 effectu
1147 2325 1176 2386 in
1209 2325 1362 2388 variandis
1394 2324 1629 2404 parallaxibual

279 2415 361 2488 Quid
376 2417 402 2477 si
425 2417 456 2476 in
479 2413 617 2476 omnibus
640 2412 845 2494 parallaxibus
865 2414 932 2494 plus
947 2414 1114 2489 aberrares‚
1139 2434 1228 2495 quam
1252 2415 1392 2477 circellus
1416 2414 1537 2476 eflicit?
1567 2414 1629 2477 Nor

279 2507 369 2587 plane
398 2506 455 2567 hoc
485 2505 618 2576 affirmo,
652 2504 706 2565 sed
738 2502 792 2565 sub
823 2503 1004 2566 conditione.
1048 2504 1130 2566 Nam
1156 2504 1184 2583 si
1210 2512 1244 2565 tu
1272 2504 1456 2565 diametrum
1488 2503 1575 2569 Solia
1601 2514 1632 2565 et

280 2595 402 2658 umbrae
426 2592 575 2655 mordicus
599 2592 691 2654 fueris
722 2600 840 2654 tutatus
865 2611 936 2661 cum
963 2592 1116 2673 parallaxi·
1136 2591 1235 2667 Solis,
1266 2592 1386 2655 omuino
1413 2592 1473 2654 tibi
1502 2612 1557 2656 res
1579 2592 1631 2655 bae

280 2684 397 2747 recidet
427 2682 483 2743 sub
515 2681 762 2743 contradictionis
794 2681 1042 2757 commiuatione,
1075 2688 1111 2744 ut
1141 2682 1312 2763 parallaxin
1338 2682 1447 2744 Lunae
1477 2682 1632 2745 evidenter

282 2780 398 2838 mutare
421 2771 550 2851 cogaris.
1390 2848 1397 2859 .

369 2861 434 2924 Iam
458 2860 496 2921 ad
521 2859 582 2921 alia
604 2857 705 2932 venis,
735 2866 767 2918 et
795 2859 821 2920 si
851 2866 934 2920 tuam
963 2857 1224 2938 reprehensionem
1248 2866 1362 2920 tectam
1385 2859 1465 2921 bene
1487 2859 1633 2941 percipio,

279 2952 342 3032 jam
366 2958 399 3011 tn
422 2950 499 3011 lianc
521 2947 699 3028 particulam
722 2945 802 3009 tituli
817 2966 950 3009 mearum
969 2949 1265 3031 transformationem
1285 2948 1425 3023 adoriris,
1451 2949 1536 3029 quod
1559 2948 1633 3011 dixi:

288 3059 370 3121 „pro
401 3048 488 3120 typo
520 3036 731 3099 tabularum
762 3035 945 3116 Rudolphi
976 3039 1021 3100 ad
1052 3036 1327 3099 deliberandum
1359 3038 1632 3118 propositas·

284 3131 330 3192 Τιι
353 3147 424 3208 ergo
447 3126 581 3199 miraris,
613 3124 722 3186 audere
749 3144 797 3186 me
821 3133 939 3188 ceteros
965 3128 1123 3207 planetas,
1154 3127 1191 3187 de
1213 3126 1321 3206 quibus
1343 3127 1479 3189 nondum
1502 3136 1634 3199 constat

285 3217 480 3300 aequiparare
501 3216 616 3278 Lunae.
648 3213 718 3275 Non
733 3213 822 3286 facio,
846 3215 886 3276 mi
903 3215 1096 3289 Christiane;
1121 3235 1172 3277 eur
1196 3216 1273 3277 euim
1299 3217 1358 3290 „ad
1381 3216 1633 3279 deliberandum⁸

286 3324 489 3388 proponerem,
514 3305 540 3365 si
560 3303 623 3381 jam
647 3311 731 3364 esset
748 3303 958 3383 exploratum?
988 3305 1068 3376 Scio,
1092 3305 1195 3366 Lunae
1215 3325 1282 3366 esse
1305 3304 1508 3386 particularia
1531 3306 1635 3376 multa,

285 3417 321 3458 ae
345 3393 593 3456 fortassis-etiam
611 3390 750 3472 planetae
765 3393 859 3454 ceteri
878 3395 1124 3473 inaequalitatum
1149 3413 1270 3455 numero
1293 3404 1327 3455 et
1348 3394 1500 3474 qualitate
1526 3395 1634 3458 distin-

284 3493 414 3566 guuntur
434 3483 502 3565 plus
526 3501 615 3561 qnam
637 3480 781 3542 hacteuus
805 3483 926 3543 credidi.
966 3483 1064 3545 Unum
1088 3493 1189 3543 autem
1212 3483 1312 3544 estin
1335 3484 1509 3546 tabularum
1535 3494 1633 3547 mane

286 3573 478 3646 formatione,
511 3571 587 3653 qnod
619 3569 695 3631 citra
721 3572 956 3649 controversiam
986 3570 1098 3633 imitari
1126 3590 1283 3651 possumus
1307 3572 1336 3634 iu
1360 3573 1473 3635 ceteris
1497 3572 1634 3637 omnibns

167 3687 171 3693 ·
278 3662 425 3743 planetis,
451 3662 475 3722 si
496 3660 583 3722 modo
599 3658 768 3721 consultum
788 3661 876 3721 l'uerit
899 3661 992 3739 (quod
1012 3659 1237 3722 deliberandum
1257 3680 1325 3723 esse
1345 3661 1434 3735 dixi),
1459 3670 1494 3724 ut
1519 3663 1634 3725 scilieet

284 3770 338 3831 per
361 3770 516 3812 excessum
538 3748 682 3828 temporis
705 3767 798 3827 supra
820 3752 1017 3823 momentum,
1048 3769 1106 3831 quo
1134 3750 1259 3830 planeta
1285 3751 1316 3812 in
1339 3769 1476 3830 apogaeo
1502 3750 1633 3815 accentui

286 3839 385 3913 fuerit,
410 3839 513 3900 statim
538 3847 715 3916 excerpatur
733 3839 884 3899 anomalia
902 3840 1033 3901 eceeutri
1047 3848 1234 3920 coaequata3
1257 3848 1347 3922 atque
1370 3839 1427 3902 huc
1453 3858 1512 3919 ego
1536 3842 1632 3923 potis-

285 3929 392 3991 simum
423 3927 559 4007 respexi,
594 3927 663 4008 quia
695 3944 832 4005 apogaea
864 3937 895 3989 et
922 3929 992 3990 nodi
1020 3930 1209 4008 planetarum
1236 3936 1401 3991 ceterorum
1429 3929 1527 3992 valde
1557 3930 1632 3993 tardi

286 4025 369 4090 suut,
393 4024 425 4077 et
447 4015 528 4077 facili
552 4034 643 4096 opera
666 4023 884 4093 computantur.
911 4049 951 4060 -
984 4064 1066 4080 ....
1090 4016 1178 4088 Quae
1201 4019 1240 4079 ad
1263 4019 1383 4098 singula
1404 4036 1530 4095 eorum,
1560 4038 1630 4102 quac

284 4105 435 4187 praestita
457 4106 487 4165 in
511 4104 597 4166 Luna
619 4122 847 4178 commemoras,
871 4105 930 4168 dici
955 4107 1085 4169 fortasse
1108 4116 1234 4188 possent
1257 4108 1295 4170 ab
1318 4117 1511 4184 astronomo,
1536 4112 1630 4180 mitto.

284 4215 321 4256 ue
344 4213 437 4256 novas
461 4194 653 4274 quaestiones
676 4211 775 4254 serere
796 4194 900 4257 videar
919 4216 974 4258 nou
991 4197 1081 4259 finitis
1095 4197 1257 4271 veteribus,
1279 4196 1461 4277 praesertim
1477 4217 1547 4261 cum
1561 4196 1630 4261 nibil

283 4284 411 4345 habeam
434 4282 464 4344 in
482 4299 626 4361 praesens
644 4272 702 4344 nisi
716 4282 905 4361 conjecturas
922 4287 1073 4367 physicas,
1098 4306 1151 4348 uec
1174 4305 1211 4348 ex
1229 4287 1365 4367 professo
1381 4294 1514 4349 tractem
1528 4288 1629 4351 Lunae

284 4373 445 4452 negotium.
493 4370 573 4443 Quid
597 4391 672 4433 nuuc
702 4373 738 4432 de
769 4392 816 4433 me
845 4375 952 4436 meruit
983 4375 1173 4438 odiosissime
1200 4375 1254 4437 illa
1278 4386 1330 4437 tua
1353 4376 1525 4454 exagitatio
1549 4380 1629 4440 inso-

285 4461 394 4523 lentiae
418 4463 491 4541 ejus,
516 4481 604 4543 quam
628 4461 699 4522 mihi
720 4480 774 4541 per
788 4464 1001 4542 nequissimam
1017 4465 1195 4526 calumniam
1211 4465 1368 4527 tribuisti?
1397 4471 1629 4541 (Longononunnr

284 4551 410 4600 recensitis
433 4552 473 4610 iis,
497 4564 561 4616 quae
579 4549 662 4612 'lycho
685 4551 710 4598 in
729 4550 816 4600 Lunae
833 4552 929 4602 theoria
951 4555 1066 4616 perfecit,
1090 4552 1175 4604 addit:
1202 4553 1299 4604 talias
1322 4561 1348 4604 te
1371 4569 1484 4619 uuquam
1511 4560 1629 4621 praestari

283 4635 353 4683 posse
377 4621 532 4671 vehementer
557 4630 647 4671 metuo.
683 4621 713 4671 Id
736 4630 818 4671 antem
841 4638 889 4672 non
914 4632 1014 4682 metuo,
1042 4626 1105 4691 quod
1132 4625 1164 4674 ad
1187 4625 1340 4689 praeclaram
1366 4640 1497 4677 censuram
1523 4634 1628 4679 omniun

284 4692 399 4741 bonorum
423 4700 448 4741 at
472 4692 659 4758 intelligentium
681 4695 784 4744 virorum
807 4694 838 4744 de
862 4695 978 4746 damnem
997 4696 1114 4760 Tychone
1137 4695 1201 4747 haec
1219 4696 1318 4746 sordida
1335 4704 1381 4748 baa
1399 4698 1535 4750 insolentia
1553 4704 1628 4767 nqis

285 4770 409 4822 sordescat
426 4778 452 4822 et
471 4772 637 4834 odoratas.)
673 4763 753 4835 Quid
777 4767 853 4857 enim
877 4767 934 4829 nisi
959 4780 992 4830 ut
1010 4778 1040 4830 te
1059 4769 1191 4832 vicissim
1211 4779 1241 4830 et
1264 4779 1348 4831 tuam
1372 4776 1553 4847 κακοηθιιαι
1576 4792 1626 4833 cr-
