3368 5534
767 350 807 404 Da
825 352 906 406 Lana
1446 336 1510 411 687

162 528 524 605 chunimundum,
548 550 583 593 ac
607 529 729 610 proinde
758 530 995 592 accelerationes
1018 527 1049 590 in
1073 534 1139 589 toto
1168 527 1220 590 illo
1248 525 1375 588 semisse
1398 523 1514 586 mensis

162 616 350 700 (inchoando
374 639 393 680 a
415 618 564 700 quadris),
588 618 616 681 in
641 638 698 699 quo
721 619 1062 707 reperitur-apogaeum
1085 616 1205 689 Lunae,
1231 617 1293 677 iore
1317 614 1457 685 minores,
1482 611 1513 713 id

160 709 243 790 qnod
266 727 358 787 snpra
379 708 409 770 in
434 709 587 770 schemate
610 705 659 774 16.
684 708 840 788 praestitit
861 709 948 770 nobis
970 714 1111 788 punctum
1136 706 1161 771 Ο
1185 705 1344 786 aequantia
1367 710 1512 767 menstrui

160 797 288 879 eiusque
312 797 521 859 eccentricitas
546 796 610 860 ΛΟ.

253 884 295 948 Et
317 886 391 947 haec
416 894 501 961 sunt,
533 906 608 967 qnae
632 886 670 947 ad
695 885 750 946 hoc
783 904 875 966 usque
899 893 1019 964 tempus
1041 882 1071 943 in
1096 884 1191 946 lucem
1215 900 1318 944 eruere
1345 879 1449 959 potui:
1480 883 1514 938 at

161 975 194 1037 in
218 974 389 1056 quantitate
413 974 566 1055 utriusque
591 975 632 1038 rei
657 974 846 1036 concilianda
873 975 1035 1037 etiamnum
1066 973 1187 1034 haereo.
1232 970 1312 1034 Nam
1336 970 1361 1031 si
1386 978 1513 1048 utraque

161 1063 306 1145 aequatio
329 1074 376 1126 est
400 1063 438 1125 ab
462 1065 566 1127 eodem
590 1066 686 1137 fonte,
720 1065 893 1142 prosneusis
918 1063 1035 1142 quidem
1059 1061 1226 1123 Ptolemaei
1258 1060 1395 1121 ellectum
1420 1057 1514 1119 habet

161 1152 324 1217 maximum
348 1154 482 1233 (quando
514 1172 679 1236 apogaeum
704 1152 807 1213 Lunae
831 1162 879 1215 est
907 1152 935 1213 in
959 1151 1088 1230 copulis,
1119 1151 1205 1212 Luna
1228 1149 1296 1230 ipsa
1319 1147 1349 1209 in
1372 1145 1512 1228 quadris)

162 1238 283 1315 2⁰30¹‚
307 1260 345 1303 ex
367 1242 424 1303 hac
447 1261 517 1304 vero
542 1230 711 1323 quantitate
735 1241 867 1304 nascitur
889 1243 949 1322 jam
973 1240 1073 1321 aliqua
1096 1240 1186 1302 etiam
1210 1235 1389 1300 variationis
1413 1255 1511 1317 quan-

163 1331 241 1393 titas
264 1329 456 1404 necessaria,
489 1331 542 1392 sed
567 1351 643 1412 quae
675 1330 825 1392 nonnullis
855 1330 1002 1411 scrupulis
1033 1330 1105 1402 (non
1139 1338 1238 1390 tamen
1272 1326 1360 1388 valde
1392 1324 1512 1409 multis)

161 1420 347 1482 distattam
370 1420 542 1482 amariora
569 1420 736 1482 variatione
759 1419 947 1501 Tychonica,
980 1414 1066 1500 quain
1092 1418 1129 1480 ab
1153 1437 1190 1478 ea
1213 1414 1396 1497 quantitate,
1423 1431 1512 1493 quam

162 1527 250 1571 meus
265 1508 366 1570 elficit
388 1509 521 1571 calculus
546 1519 577 1571 et
599 1509 745 1571 assumtio
770 1510 944 1589 appendicis
968 1508 1049 1569 illius
1080 1503 1159 1570 132⁰
1184 1504 1238 1569 45‘
1262 1504 1301 1565 ad
1327 1500 1366 1565 12
1389 1502 1512 1564 revolu-

162 1597 265 1660 tiones
289 1596 320 1659 in
334 1616 392 1659 uno
411 1617 499 1661 anno.
537 1597 638 1669 Quare
659 1598 801 1658 vitandae
825 1598 1034 1678 perplexitatis
1055 1616 1146 1658 causa
1162 1595 1263 1658 finiam
1281 1592 1330 1654 hio
1345 1592 1512 1653 discursum

162 1704 256 1766 snper
278 1704 374 1748 causa
397 1687 550 1767 utriusque
578 1688 723 1769 physica,
756 1696 786 1747 et
809 1707 855 1748 me
879 1695 1050 1748 convertam
1075 1685 1112 1747 ad
1137 1680 1422 1746 demonstrationem
1446 1679 1513 1741 cal-

163 1775 233 1850 culi,
257 1794 334 1858 qnae
358 1775 452 1837 habet
474 1777 590 1856 aliquot
607 1776 742 1856 jucunda
764 1775 953 1838 theoremata
973 1784 1004 1837 et
1019 1776 1156 1837 ellectum
1179 1771 1374 1853 inopinatum.
1411 1767 1513 1830 Dimi-

162 1863 288 1927 nntione
321 1863 399 1926 enim
432 1865 510 1927 sacta
537 1866 580 1926 de
610 1865 753 1945 gradibus
786 1864 913 1945 singulis
945 1865 1108 1927 distantiae
1118 1864 1236 1930 .Lunae
1264 1881 1284 1920 a
1307 1857 1379 1921 Sole
1411 1859 1512 1931 rel„0

162 1952 256 2025 Solis,
280 1952 414 2016 vicissim
437 1953 474 2016 iis
489 1973 662 2016 accrescere
679 1954 745 2014 dico
767 1952 996 2016 accelerationis
1020 1951 1229 2034 proportiones
1252 1968 1305 2012 sen
1323 1946 1515 2010 incrementa

162 2042 424 2104 decrescentia-in
449 2063 486 2104 ea
512 2044 721 2123 proportione,
754 2063 842 2123 qnam
870 2052 993 2105 servant
1022 2043 1172 2123 quadrata
1200 2039 1315 2102 sinuum
1349 2035 1513 2099 distantiae

163 2130 269 2193 Lunae
292 2151 310 2192 a
333 2131 476 2213 quadris:
511 2131 589 2194 sicut
619 2133 697 2195 enim
732 2133 961 2194 accelerationis
984 2132 1069 2212 vigor
1092 2130 1192 2192 estin
1217 2127 1333 2208 copulis
1355 2125 1513 2198 maximus,

163 2219 210 2281 sic
234 2219 326 2283 etiam
350 2220 433 2282 sinus
456 2219 620 2282 distantiae
645 2222 770 2300 copulae
785 2242 804 2282 a
818 2223 942 2301 quadra,
967 2221 1061 2283 idest
1083 2218 1271 2301 quadrantis,
1294 2224 1343 2278 est
1365 2214 1513 2277 maximus

161 2318 196 2371 et
217 2315 313 2371 totns.
358 2309 453 2370 Porro
478 2308 556 2389 quod
587 2309 635 2371 hic
669 2310 734 2371 dico
762 2310 841 2371 idem
865 2318 914 2371 est
942 2330 1008 2373 cnm
1032 2330 1067 2372 eo
1091 2309 1169 2390 qnod
1198 2327 1289 2388 supra
1311 2303 1513 2389 dish-'sinum

161 2396 290 2480 primum
314 2397 478 2460 distantiae
492 2399 630 2460 Lunaoa
649 2399 764 2480 copulis
780 2408 812 2460 et
829 2399 1012 2461 incrementa
1034 2397 1221 2480 sequentinm
1243 2394 1343 2457 omnia
1366 2393 1515 2474 quadrata

162 2504 232 2548 ense
262 2486 372 2548 debere
403 2506 560 2550 mensuras
593 2488 840 2550 incrementorum
874 2488 1104 2552 accelerationis
1135 2483 1384 2548 decrescentium.
1433 2481 1513 2545 Nam

162 2574 262 2639 diviso
285 2575 451 2659 quadrante
475 2577 504 2639 in
528 2586 632 2656 partes
655 2578 797 2658 aequales
820 2577 968 2656 minimas,
993 2578 1097 2642 ut-hid
1120 2576 1286 2658 quadrante
1304 2569 1373 2660 GN,
1397 2588 1514 2633 sunrma

162 2664 281 2727 sianum
304 2664 343 2727 nd
366 2664 531 2729 divisiones
554 2667 696 2747 aequales
723 2665 857 2745 proxime
881 2676 930 2729 est

161 2751 193 2815 in
207 2752 400 2833 proportione
418 2755 550 2834 sagittae
573 2755 715 2837 cujusque
736 2776 824 2818 arcus
847 2757 929 2818 sinus
1027 2780 1030 2785 ·

161 2842 233 2906 illos
257 2843 456 2905 continentis:
481 2846 559 2906 sicut
581 2846 659 2907 cuim
677 2865 793 2907 summa
810 2845 926 2908 sinuum

162 2950 203 2999 ex
224 2932 270 3004 Η,
293 2932 322 3005 Ι,
345 2931 375 2993 K
404 2933 442 2995 ad
473 2934 617 3013 sagittam
642 2933 716 3009 GD,
745 2935 788 2996 sic
812 2955 928 2997 summa

163 3020 284 3083 sinuum
308 3039 345 3081 ex
368 3020 407 3095 Η,
424 3023 446 3097 Ι,
462 3023 501 3097 Κ,
518 3024 554 3098 L,
568 3025 602 3087 M
627 3025 665 3085 ad
689 3025 834 3105 sagittam
858 3023 925 3090 ΟΒ.

161 3109 264 3190 Hujus
286 3127 380 3189 prope
400 3112 462 3174 veri
485 3113 682 3175 theorematis
706 3115 930 3177 fundamentum

162 3207 213 3262 est
232 3198 308 3261 illud
326 3199 424 3279 Pappi
447 3201 601 3264 theorema
623 3202 799 3283 simpliciter
818 3223 930 3278 verum,

163 3287 244 3367 qnod
273 3297 432 3367 segmenta
464 3290 628 3370 superficiei
662 3292 836 3372 sphaericae
869 3294 931 3355 sint
1015 3297 1018 3303 '

163 3377 193 3441 in
218 3376 411 3457 proportione
435 3398 553 3441 suarum
584 3381 650 3441 axis
680 3380 849 3461 portionum
877 3402 931 3444 seu

162 3465 347 3545 sagittarum
373 3462 441 3541 GD,
467 3466 523 3530 ΟΒ
547 3469 600 3530 iac.
643 3469 749 3532 Posito
782 3470 872 3547 igitur
901 3471 930 3533 N

163 3554 234 3617 locu
257 3553 362 3616 Lunae
394 3555 421 3615 in
446 3558 576 3636 copulis,
602 3555 630 3618 G
656 3559 720 3619 loco
744 3556 877 3636 ejusdem
901 3560 931 3620 in

163 3641 301 3726 quadris,
316 3643 343 3705 si
352 3643 491 3723 colligam
506 3647 657 3725 portiones
673 3649 931 3723 incrementomm,
963 3665 970 3671 ·

162 3731 403 3797 accelerationes
423 3734 668 3811 decrescentium,
688 3745 845 3798 servantes
861 3756 932 3816 pro·
997 3738 1000 3745 '

163 3820 335 3903 portionem
359 3823 571 3903 quadratorum
595 3826 631 3886 de
655 3827 725 3899 NA,
749 3827 809 3887 ΜΒ
834 3826 897 3902 lac,
920 3842 1036 3888 summa
1059 3832 1188 3897 omnium
1211 3835 1305 3898 totins
1336 3839 1513 3917 quadrantis

164 3908 273 3975 eadem
287 3908 355 3986 erit,
380 3930 455 3991 quae
474 3913 637 3993 colligitur,
662 3915 686 3975 si
701 3915 869 3994 incipiendo
884 3916 922 3976 ab
938 3916 1042 3977 eadem
1065 3922 1203 4001 portione
1225 3924 1322 4005 prima
1345 3947 1514 4008 comparem

163 3999 251 4063 illam
272 4000 421 4081 quadrato
445 4000 539 4080 ipsius
562 4004 633 4078 AB,
666 4004 748 4066 sinus
771 4024 858 4065 arcus
880 4006 959 4074 NM,
984 4004 1090 4072 deinde
1118 4007 1250 4094 reliquas
1277 4014 1433 4095 portidnes
1455 4019 1513 4080 ad-

164 4087 276 4152 metiar
299 4088 328 4150 in
352 4091 544 4169 proportione
567 4091 631 4167 ΒΟ,
656 4090 711 4155 CD
735 4094 788 4155 tre.
820 4096 1043 4175 quadratomm.
1090 4099 1164 4164 cnm
1197 4112 1298 4167 autem
1331 4107 1418 4168 detur
1440 4109 1514 4170 mihi

164 4196 284 4241 summa
306 4177 431 4240 effectus
455 4180 548 4240 totius
572 4182 799 4245 accelerationis
823 4202 878 4263 per
900 4194 996 4246 totum
1020 4189 1234 4266 quadrantem,
1259 4202 1351 4256 ntea
1375 4195 1512 4260 distribui

164 4266 224 4331 rltc
249 4267 360 4347 possit,
394 4287 469 4347 opus
499 4269 571 4331 mihi
594 4280 643 4333 est
665 4291 780 4333 surnma
812 4272 1025 4351 quadratorum
1047 4279 1095 4341 vel
1118 4280 1187 4356 NA,
1212 4282 1272 4345 ΜΒ
1296 4284 1349 4346 bac.
1374 4287 1422 4347 vel
1445 4288 1512 4363 AB,
1634 4316 1642 4327 ·

163 4352 220 4421 ΒΟ
243 4356 299 4418 bo.
324 4366 356 4419 et
377 4355 521 4438 inrpriori
554 4360 672 4439 quidem
696 4380 763 4421 mea
795 4362 905 4424 vitiosa
934 4364 1029 4427 forma
1060 4368 1185 4444 calculi,
1217 4373 1334 4452 quando
1359 4375 1430 4437 mihi
1454 4395 1513 4439 non

165 4444 225 4508 init
247 4463 323 4525 opus
346 4447 501 4524 quadratis
533 4447 663 4528 ipsorum
687 4450 754 4524 AB,
776 4447 845 4523 ΒΟ,
871 4452 922 4511 sed
947 4453 1023 4530 ipsis
1045 4458 1111 4532 AB,
1135 4458 1199 4528 ΒΟ,
1230 4481 1287 4522 non
1312 4463 1400 4524 valde
1423 4465 1511 4527 labo.

165 4533 294 4597 randum
318 4534 375 4595 luit
398 4536 435 4596 de
458 4556 574 4600 summa
598 4538 727 4600 omniurn
751 4539 817 4611 AB,
840 4538 905 4603 ΒΟ.
951 4541 1037 4605 Nam.
1054 4546 1136 4610 sinus
1159 4548 1223 4629 ipse
1247 4558 1328 4612 totus
1351 4551 1413 4615 AG
1436 4573 1511 4616 con·

166 4622 286 4686 tinebat
315 4631 419 4703 partes
449 4645 521 4689 suas
553 4646 664 4689 omnes.
711 4630 816 4708 ltaque
847 4648 993 4692 summam
1024 4637 1269 4713 accelerationis,
1304 4640 1435 4704 debitam
1463 4644 1511 4707 nni

165 4710 228 4776 NG
252 4713 420 4793 quadranti,
444 4717 650 4779 tantummodo
666 4717 836 4797 comparavi
858 4718 937 4781 sinui
957 4723 1013 4783 toti
1027 4722 1098 4799 AG,
1123 4745 1267 4790 summam
1286 4747 1357 4791 vero
1380 4731 1512 4794 debitam

167 4800 250 4865 arcui
264 4800 310 4865 Nl
333 4802 526 4884 aequiparavi
550 4804 616 4885 eins
639 4805 716 4868 sinui
731 4805 798 4870 Au.
835 4808 972 4889 At'quia
991 4813 1056 4892 jam
1078 4815 1165 4878 nobis
1187 4834 1262 4895 opus
1285 4827 1333 4881 est
1355 4821 1511 4903 quadratis
1590 4840 1594 4852 ·

166 4889 301 4979 poma
322 4890 390 4968 ΔΒ,
414 4891 469 4959 ΒΟ
492 4895 557 4975 tae,
581 4895 655 4963 nibil
678 4895 764 4963 nobis
786 4897 912 4977 prodest
933 4898 1027 4967 totins
1049 4900 1112 4969 AG
1134 4906 1322 4988 quadratum,
1346 4909 1511 4993 quiaillud
