3368 5534
730 333 813 389 uass
830 328 945 387 maon.
1441 320 1506 395 445

165 514 294 569 mrem
311 514 374 581 gibt.
392 513 451 565 dara
468 529 496 565 er
512 512 539 563 ia
556 514 711 578 geometricis
728 513 861 564 sonderbar
879 514 917 565 nit
933 514 1042 564 versiert
1079 510 1124 563 lob
1140 508 1207 560 wollt
1224 510 1269 560 dea
1284 509 1364 561 Herm
1380 509 1508 573 Judicim,

163 588 266 641 hamb
282 587 368 638 indam
386 601 414 659 οι
429 594 523 637 motam
541 585 633 637 Terrae
651 586 729 636 daran
747 602 778 635 an
796 589 933 651 onningen
951 584 1080 641 vermaint,
1098 598 1160 649 gem
1176 597 1342 633 vernemmen.

247 666 345 731 Quibus
361 650 488 730 respondit
503 664 627 729 Keploma
644 663 679 727 (d.
700 664 741 715 12.
760 667 819 716 lan.
840 663 938 728 lton:
960 659 992 730 In
1011 656 1191 730 magneticis,
1219 657 1260 710 uti
1282 656 1359 711 norit
1377 655 1414 710 M.
1436 655 1504 718 Tua,

161 742 263 798 nultus
284 739 334 796 mi.
360 740 489 794 Portae
511 739 703 808 experimenta
722 740 856 810 pleraque
876 739 1033 793 examinavi
1054 739 1100 794 rel
1114 739 1150 790 ad
1170 736 1291 790 rationes
1312 737 1358 789 vel
1377 738 1412 789 ad
1432 735 1506 804 peri-

161 822 333 878 clitationem
356 819 509 891 propriam,
538 827 669 890 quantum
696 819 801 874 informi
826 820 920 889 lapide
943 820 1030 889 potui.
1071 818 1187 887 Aliquos
1214 816 1299 870 etiam
1319 816 1380 885 ejus
1401 832 1508 869 errores

161 904 214 959 hoo
232 908 318 973 pacto
338 899 515 970 deprehendi,
536 916 603 969 quos
624 900 781 955 nominatim
802 899 904 954 alicubi
924 907 1008 953 taxat
1028 904 1057 952 et
1076 898 1226 952 Gilbertus.
1253 898 1355 951 Verum
1375 897 1418 951 ita
1437 896 1507 959 fuso,

163 982 302 1046 distincte,
323 979 492 1035 sufficienter
511 980 646 1034 tractavit
666 982 738 1035 hanc
757 997 815 1034 rem
829 979 979 1041 Gilbertus,
1002 980 1043 1033 ita
1062 978 1180 1048 undique
1201 975 1376 1032 nobilissimis
1397 975 1508 1046 experi-

161 1062 259 1118 mentis
280 1079 312 1117 ae
331 1060 457 1123 munivit,
488 1060 603 1114 omnium
634 1060 877 1115 contradicentium
901 1076 951 1114 ora
978 1059 1134 1120 obstnrxit,
1164 1064 1196 1111 ut
1224 1057 1309 1127 plane
1338 1063 1510 1111 evanescant

164 1160 241 1199 meae
261 1141 467 1212 speculationes
481 1142 515 1194 de
529 1143 611 1195 tarda
624 1141 674 1195 illa
693 1141 859 1212 migratione
880 1141 937 1211 poli
958 1148 1047 1195 motus
1068 1140 1155 1193 diurni
1170 1156 1206 1192 ex
1219 1137 1288 1192 locis
1303 1139 1414 1200 Terrae,
1438 1154 1509 1208 quae

162 1225 189 1279 in
215 1222 358 1277 creatione
385 1221 427 1275 illi
455 1220 556 1275 fuerint
585 1220 720 1288 subjecta.
769 1222 855 1284 Quam
886 1221 1102 1291 speculationem
1127 1225 1205 1273 tanto
1231 1218 1361 1272 libentius
1392 1220 1508 1287 depono,

164 1305 234 1376 quod
253 1302 373 1365 invenio,
394 1301 440 1357 hic
459 1301 571 1373 Praga'e
599 1308 664 1355 ante
686 1295 744 1358 200
765 1317 850 1357 annos
875 1303 1049 1356 observatam
1075 1299 1249 1353 altitudinem
1269 1298 1326 1368 poli
1353 1298 1509 1353 consentire

163 1400 243 1455 qnam
263 1382 389 1453 proxime
410 1399 471 1436 cnm
491 1398 534 1445 ea,
556 1399 626 1452 quae
647 1390 690 1436 est
710 1382 799 1436 hodie.
834 1387 930 1453 (comp
950 1388 995 1453 Ep.
1014 1388 1047 1438 ad
1064 1385 1165 1437 Maesti.
1183 1401 1207 1450 p.
1227 1381 1282 1445 bt.)
1315 1382 1355 1432 At
1375 1379 1510 1448 poscebat

163 1463 298 1537 analogia
318 1469 408 1516 motus
429 1463 465 1516 ab
485 1461 607 1517 Antonio
626 1462 718 1516 Maria
742 1468 832 1533 (comp.
851 1468 909 1521 Vol.
927 1468 959 1527 IL
979 1485 1003 1533 p.
1024 1466 1087 1530 220)
1108 1459 1173 1514 mihi
1199 1458 1358 1523 monstrati,
1384 1466 1418 1512 ut
1436 1458 1511 1514 intra

162 1544 214 1601 boc
233 1549 345 1612 tempu·
368 1535 495 1596 10-12‘
515 1542 626 1595 variata
646 1540 755 1596 fuerint

248 1623 357 1694 [egam
377 1621 515 1694 integrum
535 1638 604 1691 opus
625 1623 671 1676 ubi
691 1623 754 1692 plus
776 1621 825 1676 otii
845 1623 915 1684 erit;
942 1622 1002 1693 jam
1028 1622 1151 1694 maligne
1177 1621 1323 1675 inhaerent
1352 1618 1509 1682 memoriae,

162 1721 232 1777 quae
254 1710 321 1759 ante
346 1701 484 1757 biennium
504 1701 532 1756 in
552 1719 614 1756 mea
641 1703 710 1757 febri
737 1709 876 1773 quartana
896 1721 932 1757 ex
953 1721 985 1756 eo
1007 1702 1090 1757 animi
1114 1702 1210 1774 gratia
1235 1699 1362 1755 delibavi.
1402 1700 1432 1755 si
1453 1716 1509 1771 qua

163 1783 227 1841 mihi
256 1790 407 1838 nascentur
433 1781 534 1845 dubia,
563 1799 622 1835 nrm
642 1783 678 1836 M.
700 1783 731 1837 Τ.
763 1781 974 1838 communicabo.
1015 1785 1047 1837 ln
1071 1800 1203 1853 praesens
1233 1782 1306 1836 ista:
1340 1779 1509 1837 variationis

162 1879 275 1928 causa,
297 1878 378 1934 quam
398 1864 479 1917 affert
499 1862 581 1928 (libro
602 1856 671 1930 Ν),
692 1862 800 1917 ridetur
821 1866 946 1926 obstare,
973 1866 1043 1933 quod
1068 1872 1200 1919 montana
1219 1863 1362 1934 regionum
1383 1862 1419 1916 ad
1438 1861 1509 1914 inte-

162 1961 241 2017 grum
262 1944 378 2015 globum
398 1943 503 1997 nullam
526 1943 632 1997 habeut
657 1944 868 2013 proportionem.
908 1945 939 1998 In
965 1944 1193 1998 declinationibus
1222 1938 1284 2010 (lib.
1304 1937 1352 2009 V.)
1373 1940 1439 1996 mibi
1459 1959 1509 1994 ex·

161 2031 243 2096 pertu
263 2023 312 2076 vel
332 2022 511 2092 impossibilia
530 2023 575 2076 vel
597 2023 812 2077 sumtuosissima
832 2024 1024 2093 experimenta
1043 2025 1184 2093 proponit,
1206 2023 1252 2076 ubi
1272 2024 1338 2076 fides
1359 2027 1404 2076 est
1423 2039 1508 2091 penes

163 2111 314 2159 auctorem.
352 2107 393 2157 At
412 2103 478 2173 quia
501 2109 689 2158 consentanea
712 2103 778 2156 dicit
798 2110 827 2157 et
847 2104 874 2158 in
895 2105 994 2158 ceteris
1015 2105 1082 2158 fides
1096 2106 1163 2181 'eJus
1191 2105 1341 2173 explorata
1360 2109 1416 2165 est,
1439 2101 1507 2155 nihil

161 2192 203 2239 eat
224 2200 276 2239 cnr
295 2189 453 2253 suspectum
466 2184 601 2245 habeam;
623 2200 687 2238 nam
699 2202 735 2237 ex
750 2185 815 2237 stilo
829 2192 957 2254 apparet,
979 2183 1065 2239 virum
1079 2201 1192 2255 gravem
1206 2200 1268 2237 esse
1282 2201 1333 2236 nec
1352 2182 1508 2253 vulgarium

163 2265 298 2320 Italorum
318 2262 442 2319 similem.
476 2266 519 2316 Ad
540 2264 609 2317 baec
631 2271 674 2317 tot
693 2271 724 2317 et
744 2272 825 2319 tanta
844 2272 944 2319 ettam
965 2272 1143 2319 controversa
1162 2263 1379 2333 superaedificat,
1401 2269 1508 2316 utnon

163 2344 266 2415 injuria
286 2343 392 2397 censeri
413 2344 527 2407 debeat,
558 2343 756 2397 declinaturum
776 2345 860 2399 fuisse
881 2345 1034 2408 infamiam,
1056 2359 1126 2416 quae
1152 2346 1240 2414 ipsum
1267 2351 1396 2397 secutura
1415 2342 1507 2406 tlrerit,

164 2426 185 2481 si
205 2426 285 2479 falsa
304 2424 413 2495 alleget
433 2424 632 2494 experimenta.
672 2426 710 2478 Et
736 2425 838 2494 passim
865 2433 947 2480 taxat
973 2426 1129 2479 fabularum
1154 2425 1332 2487 architectos,
1362 2423 1509 2494 potuitque

166 2504 274 2560 nemine
295 2510 465 2576 suggerente
486 2504 553 2557 illud
575 2505 711 2575 cogitare,
738 2512 818 2575 turpe
839 2523 900 2559 esse
920 2507 1039 2569 doctori,
1064 2523 1124 2560 oum
1145 2507 1229 2575 culpa
1248 2504 1392 2575 redarguit
1411 2504 1508 2573 ipsum.

167 2584 284 2639 Accedit
302 2583 443 2655 peculiare
464 2592 665 2655 argumentum,
687 2603 735 2639 cur
755 2594 784 2639 et
805 2586 830 2639 in
852 2586 1045 2640 directionibus
1066 2586 1119 2657 ipsi
1139 2587 1219 2640 fidem
1239 2586 1366 2640 habeam.
1394 2584 1507 2647 Quanti·

168 2672 252 2720 tatem
266 2663 482 2719 declinationum
494 2665 624 2734 proponit
637 2665 684 2720 ille
699 2666 840 2735 perplexis
855 2666 945 2720 nescio
960 2667 1058 2737 quibus
1073 2667 1161 2720 curris
1176 2665 1264 2730 lineis,
1279 2687 1311 2721 ro
1331 2664 1375 2719 ὁτι
1391 2666 1507 2719 aderens

168 2748 327 2815 modumque
347 2743 475 2799 metiendi
490 2746 712 2816 qualemcunque.
734 2764 787 2800 non
802 2747 982 2810 dissimulans,
998 2765 1028 2800 se
1041 2768 1074 2801 ro
1091 2748 1164 2802 diors
1184 2746 1391 2816 particularium
1405 2744 1507 2799 dimen-

169 2826 273 2880 sionum
294 2824 440 2896 ignorare;
471 2842 523 2895 quo
544 2825 630 2879 miuus
660 2835 816 2895 suspectum
837 2834 881 2881 est
901 2828 987 2897 ipsum
1007 2848 1039 2882 ro
1063 2823 1113 2882 ὅτι.
1153 2829 1216 2897 Ego
1244 2843 1309 2879 vero
1334 2825 1507 2895 deprehendo

170 2922 280 2961 mnsam
300 2903 411 2958 illarum
431 2904 624 2959 dimensionum
644 2907 851 2977 geometricam,
873 2925 944 2978 quae
965 2910 1158 2978 propemodum
1178 2908 1248 2960 idem
1272 2911 1414 2977 praestat,
1436 2908 1507 2975 quod

169 2986 252 3057 ipsius
273 2981 415 3052 ἆναιιητοι
433 3001 533 3039 curvae
554 2986 662 3041 lineae:
691 3005 741 3039 nec
761 3005 825 3040 curo
846 2990 879 3041 de
900 2988 1150 3058 discrepatiuucula
1175 2988 1301 3049 minima;
1328 3003 1392 3042 nam
1412 3002 1509 3038 sensus

170 3066 292 3121 iahisce
313 3063 468 3119 tenerrimis
489 3066 684 3135 experimentis
705 3084 738 3121 ac
752 3069 913 3136 praesertim
933 3069 961 3122 in
975 3076 1033 3122 tam
1053 3068 1147 3139 parvis
1166 3067 1288 3138 globulis
1302 3084 1356 3121 non
1370 3065 1511 3119 descendit

170 3148 201 3200 ad
220 3145 342 3201 minima.
384 3144 477 3199 Caura
497 3162 577 3216 quam
598 3147 654 3200 dixi
683 3149 853 3218 geometrica
873 3150 942 3203 baec
967 3155 1027 3203 est:
1058 3149 1087 3202 in
1107 3149 1192 3220 globo
1216 3147 1372 3219 magnetico
1401 3145 1512 3200 dimidia

170 3244 232 3298 pars
252 3224 408 3297 porrigitur
427 3225 456 3279 in
475 3227 691 3295 septentriones,
720 3228 830 3281 dimidia
849 3229 876 3282 in
898 3236 1038 3285 austrum:
1068 3230 1140 3282 etsi
1166 3230 1359 3283 ferramentum
1380 3243 1429 3281 seu
1449 3243 1511 3281 vcr-
1569 3285 1575 3299 ,

172 3308 270 3363 soriam
290 3306 329 3360 sit
348 3305 377 3360 in
397 3304 592 3376 aequinoctiali
611 3307 728 3378 globuli,
749 3307 876 3377 dirigitur
895 3311 1047 3378 parallelos
1069 3310 1117 3363 axi
1138 3310 1253 3380 globuli,
1275 3327 1329 3363 non
1348 3307 1510 3368 inclinatum

172 3389 192 3442 si
214 3388 279 3442 inde
309 3385 395 3441 luerit
424 3386 565 3459 digressa,
595 3387 750 3442 inclinatur.
798 3389 894 3458 Itaque
925 3389 1046 3443 dimidius
1076 3390 1176 3461 globus
1206 3390 1234 3443 in
1264 3405 1349 3443 causa
1377 3394 1511 3442 versatur.

173 3468 299 3522 Cetersrm
320 3465 407 3520 omnis
428 3466 575 3521 declinatio
595 3466 623 3520 in
643 3485 697 3521 uno
718 3474 748 3521 et
768 3470 860 3522 eodem
881 3469 983 3523 circulo
1006 3470 1124 3523 maximo
1146 3487 1197 3539 per
1217 3471 1294 3539 polos
1315 3475 1399 3523 eunte
1418 3486 1511 3523 nume·

172 3553 254 3612 ratur,
278 3547 350 3616 quod
371 3545 433 3600 inde
453 3547 498 3611 bt,
521 3547 586 3618 quia
611 3548 757 3601 declinatio
785 3551 869 3602 omnis
891 3552 925 3603 ad
946 3551 1024 3618 polos
1048 3550 1149 3620 vergit.
1189 3550 1304 3603 Etiamsi
1326 3550 1396 3604 enim
1417 3565 1435 3603 a
1455 3549 1512 3619 pri·

172 3627 240 3681 stino
261 3626 324 3680 loco
345 3632 489 3680 moveatur
508 3627 660 3683 versorium
674 3631 708 3682 ad
723 3635 810 3683 ortum
825 3632 876 3683 sub
890 3632 983 3684 eodem
1003 3631 1142 3700 parallelo
1156 3636 1185 3683 et
1198 3631 1250 3684 sub
1264 3632 1359 3683 eadem
1380 3629 1513 3683 distantia

172 3707 280 3777 apolo,
303 3706 396 3775 itaque
417 3705 532 3770 accidat,
554 3714 586 3761 ut
599 3726 659 3761 cum
680 3709 754 3779 prius
775 3711 826 3764 sub
846 3710 993 3764 meridiano
1014 3710 1092 3780 primi
1107 3709 1159 3763 loci
1179 3709 1365 3774 declinaverit,
1382 3710 1444 3779 jam
1457 3728 1511 3764 non

172 3786 218 3842 snb
238 3786 300 3852 illo,
321 3787 369 3839 aed
389 3787 441 3840 sub
462 3787 518 3840 alio
538 3789 688 3843 meridiano
709 3791 832 3845 abnuens
847 3807 865 3845 a
878 3791 981 3845 vertice
1001 3790 1080 3861 primi
1099 3790 1258 3844 meridiani:
1279 3798 1373 3845 tamen
1385 3790 1438 3845 hoc
1458 3808 1512 3844 non

172 3865 296 3923 venitin
316 3882 427 3921 censum
447 3868 646 3933 declinationis,
668 3870 734 3941 quia
753 3871 895 3926 meridiani
914 3871 1012 3927 infiniti
1032 3878 1104 3934 sunt,
1125 3872 1217 3925 nullus
1236 3872 1290 3925 alio
1310 3871 1408 3941 potior,
1430 3873 1511 3925 atad

172 3946 246 4005 illurn
276 3945 367 4001 solum
393 3953 545 4003 ceterorum
576 3950 774 4005 declinationes
803 3958 1010 4021 comparentur;
1041 3953 1120 4022 polus
1140 3969 1206 4006 vero
1226 3958 1272 4006 est
1295 3952 1404 4013 unicus,
1425 3952 1510 4004 etad

172 4027 243 4083 illum
265 4035 462 4097 comparantur
482 4029 679 4084 declinationes
701 4033 817 4086 omnium
838 4034 933 4101 apolo
953 4032 1153 4088 distantiarum.
1177 4033 1224 4086 Ex
1245 4032 1342 4103 quibus
1363 4031 1509 4093 conficitur,

173 4106 308 4162 dinu'dium
326 4108 406 4177 globi
426 4110 462 4163 ad
482 4112 691 4165 mensurandam
716 4112 924 4167 declinationem
945 4130 997 4166 non
1019 4112 1143 4166 adhiberi
1170 4113 1342 4183 corpulentia
1361 4127 1423 4173 sua,
1446 4110 1511 4180 qnia

173 4204 257 4260 neque
279 4187 428 4242 declinatio
449 4189 477 4242 in
496 4190 609 4261 longum
631 4198 661 4244 et
682 4193 782 4253 latum,
811 4193 852 4246 uti
873 4193 942 4254 dixi,
975 4196 1021 4246 sed
1042 4199 1149 4246 tantum
1169 4194 1197 4248 in
1218 4195 1304 4248 latum
1331 4192 1511 4246 mensuranda

173 4272 306 4338 praestat.
334 4267 386 4321 Ubi
408 4268 429 4322 si
451 4269 535 4324 etiam
554 4273 589 4324 ad
610 4272 722 4342 longum
743 4273 883 4341 respicias,
904 4273 1050 4326 declinatio
1071 4273 1163 4342 potius
1183 4275 1261 4329 nulla
1280 4282 1323 4327 est
1343 4273 1369 4325 in
1387 4272 1508 4340 longum,

174 4365 203 4403 so
221 4346 299 4420 ipso,
332 4350 403 4419 quod
423 4348 479 4403 dixi
509 4350 717 4404 declinationem
738 4353 765 4405 in
786 4353 944 4415 meridiano,
976 4353 1021 4424 qui
1041 4355 1154 4425 globum
1184 4355 1298 4408 bisecat.
1337 4349 1510 4420 Relinquitur

174 4444 244 4501 ergo,
266 4427 293 4483 si
312 4427 449 4483 dimidium
468 4430 546 4501 globi
567 4439 709 4485 mensurat
733 4432 942 4496 declinationes,
971 4452 1023 4486 non
1045 4442 1186 4489 mensurat
1209 4442 1300 4489 autem
1328 4429 1506 4500 corpulentia,

175 4508 341 4565 mensurabit
361 4508 448 4580 igitur
473 4512 575 4565 circulo
600 4512 718 4566 maximo
739 4530 788 4566 seu
813 4515 896 4582 plano
923 4514 1064 4568 meridiani
1088 4533 1138 4585 per
1163 4522 1283 4569 centrum
1304 4517 1399 4572 eunte,
1423 4510 1506 4578 plano

177 4586 282 4661 inquam
300 4588 417 4653 bisecto,
439 4591 503 4661 quia
523 4597 553 4646 et
572 4593 650 4663 globi
671 4592 805 4646 dimidium
826 4598 933 4648 tantum
953 4594 1108 4649 assumitur.

256 4669 302 4725 Sit
314 4671 387 4725 ACB
402 4675 469 4743 (rig.
494 4675 559 4732 1³3)
579 4672 763 4726 semicirculus
778 4664 857 4743 globi
875 4674 1024 4744 magnetici
1038 4691 1088 4728 seu
1107 4673 1288 4735 telluriculae,
1310 4672 1359 4725 ΔΒ
1373 4667 1401 4720 in
1414 4665 1507 4737 aequi·

177 4749 293 4814 mab.
307 4750 336 4807 -Ο
355 4750 451 4821 polus,
473 4752 520 4807 CD
546 4751 682 4807 dimidium
709 4752 779 4806 axis.
819 4757 854 4815 A,
874 4753 908 4817 E,
928 4754 957 4816 F,
979 4755 1012 4817 G,
1033 4756 1069 4819 Η,
1091 4756 1111 4809 C
1132 4753 1230 4808 diversi
1254 4753 1359 4823 positus
1386 4747 1507 4802 vertorii.

178 4828 316 4903 Ducantm
335 4848 373 4885 ex
391 4826 425 4896 Ε,
443 4832 473 4895 F,
492 4833 526 4894 G,
546 4834 573 4886 Η
592 4831 724 4902 paralleli
743 4831 796 4901 ipsi
814 4833 874 4885 AB.
906 4832 974 4894 Cum
992 4851 1061 4907 ergo
1080 4833 1228 4890 versorium
1252 4833 1281 4888 in
1300 4837 1326 4887 A
1350 4832 1394 4884 est
1412 4828 1507 4898 paral·

180 4907 260 4971 blan
278 4909 340 4989 ipsi
352 4908 415 4978 DA,
435 4929 488 4969 nec
507 4913 668 4985 inclinatur,
689 4911 754 4993 quia
774 4916 861 4969 nan
881 4913 1064 4989 quantitatem
1082 4917 1154 4975 ΑΘΒ
1173 4913 1251 4986 plani
1277 4915 1364 4971 babet
1382 4913 1448 4965 ante
1467 4924 1506 4977 se,
