3368 5534
306 307 372 382 678
911 316 949 369 n·
971 314 1051 368 aas

306 501 383 570 Ergo
404 497 590 571 logaritlrmus
611 498 647 550 ad
670 489 722 551 320
744 491 791 550 20’
812 504 857 550 est
898 491 997 552 62578

517 577 664 650 Logarith.
692 570 725 630 1⁰
747 571 775 631 2’
799 571 1022 659 100491200-

528 667 562 730 00
584 671 631 731 33’
653 669 730 737 20“;
750 675 855 746 Logar.
877 670 996 729 463778

528 757 559 809 lu
584 754 736 810 Meridiano
758 748 811 809 230
825 747 874 808 24’
895 749 920 819 Ω

535 837 567 891 In
587 837 728 909 Nonages.
753 830 797 890 10.
824 828 862 887 38
892 827 916 897 il

677 934 733 988 MN
756 926 800 987 12.
824 929 863 987 46
893 931 981 986 Antii.
1006 936 1042 1000 (la
1063 953 1085 989 s.
1105 938 1155 1004 log.
1175 935 1276 1002 compl.)
1308 925 1396 988 -2502

522 1013 629 1068 Deinde
650 1014 731 1069 culm.
755 1005 806 1066 130
827 1007 876 1067 46¹

566 1094 648 1149 Altit.
671 1111 731 1165 aeq.
738 1087 862 1180 4-1-44

756 1186 802 1248 ss.
825 1168 889 1244 3⁰„
911 1231 918 1245 .
960 1229 967 1244 .
1009 1232 1016 1246 .
1056 1218 1080 1245 ,Α
1105 1230 1113 1244 .
1155 1229 1161 1243 .
1203 1182 1396 1274 aalma}

452 1294 528 1360 Aug.
551 1289 601 1342 ecl.
624 1295 654 1342 et
674 1289 733 1343 hor.
757 1284 803 1344 57.
827 1285 866 1342 40
887 1287 957 1340 idem
976 1286 1024 1357 qni
1038 1302 1130 1356 snpra
1202 1287 1274 1358 Log.
1298 1280 1391 1342 16841

397 1370 500 1441 Opinor
521 1369 544 1423 si
565 1369 653 1423 sinum
675 1360 728 1422 410
751 1364 798 1425 35¹
826 1367 1037 1421 infuscandum
1059 1359 1382 1436 32⁰20‘multiplices,
1410 1366 1585 1437 proditum
1602 1369 1643 1423 ine

307 1453 422 1506 cundum
442 1467 522 1505 mons
544 1441 596 1503 430
619 1443 711 1514 selu,
740 1457 769 1502 st
788 1449 862 1502 hanc
886 1464 948 1501 esse
973 1447 1127 1519 legitimam
1151 1448 1224 1501 viam
1244 1447 1399 1518 inquirendi
1417 1447 1559 1518 :ugrum
1577 1449 1643 1519 edif-

306 1533 379 1587 tiaae
400 1539 430 1585 at
448 1528 598 1584 verticalis.

393 1614 439 1667 Ex
459 1611 503 1664 his
523 1609 610 1681 igitur
631 1608 704 1662 dada
724 1609 808 1663 etiam
829 1609 953 1677 probabo
974 1610 1107 1680 angulum
1128 1606 1274 1677 eclipticas
1295 1623 1357 1661 cnm
1377 1607 1519 1672 verticuli,

646 1680 672 1751 J)
702 1682 755 1743 290
792 1681 820 1742 3’
840 1680 873 1749 Π

570 1771 679 1843 Nonag.
703 1763 747 1825 10.
772 1765 811 1824 38
841 1763 865 1834 Sl

701 1867 747 1923 41.
773 1864 809 1922 35
899 1868 1001 1936 Logar.
1023 1860 1117 1920 40991

442 1948 551 2016 Nonag.
573 1963 591 2000 a
611 1955 680 2002 vert.
703 1941 754 2001 320
776 1944 825 2003 20‘
932 1946 1002 2000 Mes.
1024 1939 1122 2000 45730
1139 1948 1174 2014 ·†-
1194 1948 1441 2018 (Meroloparithmna
1463 1968 1491 1992 =
1508 1953 1560 2021 tog.
1577 1955 1645 2021 sq.)

888 2023 929 2031 ι..
953 2020 1032 2028 ’.αι-
1045 2020 1154 2029 ,φᾶ-α
1167 2020 1202 2029 u—

704 2043 751 2101 43.
777 2040 846 2105 38011
929 2045 998 2099 Mes.
1031 2038 1172 2104 ’4739-1·

397 2122 506 2186 Omnia
529 2123 731 2199 consentiunt,
756 2123 895 2203 angulum
929 2122 1086 2202 eclipticae
1110 2139 1175 2183 cum
1206 2120 1343 2181 verticalt
1368 2119 1477 2183 Lunae
1500 2143 1571 2185 esse
1592 2144 1644 2186 ms

300 2213 408 2293 jorem,
434 2212 550 2273 scilicet
574 2230 631 2273 non
657 2207 717 2275 390
743 2209 802 2287 14’,
828 2213 880 2274 sed
905 2207 967 2274 430
991 2207 1033 2273 38
1043 2204 1100 2292 ¹12¹.
1147 2208 1264 2279 Quarto
1288 2209 1367 2289 quod
1396 2210 1515 2274 attinet
1541 2216 1644 2287 mapul-

304 2301 438 2363 tudinem
462 2301 609 2371 defectus,
633 2301 704 2362 mihi
728 2301 862 2362 insolens
884 2318 942 2360 non
958 2307 1016 2374 ast,
1042 2318 1108 2360 eum
1124 2299 1252 2360 diversis
1276 2297 1369 2359 videri
1393 2298 1562 2364 diversum.
1592 2301 1644 2382 ap

218 2408 223 2417 ⁴
304 2400 386 2452 certe
410 2401 442 2450 et
465 2389 672 2468 Griugalletns
698 2408 780 2451 meus
808 2388 1031 2467 diligentissimi
1056 2388 1102 2449 hic
1131 2388 1254 2461 fuimus,
1284 2398 1315 2448 et
1338 2387 1385 2449 usi
1407 2408 1517 2451 sumus
1541 2394 1643 2471 perspi·

304 2479 381 2541 cillis
405 2497 463 2539 non
488 2480 608 2539 nimium
642 2478 925 2559 multiplicantibus,
960 2479 1004 2538 sio
1028 2487 1061 2537 ut
1083 2477 1170 2539 Luna
1199 2484 1266 2537 tota
1296 2477 1385 2539 simul
1417 2478 1519 2541 videri
1552 2482 1643 2561 possit.

302 2566 345 2629 Et
367 2568 502 2650 quamvis
526 2587 585 2629 non
608 2575 748 2628 accurate
772 2568 906 2646 potuerit
928 2566 1097 2638 aestimari,
1120 2584 1179 2627 non
1202 2573 1303 2626 tamen
1333 2564 1568 2639 dubitabamus,
1590 2570 1644 2650 prin

302 2658 384 2719 circa
407 2657 536 2718 medinm
561 2664 645 2717 esset
667 2674 746 2717 nona
769 2676 839 2735 pars
862 2656 966 2717 Lunae
989 2656 1019 2715 iu
1044 2655 1153 2716 lumine
1177 2653 1306 2715 circiter.
1349 2653 1433 2715 Sane
1460 2652 1539 2717 hasa
1561 2658 1645 2719 inser·

292 2746 399 2808 titudo
433 2745 613 2807 observandi
643 2745 754 2823 digitos
788 2745 861 2806 lecit
890 2763 936 2805 me
966 2743 1087 2805 taudem
1125 2743 1285 2821 desperare
1319 2742 1356 2803 de
1387 2745 1546 2822 parallui
1561 2738 1645 2809 'Solis

301 2833 564 2897 obseruationibus
588 2834 671 2895 hisce
700 2835 845 2908 eruenda,
879 2833 957 2913 quod
982 2852 1038 2894 nou
1070 2831 1257 2893 dissimulavi
1281 2831 1310 2891 in
1336 2829 1512 2895 Commeat.
1538 2835 1644 2903 Martis

301 2924 389 3006 inque
412 2921 643 3003 Ephemeridum
668 2923 870 3002 praeambulo.
918 2933 1022 3001 (comp.
1039 2930 1151 3001 opticen
1171 2947 1248 2986 mesa
1270 2932 1317 2986 tol.
1334 2925 1401 2988 320.
1420 2928 1505 2997 349.)
1553 2924 1645 3005 ltaque

300 3012 331 3073 in
350 3012 500 3092 Epitoma,
526 3030 601 3091 quae
625 3013 702 3074 forte
727 3012 841 3085 edetur,
866 3011 1035 3091 parallaxin
1051 3010 1132 3072 Solis
1151 3011 1333 3072 constituam
1348 3031 1367 3071 a
1381 3011 1488 3090 priori,
1514 3015 1644 3075 minoren

301 3120 368 3163 earn
391 3101 506 3162 iaciens
537 3120 625 3181 quam
648 3102 678 3161 in
701 3100 949 3181 Ephemeridibus
974 3109 1005 3159 et
1028 3100 1147 3160 omnino
1170 3111 1300 3173 tantam,
1334 3110 1484 3179 quantam
1508 3103 1541 3164 in
1564 3102 1643 3167 con-

301 3191 447 3252 mentario
463 3190 572 3250 Martis
596 3190 768 3270 suspicatus
792 3208 867 3253 sum.
906 3190 984 3250 Nam
1005 3188 1031 3248 si
1050 3188 1107 3249 hoc
1127 3189 1418 3268 arioma'usurpem,
1445 3192 1542 3251 toties
1556 3192 1643 3254 Solen

301 3296 368 3339 esse
391 3280 534 3359 majorem
553 3278 656 3353 Terra,
682 3280 800 3358 quoties
825 3278 1046 3340 semidiameter
1069 3277 1149 3339 orbis
1174 3275 1213 3355 Θ
1238 3277 1333 3357 major
1357 3286 1406 3347 est
1429 3279 1642 3343 semidiametro

300 3367 421 3442 Terrae,
445 3374 477 3427 et
493 3366 623 3429 vicissim
648 3370 741 3429 toties
756 3369 878 3430 Terram
903 3367 1047 3446 majorem
1061 3366 1157 3439 Luna,
1182 3366 1299 3447 quoties
1323 3366 1554 3431 semidiameter
1576 3369 1642 3431 orbis

300 3455 403 3518 Lunae
427 3464 475 3517 est
506 3456 602 3536 major
632 3458 856 3519 semidiametro
879 3457 990 3517 Terrae
1020 3456 1173 3534 ejusdem:
1209 3455 1344 3534 sequitur
1366 3468 1508 3518 assumto
1532 3458 1643 3521 viriosa

299 3562 454 3625 apogaeae
477 3546 586 3623 angulo
607 3542 661 3608 30‘
681 3542 745 3625 (riui
769 3546 860 3607 habet
883 3546 973 3606 etiam
999 3564 1068 3605 suas
1092 3545 1224 3605 rationes
1247 3564 1267 3603 a
1289 3543 1397 3623 priori)
1414 3544 1524 3608 Solem
1547 3548 1643 3609 stem

300 3630 386 3698 3469
410 3634 643 3696 semidiametris
667 3634 696 3695 in
720 3635 859 3697 mediocri
884 3634 1041 3705 distantia,
1065 3632 1180 3694 Lunam
1200 3629 1261 3696 59:
1285 3651 1357 3712 ergo
1378 3633 1463 3694 Solis
1487 3636 1643 3715 paralluis

298 3723 419 3784 circiter
452 3723 489 3785 1‘.
545 3724 603 3784 Pro
637 3725 838 3784 concinnitate
868 3742 939 3783 vero
972 3722 1191 3801 proportionis,
1229 3741 1318 3801 quam
1348 3722 1426 3800 elegi
1463 3723 1495 3784 in
1526 3724 1641 3805 epten

297 3813 385 3873 llum.
412 3812 442 3874 7.
470 3813 533 3892 jam
558 3812 678 3873 obtineo
709 3813 797 3873 aliam
830 3813 1060 3874 concinnitatem
1085 3830 1158 3871 sane
1190 3829 1278 3890 quam
1308 3811 1504 3887 mirabilem:
1536 3814 1641 3876 seim«

298 3902 386 3974 hanc,
411 3902 488 3981 quod
512 3902 557 3962 his
579 3902 695 3980 legibus
718 3902 847 3982 sphaera
862 3901 966 3962 Lunae
981 3900 1015 3961 fit
1034 3900 1161 3961 medium
1185 3899 1409 3980 proportionale
1433 3900 1517 3963 inter
1532 3902 1640 3982 globum

296 3990 410 4052 Terrae
435 3997 466 4050 et
489 3991 648 4069 sphaeram
664 3990 745 4052 Solis
762 3992 828 4061 (seu
848 3991 976 4062 Terrae)
1001 3989 1080 4050 sicut
1099 3988 1175 4050 libro
1195 3989 1232 4050 de
1252 3987 1350 4051 Stella
1367 3989 1458 4051 Nova
1477 3995 1525 4060 (11,
1543 4014 1569 4065 p
1586 3996 1640 4055 ml

298 4078 456 4161 sphaeram
473 4077 606 4150 Saturni,
631 4079 733 4139 extimi
759 4079 918 4149 mobilium,
944 4079 999 4139 feci
1025 4078 1152 4138 modium
1176 4077 1399 4156 proportionale
1423 4078 1506 4141 inter
1530 4080 1638 4160 globrn

298 4168 380 4229 Solis
413 4168 536 4228 motoris
568 4179 598 4227 et
631 4168 792 4246 sphaeram
822 4169 963 4243 surarum
996 4167 1074 4247 quod
1098 4186 1135 4227 ea
1157 4184 1189 4227 re
1213 4167 1422 4240 conlimmtur,
1458 4170 1540 4250 qnod
1572 4170 1638 4230 sieut

296 4264 395 4319 motus
418 4257 606 4336 planetarum
629 4274 666 4317 er
693 4255 854 4333 soleant,
888 4257 931 4317 sic
962 4256 1053 4317 etiam
1085 4264 1184 4316 motus
1208 4256 1312 4316 Lunae
1337 4265 1386 4316 est
1409 4276 1446 4318 ex
1471 4258 1582 4329 Terra.
1608 4276 1637 4317 er

298 4345 451 4429 utriusque
482 4344 598 4405 scilicet
628 4345 710 4424 globi
741 4346 909 4407 tornatioue
943 4346 1022 4406 circa
1054 4363 1151 4405 arem.
1204 4343 1266 4406 Sed
1298 4344 1373 4405 haec
1405 4346 1515 4408 obiter.
1562 4347 1636 4409 Nunc

298 4434 388 4513 igitur
412 4434 459 4496 his
483 4433 664 4505 dilucidatis,
688 4453 760 4514 rogo
784 4434 929 4513 majorem
953 4434 982 4495 in
1006 4434 1134 4507 modum,
1159 4434 1245 4512 idque
1269 4442 1392 4514 propter
1413 4435 1525 4497 bonum
1547 4436 1636 4518 publi·

298 4541 364 4584 cum
388 4533 419 4585 et
441 4531 564 4602 propter
587 4524 728 4584 honorem
759 4523 956 4602 professionis
987 4531 1124 4594 nostrae,
1158 4542 1234 4602 quae
1258 4524 1399 4584 consistit
1422 4525 1451 4585 in
1476 4525 1534 4587 hoc
1559 4526 1634 4605 adju·

299 4613 406 4686 vando,
431 4623 463 4673 ut
478 4611 631 4691 dispicias,
655 4611 725 4692 quid
751 4611 897 4691 agendum
922 4623 1009 4690 putes
1033 4612 1062 4672 in
1079 4622 1159 4672 motu
1183 4614 1307 4673 fixarum
1331 4613 1529 4675 emendando.
1569 4614 1634 4677 Nan

298 4700 409 4761 similia
432 4701 523 4761 etiam
547 4720 585 4761 ex
608 4702 757 4762 nonnullis
782 4700 1041 4762 observationibus
1066 4700 1196 4762 Veneris
1219 4700 1322 4761 videor
1351 4719 1456 4763 eruere
1485 4721 1587 4782 posse,
1609 4714 1634 4760 us

244 4806 250 4817 ·
299 4788 342 4847 ita
364 4788 487 4850 diurnae
512 4788 538 4862 Ω
562 4789 790 4851 observationes
813 4809 880 4851 curn
911 4790 1055 4870 proximis
1078 4788 1259 4870 Tychonicis
1288 4791 1445 4853 nocturnis
1476 4792 1633 4854 interventu

298 4874 411 4939 horarii
433 4874 460 4951 Ω
484 4894 544 4939 uon
568 4879 680 4959 optima
703 4876 892 4941 conveniant.
