3374 5528
168 309 233 378 364
515 261 524 279 ·
655 307 694 359 De
712 307 819 359 Motibus
838 307 932 360 Stellae
949 309 1041 361 Martis

190 475 192 481 ⁵
256 489 346 561 Quod
355 486 461 568 rigitur
485 476 595 549 at'tinet
617 486 753 566 quintum
776 487 897 548 modum
919 496 952 547 et
975 487 1186 551 distantiarum
1216 489 1355 572 ipsarum
1386 508 1520 563 mmmm.

165 580 243 641 ratio
258 597 375 640 rursum
399 578 545 639 reclamat
564 575 706 636 methodo
730 576 941 655 aequationum
955 577 1024 638 huic
1042 578 1171 642 innixae.
1211 579 1390 661 Repetatur
1407 581 1520 643 schem

166 669 256 749 hujus
279 668 388 746 capitis
412 667 574 746 proprium,
599 673 630 724 et
645 674 823 726 revocentur
841 665 869 726 in
886 666 1069 741 memoriam,
1094 687 1170 748 quae
1185 668 1270 741 dicta
1295 678 1369 732 snut
1387 668 1426 731 de
1439 669 1519 731 modo

512 755 618 834 primo.
665 756 700 815 In
724 753 775 814 illo
805 754 883 815 enim
907 755 993 818 cAD
1023 758 1174 819 anomalia
1205 758 1410 822 distantiaria
1439 777 1520 821 cose·

514 852 606 924 quata
629 843 819 905 dividebatur
843 843 872 904 in
895 846 1007 923 gradus
1035 847 1192 927 aequales,
1218 866 1256 908 ex
1280 868 1343 929 quo
1366 847 1472 922 liehat,
1492 857 1522 908 ut

515 932 569 996 OD
594 940 748 993 secaretur
771 933 801 992 in
815 939 919 1011 partes
943 933 1118 1014 inaequales
1142 944 1173 996 et
1189 948 1331 1016 magnas,
1357 944 1391 999 et
1404 937 1521 999 haberet

515 1020 676 1082 distantias
708 1040 837 1100 paucas,
869 1022 964 1082 unde'
980 1023 1184 1087 accidentaria
1216 1026 1352 1106 quadam
1380 1024 1523 1088 medicina

514 1111 623 1171 erroris
647 1117 779 1189 arrepta,
803 1126 842 1169 ex
857 1129 971 1171 summa
990 1112 1201 1175 distantiarum
1215 1114 1247 1176 in
1262 1113 1322 1191 CD
1339 1116 1420 1177 colle
1443 1114 1451 1130 ⁸

513 1199 667 1260 distantiis
692 1199 752 1259 illis
785 1208 955 1278 competere
987 1200 1155 1287 breuiorem
1182 1222 1288 1265 arcum
1310 1205 1392 1280 ΕΙ),
1417 1212 1453 1267 ut

513 1288 544 1348 in
562 1286 619 1348 ΑΕ
643 1288 868 1362 transferretur,
895 1297 926 1350 et
944 1288 989 1365 stc
1003 1290 1059 1352 ΕΙ)
1084 1292 1113 1352 in
1127 1300 1232 1370 partes
1256 1294 1406 1376 aequales

513 1385 545 1437 et
578 1374 710 1456 quolrhet
740 1376 836 1455 gradu
867 1378 912 1439 sui
946 1399 1004 1440 uua
1035 1379 1182 1442 distantia
1216 1381 1390 1445 instructus
1420 1374 1456 1443 h'

512 1473 627 1542 posset.
673 1465 731 1551 Hic
763 1484 836 1529 vero
865 1484 925 1528 non
958 1487 996 1529 ex
1026 1489 1141 1532 summa
1170 1471 1392 1534 distantiarum
1420 1464 1471 1534 in'

512 1554 718 1627 inventarum,
753 1555 807 1614 sed
839 1570 877 1615 ex
909 1556 1118 1621 commixtione
1151 1559 1365 1640 hypotheseos
1396 1559 1428 1622 vi
1480 1555 1489 1573 ⁶

512 1663 585 1719 cum
601 1643 763 1725 hypothesi
787 1638 999 1711 distantiafim
1023 1647 1122 1725 capite
1145 1648 1264 1711 XLVI.
1291 1649 1449 1723 instituta,
1466 1648 1522 1729 jem

512 1710 596 1793 sacti
627 1742 659 1792 et
686 1732 824 1812 perfecta
854 1741 902 1794 est
935 1736 1095 1798 translatio
1128 1737 1223 1817 ipsius
1247 1736 1308 1801 AC
1339 1737 1468 1821 imas,
1494 1744 1521 1797 et

511 1821 679 1883 anomaliae
709 1820 869 1895 mediae*)
901 1819 1006 1904 (quam
1038 1825 1076 1886 ad
1111 1823 1169 1887 CA
1191 1827 1239 1908 vel
1263 1825 1326 1891 ΕΑ
1350 1824 1521 1891 manum

509 1911 720 1972 inveniendam
736 1911 767 1971 iu
783 1909 837 1973 OD
862 1931 933 1974 arcu
956 1913 1194 1990 numeravimus)
1216 1916 1354 1979 tributus
1372 1925 1423 1980 est
1441 1932 1520 1978 arms

240 1984 243 1993 ’
285 2023 321 2095 qq.
418 1989 428 2025 ''
508 1998 584 2073 ΕΙ);
606 2000 803 2081 siccamen,
837 2009 870 2061 ut
892 2000 954 2081 Bm
970 2008 1002 2065 et
1024 2003 1081 2067 Ac
1106 2023 1163 2065 non
1200 2005 1262 2066 siut
1291 2006 1361 2085 jam
1394 2002 1520 2086 praecise

514 2080 653 2169 paralleli
676 2096 711 2150 ut
734 2090 822 2150 modo
847 2089 961 2169 primo.¹
995 2090 1073 2167 Hoc,
1096 2092 1227 2174 inquam,
1248 2094 1317 2172 jam
1342 2095 1459 2157 iactum
1477 2109 1520 2174 per

168 2180 320 2261 commixt'
335 2198 411 2265 'nem
434 2179 652 2262 hypotheseon,
677 2178 751 2238 nihil
775 2198 849 2257 opus
873 2187 922 2240 est
962 2200 1061 2255 ,rsum
1089 2181 1153 2243 fieri
1176 2202 1230 2262 per
1254 2185 1475 2264 operationem,
1494 2187 1519 2242 ut

167 2258 256 2337 modo
278 2292 299 2354 p
346 2258 384 2333 ὀ.
424 2269 486 2332 Sed
508 2269 566 2331 hoc
590 2268 689 2329 solum
712 2268 873 2348 quaeritur,
900 2196 1122 2337 anliistantiae
1144 2269 1213 2346 AC,
1238 2271 1298 2333 ΑΕ
1322 2288 1454 2354 paucae,
1472 2270 1517 2333 hoc

169 2363 272 2444 quinto
296 2360 383 2453 rqodo
408 2359 554 2420 collectae
578 2357 608 2417 in
629 2376 717 2418 unam
741 2375 896 2431 summam,
922 2356 1051 2422 efficiant
1067 2354 1193 2421 eandem
1215 2362 1434 2442 aequationem
1453 2359 1516 2443 phy·

169 2436 241 2526 sice,
266 2440 358 2531 quam
379 2447 549 2510 commixtis
573 2446 688 2507 duabus
712 2444 930 2527 hypothesibus
954 2449 1080 2510 sortitae
1105 2457 1177 2512 sunt
1198 2449 1431 2513 artificialiter?

258 2518 325 2601 Uli
340 2526 503 2618 sierpende,
528 2535 674 2615 quomodo
706 2555 738 2595 se
766 2535 899 2596 habeant
922 2535 1085 2633 distaqtiae
1111 2538 1167 2599 hac
1190 2539 1301 2600 ultima
1324 2541 1394 2602 vice
1413 2557 1514 2601 accon·

170 2649 201 2692 m
230 2637 324 2703 atae.
377 2626 517 2705 Angnlus
541 2625 633 2704 igitur
655 2622 757 2699 EAD,
790 2625 874 2704 cujus
904 2625 1049 2688 terminus
1072 2626 1098 2686 Ε
1123 2627 1218 2689 distat
1242 2650 1260 2689 a
1284 2626 1360 2691 Sole
1386 2612 1519 2692 dannot

170 2720 200 2782 A
231 2765 239 2793 ,
263 2717 312 2779 hic
335 2716 462 2796 angulus
485 2716 514 2776 iu
539 2714 682 2793 aequales
706 2713 818 2791 gradus
842 2715 899 2775 hac
921 2715 1030 2777 ultima
1052 2714 1117 2776 vice
1142 2714 1256 2780 divisus
1280 2726 1333 2780 est
1355 2716 1514 2799 otlcuilihet

170 2807 289 2912 “ihm
310 2825 370 2866 una
394 2804 548 2866 distantia.
597 2800 667 2873 Qua
695 2803 812 2864 ratione
832 2803 898 2882 jam
920 2803 976 2864 ΕΙ)
1001 2820 1089 2871 arom
1112 2804 1208 2866 ovalis
1231 2806 1318 2882 viae,
1351 2802 1516 2888 smmum

170 2896 217 2961 illr
241 2892 350 2975 angulo
373 2894 478 2963 ΕΑΒ,
504 2894 568 2954 ahit
590 2893 619 2951 in
644 2900 746 2970 partes
770 2891 944 2974 inaequales
969 2902 1000 2954 et
1022 2886 1110 2956 nimis
1133 2913 1245 2974 paucas
1271 2895 1460 2961 nanciscitur
1474 2892 1512 2955 di·

171 2984 314 3051 ataatias.
366 2983 472 3063 ltaque
496 3002 533 3043 ex
562 3000 677 3043 summa
705 2972 915 3045 distantiarum
949 2981 978 3043 in
1001 2983 1089 3045 EAD
1121 2985 1225 3064 nequit
1247 2985 1356 3048 haberi
1379 2978 1513 3049 anomalis

171 3072 272 3139 media
290 3073 355 3156 jam
378 3079 600 3152 praeconcepta
623 3089 661 3130 ex
683 3067 843 3150 hypothesi
865 3071 990 3132 vicaria.
1420 3099 1423 3103 ⁴

262 3161 520 3232 Quemadmodum
549 3179 619 3221 vero
644 3178 735 3239 supra
758 3160 845 3220 modo
868 3161 979 3240 primo,
1012 3181 1078 3223 cum
1109 3159 1164 3224 Οἱ)
1194 3163 1424 3245 nancisceretur
1445 3162 1512 3241 justo

172 3253 330 3335 pauciores
354 3251 525 3323 distantias,
552 3249 648 3309 diviso
672 3249 781 3326 angulo
807 3247 892 3310 CAD
916 3251 945 3311 in
970 3251 1081 3329 gradus
1107 3251 1264 3329 aequales,
1296 3271 1352 3332 pro
1377 3246 1435 3315 UD
1456 3248 1513 3311 suh-

173 3342 325 3405 stituimus
357 3340 414 3401 ΕΙ)
452 3340 589 3400 idoneum
626 3357 727 3399 arcum
759 3338 821 3399 illis
859 3338 1027 3409 distantiis,
1064 3340 1110 3401 ita
1141 3340 1197 3400 hoc
1232 3340 1337 3419 quinto
1367 3332 1512 3414 modo,⁸‘l

174 3451 241 3494 cum
263 3430 319 3492 ΕΙ)
343 3429 534 3492 nanciscatur
553 3428 638 3507 justo
661 3426 818 3506 pauciores
843 3427 1013 3504 distantias,
1039 3429 1135 3489 diviso
1160 3430 1269 3508 angulo
1294 3429 1384 3491 EAD
1407 3429 1438 3491 in
1455 3446 1511 3508 gra

174 3523 230 3584 dus
254 3520 410 3599 aequales,
436 3519 460 3578 si
486 3536 599 3578 rursum
625 3515 842 3577 inartificialem
866 3519 1046 3583 medicinam
1071 3517 1188 3579 luberet
1211 3520 1364 3599 accipere,
1396 3537 1450 3598 pro
1469 3513 1511 3577 ΕΙ)

174 3608 424 3677 substitueremus
451 3608 524 3680 ND,
554 3606 600 3668 cui
628 3606 801 3684 competant
838 3606 909 3667 illae
946 3607 1119 3668 distantiae.
1166 3600 1218 3669 Sit
1250 3628 1314 3690 pro
1346 3602 1512 3691 quamdo

172 3690 331 3764 ‘thama
354 3696 410 3762 oa
433 3698 540 3760 meaa
562 3690 727 3757 asmata
750 3692 832 3756 cau
849 3692 910 3757 48⁰
923 3693 987 3758 rr.
1025 3698 1118 3759 maa
1142 3693 1258 3776 capito
1281 3697 1308 3757 a
1335 3705 1365 3760 ee
1381 3670 1510 3781 ctist

172 3790 273 3853 datter
297 3786 352 3850 CA
378 3782 507 3849 105784
531 3794 559 3847 et
584 3785 665 3848 CAB
690 3779 759 3844 45⁰.
799 3782 900 3847 Illam
922 3806 993 3847 cero
1016 3783 1073 3848 AC
1088 3787 1181 3870 jubet
1202 3787 1327 3847 metria
1349 3780 1511 3937 W

173 3878 350 3959 tramfme
372 3876 407 3938 in
429 3875 496 3937 ΑΕ.
542 3873 961 3956 Etnoa·janaED,quom
990 3874 1357 3949 indiscretamque
1407 3868 1442 3936 1⁰
1460 3866 1509 3937 22⁴.

175 3967 350 4031 diamur
373 3965 407 4027 e'n
426 3964 550 4047 produt
577 3961 740 4044 aequales,
764 3984 884 4044 perque
907 3961 982 4025 illas
1012 3962 1193 4046 collepimua
1214 3983 1279 4026 nora
1297 3963 1412 4046 placeo
1431 3977 1509 4047 quw

96 4072 101 4083 ·
176 4053 217 4120 41
244 4055 416 4118 dictandas
447 4061 479 4117 et
526 4060 627 4115 artem
650 4053 688 4112 de
710 4046 762 4112 42.
809 4051 894 4114 Illae
921 4072 991 4114 vero
1019 4055 1054 4116 in
1084 4072 1238 4115 summam
1267 4054 1423 4139 conjectae
1449 4069 1508 4113 coa·

174 4147 280 4224 picient
302 4074 663 4315 αηοπιαὶὶοῇζεᾶἰαω
694 4141 821 4202 minime
842 4162 920 4204 acne
948 4141 1112 4224 aequalem
1137 4143 1243 4222 pomo
1274 4149 1438 4225 suceptae
1454 4132 1506 4204 DC,

176 4236 235 4323 qd
256 4231 358 4297 aliam
378 4229 447 4301 ΒΟ,
575 4231 760 4320 distantiam
782 4228 841 4290 AO
865 4232 987 4295 exhibet
1008 4230 1265 4313 honesereadam
1286 4233 1322 4293 in
1344 4231 1414 4295 AN.
1443 4227 1503 4297 Am·

271 4463 300 4534 ⁸)
320 4465 396 4521 Nota
415 4481 467 4536 quo
488 4471 614 4533 respectu
636 4462 680 4516 hic
700 4463 797 4517 media.
840 4460 908 4516 vide
929 4461 1067 4534 margines
1089 4461 1252 4532 superiores.
1274 4490 1315 4503 --
1482 4535 1486 4546 ¹

257 4545 298 4612 ⁸⁸)
319 4548 351 4601 In
371 4546 423 4599 hoc
444 4544 538 4616 quinto
559 4545 636 4597 modo
658 4550 701 4596 est
726 4543 832 4613 quidem
863 4544 1002 4596 anomalia
1031 4542 1116 4596 tertia
1136 4543 1225 4605 ΕΔΙ).
1252 4542 1364 4612 atejus
1385 4537 1500 4595 anomth⁸

179 4626 269 4684 media
288 4622 391 4697 (prima
410 4619 518 4685 ordinet
540 4624 587 4676 CD
609 4624 652 4676 vol
675 4624 754 4687 CBD,
778 4630 860 4692 atque
882 4626 977 4676 eadem
998 4623 1082 4676 otiam
1109 4623 1285 4677 distantiaria
1305 4623 1390 4697 ipsius
1410 4622 1451 4675 CA
1466 4613 1498 4664 *οἱ

110 4700 113 4705 ’
179 4709 230 4762 ΕΑ
250 4707 408 4762 uirtenciae.-
448 4707 502 4760 Sed
521 4705 633 4774 planum
653 4705 729 4756 ΕΑΙ)
749 4704 861 4756 metitur
881 4703 1001 4773 aliquam
1022 4718 1152 4757 summam
1172 4704 1366 4758 distantiarum
1379 4690 1434 4761 Ed.
1451 4699 1497 4785 DA:

181 4789 298 4841 alienam
320 4789 355 4840 ab
377 4788 428 4840 hac
449 4791 604 4854 coaequata
623 4784 707 4846 Eam,
729 4791 928 4853 competentem
945 4768 1053 4836 'scilicet
1073 4782 1201 4851 temporis
1222 4796 1376 4840 menam
1394 4778 1442 4851 ipsi
1457 4773 1495 4831 ut

181 4868 265 4932 meai,
286 4877 316 4920 at
333 4865 412 4920 DAN
433 4871 612 4936 coaequatae.
653 4860 770 4917 Rursum
791 4880 859 4934 ergo
880 4871 1037 4917 monstrum.
