3368 5534
175 302 240 375 224
654 308 695 362 De
714 305 822 361 Motibus
840 305 934 362 Sullas
951 305 1040 361 1111111

175 508 299 551 examen
327 488 447 568 jubet),
486 487 675 550 exactissime
702 450 855 550 ¹coincidet
885 486 999 568 eritque
1036 479 1120 548 2050
1150 479 1205 547 270
1240 479 1322 557 1000,
1357 481 1524 546 declinatio

174 575 212 641 7⁰
235 575 276 642 35
285 571 332 662 010
356 598 446 658 quare
465 574 626 640 1111111260
651 576 701 641 180
724 573 789 640 4800
812 587 874 653 &3
898 576 1026 638 latitudo
1050 569 1090 637 20
1110 571 1165 639 470
1188 567 1263 637 2000.
1309 571 1408 635 Vides
1421 572 1525 635 mani·

174 670 251 728 leste
274 668 464 729 latitudinem
488 668 620 741 eandem,
645 687 710 729 curu
733 666 853 729 interim
875 667 999 747 planeta
1018 661 1072 728 380
1091 661 1300 726 retrocesserit
1312 660 1522 743 longitudinis.

173 754 289 826 Quodsi
320 776 374 836 per
401 758 477 818 huuc
504 756 655 818 inventum
685 758 780 818 locum
811 764 837 825 6
864 755 997 835 inquiras
1026 754 1092 834 ejus
1115 754 1154 816 ab
1178 752 1308 816 Arcturo
1331 751 1523 823 distantiam,

172 845 303 925 prodibit
333 841 393 908 29⁰
415 840 491 927 9010
515 853 546 906 et
562 844 592 907 in
615 844 723 907 vitioso
747 845 943 907 instrumento
966 841 1028 908 290
1054 839 1114 907 140.
1162 842 1237 907 Cum
1255 841 1320 922 jam
1342 838 1523 920 corScorpii

173 934 374 1008 culminasset,
400 933 544 996 distantia
567 943 671 997 nostra
694 935 763 1008 (sed
782 935 847 1014 jam
869 935 973 995 luxato
995 941 1028 994 et
1050 950 1119 994 mox
1140 931 1283 993 restituto
1304 929 1523 1002 instrumento)

173 1023 228 1084 fuit
259 1018 321 1087 290
349 1017 454 1108 13010.
507 1022 637 1086 Rursum
663 1025 754 1103 igitur
784 1031 954 1085 sextantem
977 1021 1186 1101 probavimus,
1211 1019 1261 1100 qui
1284 1019 1520 1100 interpolarent

173 1122 206 1173 et
228 1113 353 1173 caudam
374 1110 471 1193 Cygni
495 1112 630 1175 exhibuit
653 1108 714 1177 440
735 1106 808 1176 45οτ
833 1113 887 1174 sed
910 1112 1014 1174 debuit
1036 1131 1103 1173 esse
1126 1105 1187 1174 440
1209 1106 1253 1174 39
1262 1101 1318 1193 010.
1356 1106 1442 1188 Ergo
1456 1109 1521 1190 pri-

171 1201 252 1262 stina
275 1201 464 1263 instrumenti
486 1202 628 1262 conditio.
675 1200 751 1264 Cum
770 1203 833 1283 jam
862 1197 883 1280 ij
911 1220 968 1262 uno
992 1200 1088 1280 gradu
1115 1206 1291 1278 superasset
1312 1198 1519 1272 meridianum,

171 1309 229 1352 non
252 1290 375 1352 tolerari
398 1289 497 1371 potuit
519 1286 581 1354 290
605 1286 700 1374 13010
707 1311 716 1366 ;
738 1292 806 1372 plus
830 1300 930 1353 tamen
954 1297 1020 1353 erat
1043 1307 1131 1370 quam
1154 1283 1216 1352 290
1240 1281 1353 1368 12010,
1384 1287 1520 1368 proxime

171 1376 319 1444 290130.
1283 1398 1287 1407 ’

256 1469 341 1529 Haec
373 1467 463 1549 igitur
492 1468 732 1531 observationum
755 1469 863 1544 series,
896 1466 1063 1548 exquibus
1087 1484 1189 1528 amens
1211 1464 1283 1538 sim,
1307 1465 1334 1529 si
1356 1482 1422 1528 rem
1445 1464 1518 1528 sub·

169 1557 339 1620 tilissimam
363 1566 518 1620 exstruere
541 1558 632 1620 nitar.
678 1560 784 1638 Itaque
807 1578 866 1619 uon
890 1562 1066 1636 argumenta
1088 1555 1141 1616 sed
1165 1552 1303 1634 exempla
1325 1554 1455 1617 exhibeo
1470 1555 1519 1617 alii

171 1646 355 1726 diligentiori
379 1655 410 1708 et
433 1647 567 1709 feliciori.
602 1645 698 1728 Spero
722 1647 813 1709 etiam
836 1647 963 1709 lectores
986 1664 1101 1708 nausea
1114 1644 1296 1707 incertarum
1310 1645 1419 1707 harum
1434 1651 1518 1707 111111

169 1736 269 1815 magis
294 1735 479 1816 expetiturus
503 1737 690 1819 Tycbonicas
718 1736 912 1798 certissimas.
959 1733 1021 1797 Sed
1044 1734 1082 1796 ad
1105 1752 1179 1795 rem.

258 1825 375 1887 Primus
407 1833 439 1886 et
462 1826 609 1889 secundus
632 1826 697 1888 dies
720 1834 837 1888 tantum
860 1825 898 1886 ad
921 1824 1106 1905 probandam
1119 1822 1282 1885 stationem
1298 1822 1517 1886 motuslatitu·

170 1913 248 1976 dinis
271 1920 458 1976 concurrunt.
506 1915 651 1996 Utrinque
675 1924 700 1985 6
724 1916 761 1976 ab
776 1915 905 1977 Arcturo
929 1907 1124 1976 (1111111290
1148 1910 1209 1987 180,
1234 1912 1373 1994 utrinque
1396 1912 1477 1975 altus
1489 1913 1517 1975 in

168 2003 288 2065 meridie
322 1998 383 2066 320
413 2003 445 2067 70
473 2005 521 2065 vel
545 2000 587 2068 60.
633 2006 683 2066 Me
711 2023 782 2065 vero
814 2022 972 2065 exercuere
1003 2002 1047 2064 illi
1071 2000 1137 2065 dies
1161 2003 1200 2064 ad
1223 2010 1385 2082 sequentes
1408 2001 1518 2065 rectius

168 2092 329 2167 obeundos,
354 2093 381 2153 si
405 2093 577 2155 necessaria
599 2093 798 2157 iustrumenta
828 2094 965 2156 fuissent.

257 2182 300 2244 At
324 2179 353 2245 3.
378 2183 493 2259 Martii,
516 2203 582 2245 curn
606 2202 641 2245 os
664 2182 775 2244 leonis
800 2181 993 2255 culmiuaret,
1025 2179 1173 2242 distantia
1195 2175 1336 2244 111129ο
1361 2176 1429 2255 150,
1454 2199 1517 2244 cum

167 2290 219 2334 cor
242 2269 377 2351 Scorpii‚
411 2268 548 2335 290190
578 2273 655 2352 plus.
702 2273 783 2351 Ergo
814 2272 979 2350 interlapso
1003 2276 1137 2350 tempore
1161 2276 1277 2331 mutata
1299 2278 1349 2332 est
1372 2270 1518 2333 distantis

167 2379 221 2440 per
244 2355 320 2444 4010
350 2360 479 2422 circiter.
532 2360 575 2422 Et
604 2381 669 2423 cum
692 2362 839 2424 Arcturus
870 2370 902 2422 et
925 2368 950 2431 6
973 2359 1098 2421 eandem
1122 2376 1197 2438 pene
1222 2358 1441 2439 longitudinem
1463 2359 1517 2422 ob-

168 2450 294 2523 tineant,
319 2450 419 2529 arguit
441 2449 532 2529 igitur
555 2451 628 2512 haec
648 2451 811 2512 distantiae
826 2451 953 2512 mutatio
971 2449 1163 2529 parallaxeos
1182 2446 1351 2510 latitudinis
1371 2449 1518 2511 varistio-

171 2557 247 2601 nem.
295 2539 363 2600 Nou
395 2539 516 2618 ignoro,
542 2536 602 2604 290
627 2537 677 2604 190
699 2560 804 2621 parum
828 2540 935 2602 abesse
959 2559 978 2600 a
1001 2534 1063 2601 290
1088 2535 1138 2600 180
1162 2536 1292 2600 etheus
1315 2557 1353 2599 ex
1377 2538 1520 2619 analogia

170 2626 228 2689 diei
253 2627 463 2689 antecedentis
488 2628 595 2690 debere
620 2648 687 2690 esse
711 2629 887 2691 distantiam
902 2629 978 2690 hora
1000 2628 1092 2705 etiam
1115 2626 1272 2702 consimili,
1297 2635 1404 2708 utpote
1419 2636 1518 2690 staats

169 2717 277 2778 Marte.
311 2714 382 2779 Scio
397 2718 500 2790 etiam,
516 2738 581 2780 cum
599 2727 647 2780 est
661 2737 695 2781 os
709 2718 820 2781 Leonis
837 2719 866 2780 in
884 2713 1517 2801 111111.ρο1111,11111111111111111111210,

169 2805 329 2868 obnoxium
360 2806 456 2868 adhuc
480 2807 719 2870 retractionibus.
762 2809 807 2869 De
833 2809 890 2871 boc
915 2816 1015 2869 tamen
1039 2805 1170 2868 dicemus
1192 2815 1309 2885 postea.
1347 2805 1437 2869 Nunc
1460 2808 1520 2869 ists

167 2915 241 2957 sane
264 2895 498 2971 dissimulentur,
523 2916 559 2958 ne
583 2897 750 2977 exemplum
773 2896 860 2959 nobis
883 2897 1028 2959 turbetur.
1074 2894 1156 2975 Ergo
1187 2914 1252 2956 cum
1276 2895 1367 2958 fuerit
1390 2896 1518 2959 altitudo

168 2984 352 3063 nonagesimi
384 2980 425 3046 57
434 2980 489 3064 010
520 2981 669 3064 (circiter)
703 2986 883 3048 culminante
917 3004 967 3047 ore
999 2984 1125 3059 Leonis,
1163 2983 1267 3046 ultimo
1299 3002 1371 3047 vero
1401 2981 1516 3067 28010,

166 3083 326 3155 postquam
349 3075 543 3137 culminasset
566 3094 617 3137 cor
640 3074 767 3155 Scorpii,
792 3094 932 3154 quaeram
957 3074 985 3135 iu
1008 3073 1215 3153 parallactica,
1240 3073 1269 3135 iu
1294 3093 1354 3154 qua
1377 3077 1516 3138 columna

167 3185 186 3225 a
216 3163 363 3225 distantia
395 3184 414 3224 a
445 3165 556 3226 vertice
588 3159 693 3247 32010
723 3165 753 3226 in
784 3158 1065 3245 1111111111116901
1096 3160 1518 3247 11111111111111114010.

167 3253 288 3314 Invenio
319 3261 419 3314 autem
449 3253 478 3314 id
507 3254 569 3315 fieri
600 3256 655 3314 sub
679 3255 829 3327 columna,
872 3255 955 3333 eujus
979 3263 1027 3315 est
1051 3255 1133 3313 frons
1157 3247 1198 3314 90.
1245 3252 1337 3314 Esset
1370 3254 1464 3333 igitur
1494 3262 1518 3324 6

165 3342 332 3422 parallaxis
364 3342 496 3405 maxima
518 3340 560 3407 90.
619 3343 661 3404 Et
691 3363 755 3405 cum
789 3344 935 3404 distantia
967 3351 1047 3412 6ot
1070 3343 1181 3403 Terrae
1212 3342 1268 3403 hoc
1291 3342 1340 3404 dio
1364 3343 1457 3405 suerit
1480 3345 1517 3406 ad

166 3432 341 3493 distantiam
372 3440 397 3502 6
428 3442 459 3493 et
488 3429 527 3509 Θ
552 3441 585 3494 ut
607 3429 650 3495 28
674 3434 713 3493 ad
737 3428 779 3495 60
803 3433 897 3514 (quod
921 3451 965 3534 εδ
981 3431 1149 3511 cognitione
1175 3431 1341 3511 anticipata
1363 3432 1517 3515 hypothe-

165 3520 241 3582 sium
264 3521 413 3602 Tychonis
438 3530 469 3583 et
489 3521 646 3602 Cupernici
671 3522 810 3584 crassiori
832 3522 970 3583 Minerva
987 3522 1140 3597 habetur),
1166 3520 1222 3582 erit
1237 3521 1328 3600 igitur
1342 3532 1518 3600 permutata

165 3611 256 3763 ratio3
274 3611 488 3762 pgrallaxeou,
512 3622 544 3671 et
566 3610 648 3674 Solis
671 3612 835 3691 parallaxis
859 3611 992 3674 maxima
1016 3609 1134 3672 circiter
1157 3606 1188 3673 40
1213 3607 1291 3685 2400,
1326 3630 1403 3692 quae
1425 3614 1517 3692 poui-

165 3708 214 3761 tur
260 3701 267 3732 0
315 3698 345 3761 00.

251 3789 337 3851 Nunc
367 3797 466 3849 autem
498 3788 731 3868 perpendamus,
769 3790 846 3871 quod
880 3797 905 3860 6
933 3789 962 3851 in
986 3789 1144 3852 altitudine
1171 3781 1274 3870 12010
1297 3788 1440 3853 fueritin
1465 3810 1517 3853 rs·

165 3878 321 3952 fractione,
346 3877 371 3938 si
395 3877 518 3938 fixarum
543 3878 730 3939 retractionis
755 3879 858 3941 tabula
881 3881 1024 3940 iluennae
1049 3886 1222 3940 constructa
1251 3877 1369 3959 Pragae
1392 3879 1516 3944 valeatt

163 3986 201 4028 ea
231 3968 288 4028 fuit
317 3968 345 4028 in
374 3967 428 4028 hac
457 3967 614 4028 altitudine
644 3964 676 4029 40
700 3964 780 4043 2000,
820 3969 856 4030 de
890 3968 995 4050 quibus
1028 3965 1059 4030 20
1095 3965 1155 4030 1800
1180 3967 1326 4028 debentur
1350 3968 1515 4047 latitudini,

163 4056 269 4135 quibus
293 4064 319 4126 6
341 4057 470 4117 Arcturo
494 4057 593 4117 factus
616 4067 664 4117 est
687 4057 815 4136 propior.
864 4058 907 4119 At
931 4057 955 4118 si
972 4057 1053 4120 Solis
1074 4057 1269 4119 refractiores
1282 4057 1376 4120 Marti
1397 4076 1516 4140 qnoque

163 4146 358 4207 adhibeamus
382 4145 475 4224 (quod
499 4146 619 4225 saepius
644 4149 795 4227 apparet),
820 4148 872 4208 illa
894 4148 923 4209 iu
939 4147 995 4208 hac
1015 4147 1174 4208 altitudine
1194 4154 1242 4207 est
1264 4144 1296 4208 80
1319 4144 1396 4221 4500,
1420 4147 1515 4229 duplo

163 4236 275 4315 major:
307 4254 398 4315 quare
423 4244 454 4295 et
477 4235 644 4297 latitudinis
673 4235 837 4316 parallaxis
862 4238 950 4317 duplo
975 4237 1077 4317 major,
1102 4244 1132 4296 et
1156 4230 1188 4297 40
1213 4231 1287 4299 3600.
1334 4237 1400 4298 Hoc
1422 4239 1514 4300 modo

161 4325 258 4387 omnis
283 4325 423 4397 varietas,
449 4342 535 4403 quam
560 4344 631 4404 prae
656 4346 688 4386 se
713 4327 780 4387 tulit
804 4326 974 4387 observatio
999 4325 1113 4387 duobus
1133 4325 1179 4386 his
1199 4325 1326 4387 diversis
1340 4329 1512 4403 momentis,

161 4425 244 4476 esset
277 4437 293 4474 a
327 4414 392 4474 sola
422 4415 611 4475 refractione.
667 4415 721 4476 lllo
750 4416 836 4476 modo
866 4416 1080 4493 relinqueretur
1103 4415 1249 4495 parallaxi
1276 4414 1445 4477 latitudiuis
1469 4415 1511 4491 20,

162 4514 303 4582 quantum
327 4502 460 4563 variatur
484 4504 646 4581 parallaxis
670 4507 724 4564 sub
748 4507 894 4578 columna,
918 4506 1001 4585 cujus
1026 4507 1107 4565 frons
1131 4502 1171 4579 50,
1197 4514 1230 4565 ut
1252 4502 1315 4565 Soli
1340 4504 1396 4566 boc
1418 4516 1513 4585 pacta

161 4593 322 4654 obveniant
342 4600 457 4654 tautum
481 4589 513 4654 20
536 4590 600 4653 2500
624 4595 770 4655 maximae
793 4593 992 4673 parallaxeos.
1040 4595 1088 4657 Ita
1111 4593 1252 4655 retractio
1276 4593 1363 4655 nobis
1387 4594 1511 4659 tertiam

162 4701 276 4761 quoque
305 4683 382 4743 diem
411 4691 582 4761 suspectam
613 4682 743 4744 reddidit
765 4695 796 4745 et
821 4686 950 4756 dubiam,
973 4684 1098 4764 deniquo
1122 4683 1211 4764 plane
1235 4683 1379 4747 inutilem.
1426 4683 1511 4760 Scio,

162 4788 227 4831 cum
240 4773 389 4833 Arcturus
404 4780 435 4831 et
451 4780 477 4841 6
500 4770 613 4831 distent
632 4765 679 4841 90,
703 4792 778 4851 quac
793 4782 841 4835 est
855 4773 1021 4835 latitudiuis
1035 4773 1157 4835 Arcturi
1169 4791 1260 4851 supra
1273 4772 1465 4837 latitudinem
1485 4782 1512 4845 6

161 4876 232 4938 pars
256 4861 356 4936 tertia,
381 4861 443 4923 fieri
467 4868 546 4936 tuuc,
572 4866 605 4920 ut
627 4878 684 4922 non
704 4864 799 4925 omnis
815 4863 982 4926 latitudiuis
997 4862 1139 4927 retractio
1153 4860 1330 4925 detrabatur
1343 4861 1510 4928 distantias
