3368 5534
638 290 641 294 μ
659 295 839 391 Ριιιᾞιίιηι,
871 300 953 367 Caput
973 297 1018 353 vt
1447 302 1509 371 201

166 480 252 542 vidae
280 478 401 555 munia,
431 484 463 538 et
487 479 643 540 metricum
671 478 900 559 intelligentiam
931 501 1021 542 unam
1044 480 1074 543 in
1097 487 1199 542 centro
1223 481 1348 563 epicycli
1371 481 1511 556 colloces,

165 570 308 655 alteram,¹
326 569 358 630 in
389 584 512 647 corpore
545 567 703 651 planetae,
730 587 769 631 oa
799 587 875 647 quae
902 569 932 631 in
957 579 1059 631 centro
1084 570 1206 632 Terram
1239 573 1361 650 (corpus
1392 575 1512 649 nempe)

164 658 310 738 respiciet
332 668 366 718 et
387 655 555 719 circumibit
577 657 701 719 Terram
724 659 754 720 in
778 657 919 721 circulum
943 658 1147 738 inaequaliter,
1173 679 1249 738 quae
1272 678 1342 720 vero
1359 659 1386 721 in
1402 669 1512 737 puncto

165 747 425 837 circumiereqtiae
451 747 571 827 (nempe
594 746 624 807 io
648 765 771 827 corpore
798 748 955 828 planetae)
978 747 1146 810 circumibit
1164 760 1297 811 centmm
1308 749 1513 828 incorporeum

165 850 195 899 et
217 838 248 898 id
272 836 463 917 aequaliter..
496 906 510 911 ..
536 904 539 909 ,
583 902 602 913 ..
620 844 668 899 tur
699 835 789 915 igitur
814 843 847 897 ut
870 854 971 916 supra,
994 837 1100 917 quibus
1124 837 1177 898 illa
1199 837 1387 899 adminiculis
1410 837 1439 897 id
1465 838 1513 899 in-

165 942 341 1009 corporeum
378 943 438 1004 pun
488 932 491 937 '
603 992 614 999 ,,
637 925 780 987 mveniat.
842 924 911 986 Non
944 925 1022 987 enim
1062 945 1116 1005 per
1152 927 1364 1005 geometricam
1402 927 1513 1006 imagi-

166 1014 328 1088 nationem,
354 1023 388 1093 ut
410 1008 509 1091 quod}
552 1012 557 1087 f
579 1006 603 1099 ‘J
617 1014 726 1077 tricem
744 1014 790 1074 sui
806 1013 1051 1094 imaginationem
1062 1034 1119 1076 non
1130 1015 1281 1089 admittit;
1305 1024 1513 1093 necpunctum

167 1096 289 1167 mobile
308 1104 340 1164 in
370 1121 429 1164 non
460 1098 586 1183 corpure
615 1104 665 1165 vel
688 1102 879 1182 imaginando
908 1104 1073 1165 subsistere
1096 1113 1213 1183 potest;
1246 1112 1278 1166 et
1300 1124 1355 1165 nos
1379 1104 1513 1166 homines

169 1192 338 1273 hujusmodi
374 1200 487 1270 puncta
522 1190 724 1271 imaginantes
752 1191 940 1255 adminiculis
977 1193 1086 1254 utimur
1115 1193 1294 1255 tabellarum
1322 1195 1369 1255 vel
1394 1195 1511 1274 papyri,

168 1302 239 1363 quae
264 1289 436 1343 tractamus
458 1281 675 1355 manibusvel
691 1275 879 1343 meminimus
903 1300 957 1343 nos
980 1282 1051 1343 olim
1074 1291 1235 1343 tractasse.
1282 1284 1326 1344 At
1351 1303 1445 1362 neque
1460 1303 1513 1362 per

168 1371 324 1452 physicam
353 1369 543 1433 ellluxionedl
571 1371 691 1433 vimntis
721 1372 813 1450 (quae
840 1371 871 1433 in
899 1379 1001 1432 centro
1029 1371 1169 1452 epicycli)
1197 1391 1288 1450 usque
1317 1372 1355 1432 ad
1383 1374 1512 1433 circum-

169 1460 325 1522 ferentiam
349 1467 381 1520 et
403 1478 510 1538 corpus
533 1460 685 1538 planetae.
731 1460 799 1522 Jarn
824 1460 901 1523 enin
924 1459 1099 1533 sustulimus
1123 1461 1199 1522 hunc
1222 1460 1344 1522 virtutis
1360 1462 1511 1535 ellluxum,

169 1550 268 1623 divisis
305 1548 413 1610 muniis
442 1549 599 1627 compositi
626 1560 724 1612 motus
752 1551 831 1611 inter
858 1549 944 1611 binas
968 1558 1093 1611 mentes.
1141 1547 1222 1620 Quin
1246 1550 1338 1611 etiam
1362 1549 1391 1610 in
1415 1549 1513 1628 prima

170 1652 196 1699 et
225 1638 404 1700 ecceutrica
423 1638 553 1700 motione
581 1639 750 1713 dubitatur,
783 1658 820 1699 au
844 1638 938 1699 virtus
963 1638 1064 1718 aliqua
1086 1639 1242 1707 naturalis,
1267 1639 1439 1700 admotum
1462 1639 1510 1699 io-

170 1729 320 1789 lerendnm
345 1737 529 1806 comparata,
556 1728 653 1807 possit
675 1729 705 1790 in
728 1739 837 1807 puncto
860 1728 960 1807 aliquo
983 1727 1166 1805 subsistam,
1188 1727 1267 1811 quod
1290 1728 1368 1790 omni
1391 1729 1512 1809 proprio

170 1836 290 1897 corpore
314 1817 441 1878 careat?
464 1818 557 1879 multo
581 1817 678 1894 magis
701 1838 739 1878 an
762 1816 932 1897 hujusmodi
956 1814 1248 1911 incomomapfims
1272 1837 1305 1878 se
1319 1817 1417 1898 ipsam
1431 1816 1512 1879 eirca

168 1907 289 1968 Terram
313 1905 543 1985 circumagitata
566 1915 598 1968 et
620 1908 657 1967 de
682 1906 747 1971 loco
771 1906 913 1969 inlocum
931 1906 1061 1967 transire
1124 1904 1127 1909 ’
1169 1902 1202 1981 fl
1224 1913 1257 1969 et
1272 1906 1367 1968 multo
1382 1906 1511 1969 manime

169 2017 201 2057 au
232 2004 350 2057 motum
378 1995 432 2057 alii
460 2014 514 2074 per
531 1997 685 2058 'effluxum
717 2015 755 2057 ex
784 2016 817 2057 se
845 1997 912 2075 ipsa
939 1995 1087 2057 communi
1116 1994 1135 2005 ''
1165 1986 1241 2061 tteu
1268 1995 1376 2057 inferre
1400 1996 1508 2075 possit,

169 2084 235 2146 nulli
258 2083 366 2146 innixa
389 2084 506 2166 corpori
528 2105 583 2147 ceu
606 2085 697 2147 nido?
743 2085 821 2147 Nam
845 2105 922 2165 quae
946 2084 1084 2146 sublimia
1100 2078 1292 2158 decubantis,
1317 2094 1408 2158 motu,
1434 2085 1509 2159 loco,

168 2173 392 2254 operationibus
423 2174 579 2237 beatorum
607 2174 780 2254 angelorum
809 2183 840 2235 et
868 2181 1077 2254 separatarum
1098 2172 1242 2235 mentium
1266 2173 1338 2235 mihi
1361 2188 1510 2248 opponere

168 2263 254 2344 aliqui
286 2263 406 2338 volent,
439 2263 662 2338 impertinentia
691 2272 771 2326 sunt.
816 2263 1015 2338 Disputamus
1043 2261 1121 2324 enim
1149 2262 1298 2343 derebus
1322 2262 1509 2327 naturalibus

167 2351 323 2432 dignitatis
345 2352 434 2432 longe
458 2352 615 2427 inferioris,
639 2354 675 2414 de
690 2352 850 2415 virtutibus
868 2353 948 2414 nullo
970 2351 1093 2414 arbitrio
1109 2353 1147 2413 ad
1162 2352 1337 2415 variandam
1361 2353 1511 2415 actionem

167 2460 248 2503 suam
263 2440 338 2516 usis,
353 2441 390 2502 de
405 2441 554 2505 mentibus
568 2441 686 2503 minime
703 2461 776 2504 sane
792 2441 951 2521 separatis,
966 2461 1032 2502 cum
1052 2440 1113 2503 sint
1127 2424 1304 2520 conjffirctae
1319 2452 1351 2504 et
1366 2442 1511 2521 alligatae

166 2530 339 2610 corporibus
354 2530 535 2593 coelestibus
549 2531 704 2595 vehendis.
727 2531 829 2610 Atque
838 2530 914 2592 haec
925 2531 954 2591 in
964 2550 1072 2610 genere
1080 2530 1255 2593 Ptolemaeo
1270 2531 1360 2610 objici
1373 2540 1508 2610 possunt.

251 2625 316 2690 Sed
340 2627 455 2708 aliquid
480 2629 579 2709 ,suam
602 2629 776 2691 Ptolemaeo
794 2630 936 2696 dicatur,
970 2628 1008 2690 ob
1032 2628 1111 2708 quod
1134 2629 1164 2690 iu
1187 2629 1288 2709 specie
1311 2650 1330 2689 a
1352 2647 1405 2690 suo
1429 2635 1512 2690 motu

164 2717 262 2779 medio
287 2715 371 2779 Solis
399 2700 553 2789 discidere
577 2726 609 2779 et
636 2726 831 2798 apparentem
860 2717 1014 2779 nobiscum
1045 2718 1187 2797 amplecti
1214 2696 1297 2781 velit.
1343 2717 1463 2779 Etenim
1486 2718 1513 2778 si

162 2807 259 2869 virtus
281 2823 408 2871 movens
430 2806 584 2885 planetam
608 2809 677 2880 (seu
699 2827 772 2880 una,
806 2826 859 2868 seu
882 2805 1014 2886 gemina)
1043 2806 1082 2867 ad
1105 2805 1207 2869 Solem
1223 2805 1380 2887 respicit,
1412 2807 1456 2867 ita
1479 2814 1512 2867 ut

161 2896 320 2975 planem
351 2893 410 2956 imo
450 2895 516 2967 locu
553 2896 678 2976 epicycli
711 2905 830 2958 statuat
869 2901 1037 2978 (epicyelum
1070 2907 1116 2960 hic
1149 2906 1277 2977 intelligo
1307 2905 1513 2970 Ptolemuicum,
1581 2948 1584 2957 .

161 2992 301 3051 mab
326 2993 521 3065 inaequalitati
548 2992 767 3061 inservientem),
794 2986 910 3064 quoties
936 2996 1070 3048 centrum
1095 2985 1221 3066 epicycli
1245 3006 1260 3045 e
1288 2985 1409 3065 regione
1434 2985 1514 3046 Solis

162 3080 236 3148 stat,
259 3062 374 3155 quaero
396 3083 431 3134 ut
453 3092 558 3155 snpra,
588 3094 640 3136 cur
663 3075 762 3153 potius
787 3075 825 3135 ad
843 3085 989 3177 punctum
1017 3075 1225 3154 imaginarium
1250 3075 1390 3154 quuod
1413 3073 1514 3135 Solem

161 3163 260 3245 ipsum
283 3181 339 3241 per
362 3164 393 3222 Σ
414 3158 551 3227 notatum
565 3163 636 3245 ¹jam
657 3162 919 3243 praecedit,'sqan1
943 3164 1094 3243 sequitur,
1125 3164 1191 3243 jam
1215 3182 1322 3242 supra,
1348 3164 1412 3241 jam
1436 3164 1514 3224 inira

161 3255 242 3325 stat)
266 3269 356 3331 quam
380 3248 625 3335 adipam²Sobs
648 3271 756 3331 corpus
779 3253 944 3332 respiciat?
968 3264 1021 3314 aut
1036 3253 1183 3333 quomodo
1208 3253 1302 3314 virtus
1325 3253 1379 3314 illa
1401 3261 1514 3313 motum

161 3341 257 3420 ipsius
282 3342 313 3402 Y
330 3340 412 3402 circa
432 3330 611 3423 Hirrum
639 3341 790 3421 percipere
823 3341 942 3402 omnino
973 3342 1089 3419 possit,
1122 3361 1187 3403 cum
1211 3342 1242 3403 in
1266 3346 1298 3402 Ψ
1324 3361 1430 3421 corpus
1455 3361 1513 3402 non

162 3430 225 3493 sit?
259 3436 293 3491 et
316 3449 354 3490 au
377 3448 437 3490 non
463 3426 746 3503 sit'·r'erisimilius,
782 3430 947 3512 epicyelum
970 3431 1009 3492 ad
1039 3431 1133 3492 lineas
1158 3431 1223 3492 ΚΣ
1252 3431 1425 3511 apparentis
1457 3430 1514 3492 loci

162 3518 255 3594 Solis,
279 3519 400 3599 quando
416 3512 543 3598 haeps'r
559 3527 696 3581 centrum
714 3518 839 3600 epicycli
864 3529 1031 3596 transeunt,
1055 3520 1199 3581 restitui?
1224 3519 1388 3581 Videamus
1413 3520 1514 3598 igitur,

163 3608 233 3687 qnid
267 3608 298 3669 in
329 3605 500 3669 ¹ecceutrico
537 3607 709 3671 immutetur
738 3626 793 3686 per
828 3610 1001 3688 apparentis
1032 3617 1131 3671 motus
1162 3608 1244 3671 Solis
1280 3609 1513 3688 usurpationem.

162 3696 295 3759 Rursum
319 3695 412 3775 igitur
436 3698 485 3769 (ut
507 3697 607 3774 prius)
632 3716 697 3757 curn
720 3701 747 3759 Γ
766 3695 818 3758 Sol
843 3707 874 3758 et
897 3702 929 3758 Ψ
949 3707 1082 3760 centrum
1111 3698 1269 3759 ecceutrici
1293 3697 1374 3760 Solis
1398 3692 1464 3760 cum
1487 3700 1519 3760 K

162 3787 255 3848 Terra
280 3786 312 3847 in
336 3784 442 3846 eadem
467 3794 515 3846 est
538 3785 627 3858 linea,
652 3787 694 3846 sic
719 3795 751 3847 ut
774 3790 835 3848 ΨΓ
853 3788 1028 3866 apparentis
1052 3797 1083 3848 et
1105 3790 1168 3848 ΚΓ
1191 3788 1281 3848 medii
1310 3799 1408 3849 motus
1433 3787 1515 3850 Solis

162 3875 351 3947 coincidfirt,
380 3883 453 3935 tunc
478 3875 626 3936 Tcentro
650 3874 775 3955 epicycli
799 3887 901 3937 manet
923 3877 970 3937 hic
995 3876 1091 3949 locus,
1127 3876 1189 3937 sive
1214 3895 1267 3955 per
1290 3877 1356 3939 ΚΤ
1375 3877 1438 3938 sive
1463 3897 1516 3956 per

162 3957 227 4026 ΨΤ
245 3965 304 4026 sub
327 3963 394 4024 lixis
418 3964 604 4042 designetur,
631 3982 759 4043 vereque
782 3965 906 4045 planeta
929 3975 977 4028 est
999 3967 1028 4026 in
1054 3966 1133 4026 linea
1154 3966 1220 4026 ΚΤ
1238 3986 1293 4029 seu
1315 3968 1381 4027 ΨΤ
1401 3977 1433 4028 et
1456 3968 1513 4028 imo

164 4055 227 4115 loco
251 4052 382 4134 epicycli
406 4050 451 4127 Φ,
484 4052 554 4132 qnia
577 4052 624 4113 hic
648 4061 679 4114 et
702 4052 759 4133 ipsi
781 4058 817 4114 Ψ
837 4063 867 4116 et
890 4054 947 4134 ipsi
970 4058 1000 4116 K
1021 4054 1172 4132 proximus
1196 4064 1267 4115 est:
1296 4066 1514 4135 proptereaque

162 4144 288 4222 planeta
311 4160 382 4204 vere
410 4152 519 4202 exutus
543 4150 590 4201 est
612 4141 828 4220 inaequalitate
853 4145 993 4205 secunda.
1037 4145 1081 4204 At
1103 4162 1170 4204 cum
1195 4142 1249 4205 Sol
1271 4145 1311 4205 ad
1334 4145 1379 4206 sui
1404 4162 1512 4205 eccen-

162 4232 229 4295 trici
252 4233 336 4295 latus
361 4250 416 4291 seu
439 4228 642 4309 longitudines
666 4233 781 4294 medias
805 4234 896 4305 venit,
921 4233 1090 4294 differentia
1114 4233 1190 4293 satis
1209 4228 1318 4311 rrrag'na
1340 4231 1510 4293 intervenit.

163 4320 255 4383 lverit
288 4322 370 4382 enim
394 4317 448 4380 Sol
473 4338 492 4378 a
514 4323 541 4380 Γ
566 4319 594 4379 iu
619 4320 651 4378 Σ
680 4331 711 4381 et
740 4321 908 4383 inveniatur
942 4322 1022 4383 liuea
1051 4321 1139 4381 medii
1170 4332 1268 4383 motus
1295 4319 1378 4382 Solis
1400 4320 1512 4381 KYiu

164 4411 278 4486 Ariete,
303 4418 337 4471 et
356 4409 438 4470 linea
457 4407 580 4469 visionis
604 4409 742 4487 planetae
766 4410 832 4472 ΚΩ
855 4412 883 4473 in
899 4411 992 4472 Libra
1014 4411 1151 4490 praeciso
1175 4411 1218 4472 illi
1242 4410 1390 4490 opposita,
1416 4417 1448 4467 ut
1471 4407 1512 4465 sit

166 4498 255 4562 PKst
279 4499 363 4562 linea
387 4517 457 4559 una.
498 4494 578 4566 Quia
601 4517 671 4576 ergo
686 4500 877 4562 Ptolemaeus
900 4498 1019 4570 statuit,
1043 4500 1196 4579 planetam
1212 4499 1242 4559 Ω
1265 4500 1294 4558 in
1317 4497 1372 4556 hac
1395 4495 1509 4554 visione

166 4588 227 4651 ΚΩ
248 4587 373 4651 exuisse
408 4587 570 4647 secundam
601 4587 861 4667 inaequalitatem,
896 4589 980 4668 ponit
1010 4588 1099 4662 igitur
1122 4591 1147 4648 Z
1171 4597 1302 4648 centrum
1332 4582 1457 4662 epicycli
1481 4582 1510 4643 in

169 4677 221 4738 ΚΩ
242 4672 333 4741 linea.
384 4675 462 4738 Cum
491 4683 591 4736 autem
615 4678 683 4737 ΚΣ
708 4678 897 4759 superaverit
917 4679 989 4749 ΚΤ,
1021 4696 1168 4755 apparens
1201 4676 1290 4752 igitur
1321 4675 1402 4733 locus
1427 4669 1507 4730 Solis

170 4780 214 4827 est
233 4768 315 4830 ultra
337 4763 562 4846 oppositionem
585 4784 650 4826 cum
672 4764 803 4844 planeta.
850 4767 955 4844 Neque
975 4764 1040 4826 ΚΩ
1062 4767 1093 4826 in
1117 4764 1279 4843 posteriore
1303 4768 1435 4837 tempore
1455 4759 1510 4819 de-

174 4854 292 4935 seendit,
317 4865 351 4918 nt
375 4863 546 4934 opponatur
569 4853 627 4935 ipsi
648 4855 725 4932 ΚΣ,
751 4855 804 4919 sed
827 4853 964 4917 ascendit
986 4872 1092 4915 versus
1115 4852 1193 4927 ΚΦ,
1217 4849 1286 4930 quia
1307 4858 1410 4929 partes
1434 4848 1508 4909 imae
1536 4895 1543 4905 ι
