3368 5534
161 275 205 347 34
572 273 674 329 Litaraa
692 276 793 343 Kaplari
812 276 965 341 aliorumque
982 280 1085 327 mutuae

166 459 246 522 nimn
271 475 326 537 ego
351 456 380 518 in
394 455 466 521 Sole
482 464 514 519 et
526 457 627 520 Marte
650 452 924 537 exploratissimum
946 454 1052 529 habeo,
1076 454 1176 517 fateor
1196 471 1245 515 ma
1268 450 1513 517 accommodam

164 546 345 631 hypothesin
377 547 481 609 Lunae
517 546 749 629 quadamtenus,
787 551 930 626 qnantum
968 543 1033 622 ejus
1064 543 1128 607 fieri
1161 541 1260 623 potuit
1291 541 1380 605 salvo
1408 542 1514 607 saaca

163 637 376 720 Tyohonianae
398 635 576 717 hypothesis
582 656 592 711 ;
617 637 670 697 sed
693 643 725 697 tu
748 635 785 696 de
808 632 1052 715 proportionibus
1075 631 1186 694 divinis
1208 631 1357 712 loqueris,
1389 631 1513 695 innuant

162 746 261 789 meum
282 724 463 806 Mysterium
486 725 780 806 Cosmographiaum.
826 723 928 803 Atque
950 721 1007 784 hoa
1030 721 1128 803 ipsam
1152 740 1189 784 eu
1221 721 1343 797 landas,
1376 720 1439 785 nisi
1469 740 1512 785 me

164 815 280 879 occulte
303 812 381 875 forae
404 821 494 875 notas
517 821 551 875 ut
571 815 813 893 ualoupaypara,
847 811 898 894 qui
929 809 1086 892 physicam
1115 809 1146 872 in
1169 811 1355 873 astronomia
1376 816 1511 875 tractem

163 907 230 967 Vas
253 902 439 985 lychoaiani
461 903 629 965 astronomi
650 903 822 985 physicam,
842 902 910 982 jure
935 900 1097 981 spoliatam
1120 898 1274 963 soliditate
1298 899 1434 974 arbium,
1464 919 1513 981 par

164 992 303 1074 injuriam
326 990 492 1053 destituitis
517 991 545 1053 in
569 992 699 1053 maxima
723 990 955 1053 incredibilitate
978 997 1010 1050 et
1031 989 1233 1070 perplexitate
1267 989 1388 1051 volatus
1409 988 1512 1070 plana-

165 1092 263 1145 tarum
286 1088 464 1142 versantem
506 1079 567 1145 Cur
590 1101 649 1142 non
665 1100 721 1161 ego
737 1082 845 1143 iterum
859 1079 943 1141 illam
962 1078 1074 1158 juvem,
1099 1078 1211 1139 tonnas
1225 1078 1370 1160 physicas
1384 1086 1511 1141 motuum

164 1191 219 1253 per
241 1168 385 1251 liquidum
408 1188 490 1230 mare
511 1169 683 1251 inquirens?
720 1172 832 1233 Fateor
848 1167 902 1231 tibi
919 1166 1103 1242 Christiane,
1127 1187 1173 1229 me
1188 1186 1226 1228 ex
1244 1168 1301 1229 hoa
1317 1166 1511 1249 quinquennia

165 1259 319 1323 dimidiam
341 1257 494 1321 minimum
517 1266 634 1339 partem
657 1259 722 1339 ejus
736 1259 891 1340 temporis,
917 1257 995 1338 quod
1010 1256 1084 1319 mihi
1098 1277 1117 1317 a
1132 1256 1398 1319 sollicitationibus
1411 1256 1511 1321 aulicis

167 1349 317 1415 residuum
335 1347 400 1423 init,
423 1347 558 1429 physicis
578 1348 881 1431 contemplationibus
897 1355 1029 1408 motuum
1043 1345 1155 1408 Martis
1170 1344 1368 1425 transegisse.
1405 1346 1511 1409 Veron

169 1439 212 1503 ita
228 1435 375 1517 implexas
389 1444 461 1517 puto
485 1437 638 1513 scientias,
662 1446 696 1500 ut
718 1447 825 1500 neutra
848 1437 912 1499 sine
936 1436 1032 1497 altera
1054 1435 1190 1515 perlecta
1211 1454 1280 1496 essa
1302 1435 1412 1516 possit.
1458 1434 1510 1499 Sed

167 1528 265 1601 video,
289 1531 320 1587 te
344 1522 393 1586 hic
416 1544 476 1586 non
499 1545 680 1607 magnopere
704 1526 869 1588 adversari.
899 1531 1147 1600 (Longomonaanau
1165 1533 1203 1581 Ex
1220 1533 1287 1583 hacc
1307 1528 1432 1597 [ονιιιιιι
1449 1528 1510 1595 ml

168 1618 259 1683 igitar,
288 1620 314 1663 et
331 1619 480 1678 praeterea,
508 1615 528 1663 ri
555 1615 614 1678 quid
639 1616 747 1665 matricis
774 1616 869 1665 virtutis
895 1621 920 1665 at
946 1614 1106 1679 proportionis
1134 1613 1231 1665 (limata
1259 1620 1355 1665 camum
1373 1616 1400 1665 ia
1417 1614 1511 1681 singub

167 1685 298 1742 lucenaria,
317 1684 381 1749 quod
400 1692 425 1732 te
443 1684 583 1736 mehercule
601 1685 723 1736 divinitati
741 1688 766 1736 iu
783 1686 833 1736 hae
850 1687 1002 1750 protensione
1026 1686 1160 1749 proximum
1178 1685 1263 1743 iaciat,
1290 1685 1316 1734 ld
1335 1684 1369 1736 ad
1388 1686 1510 1737 timiam

168 1759 289 1809 motiones
307 1778 341 1789 -
360 1754 426 1820 qaod
445 1755 528 1823 lacera
546 1758 654 1821 quisquis
672 1764 754 1822 potest
772 1780 806 1792 -
824 1759 862 1807 ita
878 1756 981 1807 tandmn
999 1769 1098 1807 revocas
1117 1755 1202 1812 velim,
1227 1764 1256 1805 ut
1272 1756 1448 1819 phaenomena
1464 1756 1511 1821 ipa

169 1829 232 1881 coeit
250 1827 343 1878 nullam
361 1834 431 1875 taam
449 1828 497 1876 vim
514 1828 607 1878 nuliam
626 1830 767 1879 violentiam
780 1830 897 1879 sentiant.
935 1826 1013 1878 Sacas
1032 1828 1096 1877 sulm
1116 1841 1146 1877 ax
1164 1828 1282 1890 prioribus
1299 1826 1369 1877 hand
1387 1828 1513 1892 pracda

169 1914 249 1965 usqua
267 1900 387 1949 musicam
399 1897 563 1957 Platonicam,
581 1914 631 1965 qua
649 1901 734 1951 anima
757 1901 842 1951 muudi
860 1902 935 1966 rigat,
955 1901 1090 1964 attingens.
1110 1914 1154 1948 nas
1165 1900 1273 1949 incertas
1290 1899 1316 1948 iu
1334 1899 1512 1964 saspluiouihu.

173 1971 282 2024 tenebris
301 1983 332 2021 aa
350 1970 469 2019 enoabus
488 1971 569 2021 adbuc
588 1969 837 2034 cstodelam)...

259 2042 349 2114 Quod
372 2060 443 2103 vero
465 2043 782 2123 prosthaplracresiom
813 2043 935 2105 tabulas
965 2040 1088 2115 attinet,
1122 2039 1213 2115 scito,
1245 2060 1292 2104 me
1316 2048 1414 2105 totum
1445 2040 1513 2103 huna

170 2151 289 2206 annum,
313 2151 372 2212 qua
393 2137 480 2212 parte
503 2152 522 2192 a
543 2133 648 2195 morbo
671 2142 702 2195 et
725 2133 846 2195 acutis
870 2132 912 2194 iai
935 2150 1063 2204 vacuus,
1087 2131 1117 2192 in
1140 2130 1227 2192 unius
1250 2139 1277 2201 d
1298 2130 1513 2213 prosthaphaa·

169 2220 288 2285 assibus
310 2220 441 2281 eccentri
464 2222 595 2296 versari,
628 2241 682 2285 nec
712 2222 805 2303 pudet
825 2222 940 2294 dicere,
973 2238 1020 2282 ma
1053 2239 1175 2300 scopum
1206 2222 1338 2283 nondam
1370 2218 1513 2301 attigisse.

168 2308 360 2393 Hypothesiu
384 2308 494 2385 habeo,
522 2311 587 2390 jam
610 2320 680 2373 ante
703 2308 724 2373 l
748 2331 843 2374 annos
867 2315 1086 2383 constructum,
1116 2328 1191 2390 quae
1220 2310 1292 2373 mihi
1314 2310 1470 2391 planetam
1490 2306 1514 2371 ir

169 2398 337 2462 eccentrico
361 2396 471 2459 debitis
495 2399 571 2462 locis
595 2399 677 2462 sistit
700 2400 970 2482 scrupulosissime.
1017 2397 1078 2462 Sed
1108 2418 1167 2461 non
1199 2400 1301 2480 placet
1330 2399 1422 2474 mihi,
1454 2398 1516 2481 quia

170 2508 229 2551 uon
252 2493 301 2547 est
321 2486 462 2568 physica,
488 2487 541 2549 sed
565 2508 635 2549 vere
659 2490 687 2551 id
711 2490 789 2571 quod
812 2490 936 2562 dicitur,
969 2487 1205 2571 hypothesis.
1251 2491 1357 2569 ltaque
1381 2489 1515 2551 hierarc

173 2586 205 2639 tn
228 2575 301 2638 mihi
324 2574 438 2644 dixisti,
462 2595 521 2637 non
545 2595 613 2638 esse
638 2579 767 2640 omniurn
790 2578 977 2658 planetarum
1005 2577 1151 2649 rationem
1181 2577 1316 2640 eandem.
1362 2579 1444 2641 Nam
1465 2574 1516 2639 etsi

172 2667 210 2727 de
233 2666 320 2726 Luna
343 2664 417 2726 nihii
441 2664 571 2739 affirmo,
595 2667 620 2727 si
644 2667 769 2749 physice
793 2667 1014 2729 examinaretur
1036 2686 1074 2727 ex
1096 2667 1250 2748 professo,
1275 2667 1354 2747 quod
1376 2666 1517 2729 hacteum

173 2773 232 2818 nau
256 2754 313 2815 ieci
337 2772 374 2814 cx
397 2773 455 2834 quo
478 2776 497 2815 a
520 2763 549 2816 te
573 2754 688 2831 absum,
712 2757 768 2817 hoe
787 2764 887 2818 tamen
906 2756 960 2817 tibi
977 2755 1084 2829 fateor,
1107 2775 1154 2817 nro
1169 2757 1200 2817 in
1216 2759 1317 2819 Marta
1335 2755 1417 2818 m'am
1435 2755 1518 2835 longa

175 2844 266 2906 aliam
290 2843 348 2917 ire,
372 2861 460 2923 quam
484 2843 514 2903 in
537 2846 801 2907 transformatione
824 2845 987 2907 Lanariom
1009 2845 1117 2906 institi.
1163 2848 1233 2908 Jam
1263 2856 1294 2907 et
1317 2845 1421 2907 iliadis
1453 2840 1519 2907 mihi

174 2932 311 3012 exemplo
334 2929 455 2994 Rbetici
481 2936 723 3007 (longamoutannm
742 2942 883 3000 meministi,
902 2944 935 2992 ml
953 2943 1033 2994 amice
1051 2943 1174 3007 Kapiars,
1193 2943 1331 2994 Banaticaa
1348 2942 1407 2993 alirn
1425 2956 1519 3007 opatu

175 3024 239 3073 iatar
256 3035 301 3069 aas
319 3020 394 3071 inissa
412 3019 527 3078 divisam,
546 3035 581 3070 aa.
602 3029 630 3070 ιιι
647 3030 674 3072 tu
688 3022 808 3082 Martem,
828 3038 874 3088 ego
893 3030 976 3074 antam
995 3023 1092 3073 Lunam
1110 3025 1155 3073 auh
1178 3024 1277 3073 arbitrio
1299 3024 1385 3089 magui
1403 3023 1520 3086 Tyahau'

174 3106 298 3149 curarum
318 3105 350 3141 an
368 3105 434 3142 uana
452 3090 514 3141 iarta
526 3099 571 3141 tna
588 3094 613 3143 tu
632 3109 661 3144 ao
679 3101 724 3145 ant
742 3093 879 3146 diffidentia
897 3102 942 3145 aut
960 3094 1098 3159 desperatio
1119 3088 1230 3159 [ignosce
1249 3095 1307 3145 nihil
1325 3095 1449 3145 hacteuus
1467 3092 1520 3147 inti

174 3164 218 3215 abs
237 3170 262 3213 ta
279 3163 424 3227 praestitam
442 3158 602 3228 intelligenti]
622 3167 690 3215 cuni
709 3164 742 3214 D.
761 3165 870 3226 Rhatiai,
889 3166 961 3216 modo
979 3180 1038 3216 vara
1056 3165 1087 3216 da
1105 3179 1134 3215 aa
1153 3174 1259 3225 narrant,
1286 3166 1424 3223 simillima.
1449 3178 1521 3217 cau
1542 3178 1546 3211 ι

173 3245 217 3294 aar
236 3243 269 3293 ιι
282 3242 378 3293 Lunam
391 3256 467 3307 usqae
488 3244 630 3309 murgsuoi
644 3240 753 3307 auctib
785 3238 888 3300 ridebo
925 3248 1032 3299 tecum.
1084 3239 1128 3299 Te
1160 3257 1232 3300 sane
1265 3247 1317 3301 tua
1344 3238 1448 3315 Luna,
1479 3256 1521 3301 raa

173 3322 348 3406 quaudoque
372 3331 553 3402 spectatore,
574 3325 683 3387 misere
702 3326 879 3406 exagitavit,
894 3329 1070 3408 quandoque
1085 3335 1116 3388 et
1131 3345 1187 3401 me,
1208 3328 1280 3388 seio.
1314 3329 1376 3400 Me,
1397 3328 1423 3389 si
1439 3329 1521 3390 Mars

172 3432 257 3475 meus
280 3412 359 3474 male
382 3412 484 3485 habet,
508 3412 595 3475 decet
618 3422 648 3475 te
668 3416 928 3482 commiseratione
947 3416 1031 3496 tangi
1048 3417 1152 3478 eadem
1167 3434 1299 3496 passum.
1339 3416 1403 3480 Sed
1425 3426 1523 3481 tamen

175 3502 318 3582 temporis
349 3500 405 3563 tibi
436 3501 583 3564 rationem
615 3503 753 3579 reddam,
786 3506 858 3586 quia
890 3505 920 3565 id
951 3514 1054 3585 petere
1086 3504 1207 3567 videris.
1263 3506 1353 3569 Anno
1388 3500 1524 3571 thoos

174 3590 337 3655 Februario
367 3591 397 3652 in
420 3590 535 3670 Majum
562 3591 689 3673 primum
720 3595 910 3675 potissimam
941 3602 1058 3674 partem
1090 3596 1239 3674 sperando
1272 3602 1303 3656 et
1333 3594 1524 3675 imaginando

176 3680 335 3747 consumsi.
381 3679 451 3743 Scis
474 3680 568 3757 enim,
601 3701 647 3745 me
679 3683 758 3745 intra
790 3684 942 3746 octiduum
974 3682 1028 3745 sab
1061 3682 1195 3765 pignoris
1227 3684 1361 3764 periculo
1393 3685 1525 3747 voluisse

177 3791 287 3837 arcana
311 3769 411 3832 omnia
433 3768 601 3833 absolvere.
647 3773 766 3835 Proieci
790 3781 891 3835 autem
913 3779 1045 3847 tantum,
1070 3781 1104 3834 ut
1125 3774 1256 3835 accentri
1279 3773 1525 3855 inaequalitatem

176 3859 365 3926 mediocriter
383 3858 532 3921 salvarem
553 3861 624 3931 (nisi
640 3862 717 3943 quod
734 3884 793 3924 una
807 3861 1075 3924 fundamentalium
1091 3862 1333 3925 observationum
1348 3860 1402 3927 20⁴
1418 3862 1525 3927 vitiosa

177 3952 234 4015 init
256 3950 407 4020 assumta)
431 3957 461 4009 ct
484 3949 674 4012 minuendam
702 3971 768 4013 esse
792 3950 874 4014 Solis
906 3951 1158 4014 eccentricitatem
1187 3952 1337 4013 callerem.
1382 3952 1413 4015 A
1436 3953 1526 4017 lania

177 4043 207 4105 in
231 4038 394 4104 Octobrem
418 4056 483 4099 sum
505 4040 713 4120 peregrinatus
737 4052 766 4102 et
791 4041 934 4103 familiam
959 4041 1110 4104 transtuli.
1156 4040 1205 4102 Ab
1225 4039 1350 4104 Octobri
1377 4036 1472 4105 ¹600.
1497 4042 1525 4105 in

176 4134 347 4210 Augustum
365 4122 457 4190 1601.
479 4137 626 4209 quartana
649 4148 695 4191 mc
719 4130 824 4192 tenuit.
865 4129 989 4192 Interim
1012 4130 1119 4212 scripsi
1141 4138 1246 4192 contra
1259 4131 1380 4204 Ursum,
1400 4130 1526 4211 jubante

177 4218 336 4303 Tychone,
369 4224 400 4277 ct
431 4217 493 4279 alia
516 4216 610 4298 ipsius
640 4217 740 4279 studia
761 4212 815 4300 pro
849 4219 944 4299 ipsius
976 4218 1100 4282 arbitrio
1123 4227 1155 4280 et
1176 4220 1251 4280 meis
1274 4219 1389 4281 viribus
1412 4218 1525 4301 adjuvi.

177 4307 358 4391 Speculatus
390 4325 455 4367 sura
486 4307 659 4387 indignante
683 4308 824 4389 Tyehonc
853 4308 882 4369 in
907 4310 1040 4383 Venere,
1069 4308 1235 4383 Mercurio,
1263 4309 1367 4383 Luna;
1401 4309 1432 4370 in
1464 4308 1526 4373 iliis

178 4398 302 4471 utiliter,
327 4395 355 4458 in
371 4394 458 4458 Luna
479 4395 569 4477 plano
592 4397 704 4471 iustra;
728 4398 900 4478 speculatus
924 4417 989 4460 sum
1012 4406 1044 4459 ct
1062 4397 1091 4460 ia
1105 4399 1216 4471 llarte,
1239 4397 1356 4460 correxi
1380 4396 1525 4481 inaequa-

179 4488 296 4551 litatem
319 4484 460 4565 primam,
493 4496 628 4548 corrccta
660 4485 771 4548 vitiosa
802 4487 1016 4549 fundamentali
1050 4487 1276 4556 observatione:
1308 4487 1460 4569 etiamque
1486 4486 1524 4549 ab

179 4576 278 4660 Aprili
303 4574 331 4637 in
355 4576 442 4637 linern
465 4574 596 4653 Augusti
619 4575 840 4655 peregrinatum
863 4576 924 4638 abii
947 4577 976 4638 in
993 4576 1135 4658 Styriam,
1160 4576 1265 4638 relicta
1279 4576 1398 4654 Pragae
1422 4594 1523 4639 uxore

179 4670 209 4729 A
232 4664 400 4746 Septembri
425 4664 455 4727 in
477 4664 590 4727 lulium
619 4660 709 4727 1602.
734 4665 802 4725 dedi
832 4684 953 4746 operam
986 4665 1089 4728 liberis
1119 4675 1150 4727 et
1177 4666 1344 4727 fabricatus
1367 4686 1434 4727 sum
1455 4666 1525 4747 pul·

180 4755 357 4817 cherrimam
388 4751 519 4816 filiolam.
564 4755 594 4819 A
626 4754 810 4835 Septembri,
833 4754 967 4836 inquam,
1000 4755 1084 4835 coepi
1109 4753 1343 4817 laboriosissimo
1376 4754 1524 4837 inquirere

178 4843 399 4930 proportionem
422 4842 570 4907 secundae
595 4842 829 4908 ecceutrieitatis
851 4842 949 4918 Solis,
982 4842 1011 4905 in
1044 4864 1102 4926 quo
1130 4844 1232 4907 labore
1255 4844 1359 4927 Tyeho
1388 4854 1523 4909 mortuus
