3368 5534
279 303 342 373 172
536 238 542 252 ι
763 300 928 360 00100οω
949 304 1042 362 00000
1059 306 1148 360 uam

277 484 314 559 F]
338 481 452 583 primae
487 485 526 545 ad
559 502 698 547 occasum
728 483 852 547 veniunt
884 485 931 559 [nt
952 484 982 546 H
1009 504 1064 565 per
1091 485 1148 547 LK
1179 502 1294 547 mrsnm
1326 482 1355 545 in
1379 484 1428 558 Il:
1463 483 1631 547 tardiorem

278 572 382 635 Solem
406 572 448 647 [in
471 573 580 650 ABEJ,
605 574 710 654 utqui
734 573 878 653 postridie
903 573 932 635 iu
956 574 982 636 Ε
1007 575 1155 648 existens,
1180 575 1256 635 lixas
1280 574 1294 635 Ι
1318 573 1357 634 ad
1381 592 1522 636 occasum
1546 573 1630 635 inse·

278 670 395 744 quatur,
420 661 526 743 quibus
552 663 647 744 pridie
666 663 789 743 junctus
813 671 880 725 erat
902 682 956 743 per
978 663 1057 724 HA:
1083 663 1139 725 hoc
1163 663 1271 725 itemm
1294 661 1457 725 tardiorem
1481 661 1631 725 omninn-

278 771 335 831 qno
358 751 489 813 siderum
513 746 716 814 tardissimam
740 752 856 814 Lunam
864 771 873 827 ;
898 751 968 832 quia
990 771 1056 813 cunr
1079 751 1167 814 hodio
1196 770 1261 813 cnm
1285 750 1357 813 8010
1381 751 1422 825 [10
1446 751 1487 825 Δ,
1510 751 1580 831 ipaa
1599 751 1632 813 iu

276 840 313 914 F]
338 839 537 916 occubuisset,
561 841 706 922 postridie
732 842 827 914 [coelo
851 849 916 903 toto
940 847 972 902 et
994 861 1054 903 una
1076 841 1144 922 ipsa
1166 858 1219 921 per
1234 838 1386 902 FMNOG
1410 840 1492 902 circa
1505 841 1632 904 Terram

276 929 395 1003 voluta]
420 927 522 992 Solem
552 929 777 993 occumbentem
802 929 1007 1005 [1011100110
1037 949 1146 1010 magno
1179 929 1341 992 intervallo
1367 927 1450 1004 [EG]
1475 938 1633 1009 sequatur.

277 1017 355 1080 Hinc
372 1019 582 1100 Pythagoraei,
608 1038 674 1081 cnm
689 1020 766 1082 inter
780 1020 881 1081 sidera
900 1019 1029 1080 musicos
1044 1038 1135 1081 sonos
1160 1018 1395 1092 distribuissent,
1419 1018 1633 1099 gravissimum

277 1106 382 1168 Lunae
405 1108 552 1184 tribuere,
587 1116 619 1169 et
640 1109 720 1170 inter
743 1109 826 1190 lyrae
849 1108 978 1171 chordas
1001 1108 1154 1190 hypaten,
1187 1117 1349 1188 propterea
1372 1108 1450 1188 qnod
1474 1108 1633 1188 utriusque

277 1203 376 1258 motus
400 1196 591 1260 tardissimus
615 1207 707 1260 esset
754 1198 832 1260 Hinc
855 1206 940 1261 ortae
964 1214 1054 1259 voces
1068 1218 1293 1279 upoqponpsroe,
1313 1192 1529 1273 hrohrruaoc,
1555 1215 1632 1278 qna-

278 1304 344 1347 rnm
376 1284 429 1347 illa
458 1286 597 1366 primitur
621 1287 648 1348 ei
672 1286 780 1349 stellas
812 1285 999 1366 quadrabat,
1039 1306 1115 1367 quae
1147 1285 1293 1368 postridie
1322 1287 1405 1366 prior
1427 1286 1466 1348 ad
1489 1302 1633 1349 ocenum

278 1373 418 1436 veniebat
441 1377 490 1448 (ut
511 1374 538 1436 Ε
562 1374 615 1437 801
644 1384 783 1456 respectu
807 1373 837 1437 G
861 1376 965 1438 Lunae
993 1375 1149 1438 dicebatur
1171 1379 1422 1454 000000000000);
1456 1375 1531 1438 haec
1560 1394 1633 1438 vero

279 1462 387 1524 stellae
411 1465 537 1527 tardiori
561 1464 591 1526 in
616 1465 711 1545 primo
734 1471 816 1526 motu
842 1466 888 1538 [ut
909 1464 958 1526 hic
981 1463 1111 1538 Lunae],
1136 1465 1222 1545 qnasi
1245 1465 1461 1527 destitueretur
1484 1474 1517 1527 et
1541 1466 1631 1528 dere·

278 1551 461 1631 linqueretur
493 1555 535 1629 [in
561 1549 603 1630 G]
637 1552 872 1617 acelerioribus
904 1552 960 1628 [E.
983 1553 1032 1630 I],
1065 1553 1102 1616 de
1134 1553 1241 1633 quibua
1274 1554 1342 1615 vide
1374 1553 1462 1634 plura
1495 1573 1566 1635 cap.
1590 1554 1632 1616 X.

277 1650 400 1702 nostrae
425 1641 562 1725 Optiees.
992 1674 1000 1688 ·

366 1731 453 1795 Hanc
481 1733 607 1812 primam
631 1731 833 1793 astronomiae
863 1729 1136 1805 adumbrationem,
1176 1751 1251 1812 qnae
1280 1731 1362 1793 nulla
1389 1750 1500 1796 causae
1534 1732 1635 1813 expli·

277 1820 415 1893 catione,
443 1822 509 1884 sola
533 1841 603 1883 vero
628 1829 659 1882 et
682 1819 857 1883 tardissima
880 1820 1030 1882 oculorum
1054 1820 1240 1900 experientia
1263 1829 1400 1896 constat,
1425 1832 1457 1884 et
1479 1841 1558 1902 qnae
1582 1842 1637 1884 nec

277 1909 483 1973 schematibus
515 1930 570 1975 nec
600 1910 731 1973 numeris
759 1910 904 1989 explicari
932 1909 1021 1991 inque
1055 1909 1156 1971 lutura
1183 1918 1321 1992 tempora
1350 1910 1485 1990 depromi
1519 1921 1633 1992 potest,

280 2017 346 2060 cum
369 2010 515 2080 perpetuo
539 2021 558 2061 a
581 2018 614 2060 se
639 1998 708 2079 ipsa
730 1999 890 2066 dissideat,
914 1998 991 2059 adeo
1015 2008 1048 2060 ut
1071 1999 1155 2060 nulla
1177 1999 1260 2080 spira
1283 1999 1373 2060 alteri
1387 2000 1534 2081 temporis
1550 2019 1635 2063 mora

278 2098 432 2168 aequetur,
459 2090 541 2152 nulla
565 2089 700 2168 ejusdem
724 2087 902 2168 quantitatis
926 2087 1005 2148 flexu
1029 2087 1058 2148 10
1084 2086 1213 2150 uicinam
1232 2095 1386 2162 transeat,
1412 2089 1491 2151 hanc
1512 2089 1634 2169 inquam

279 2176 370 2256 aliqui
409 2189 509 2240 tamen
541 2177 649 2252 hodie,
691 2177 866 2239 conculcato
908 2175 954 2237 bis
986 2175 1069 2238 mille
1106 2195 1249 2239 anuomm
1295 2177 1417 2253 labore,
1466 2176 1634 2259 diligentia,

279 2265 463 2343 emditione,
489 2265 631 2342 scientia,
654 2267 815 2327 restituere
839 2271 993 2340 conantur,
1017 2265 1108 2345 vulgo
1132 2266 1362 2328 admirationem
1386 2267 1443 2339 sui,
1468 2285 1527 2328 non
1552 2266 1637 2329 irrito

279 2354 360 2435 apud
398 2355 554 2436 imperitos
594 2363 720 2425 conatu,
767 2355 938 2435 ingerentes
945 2371 954 2427 ;
1002 2373 1075 2435 quos
1112 2356 1271 2434 peritiores
1303 2354 1351 2417 vel
1381 2355 1510 2436 ineptire
1539 2356 1589 2418 vel
1612 2356 1637 2420 ai

279 2443 450 2525 philosophi
475 2445 576 2508 audire
599 2446 713 2519 volunt,
737 2452 771 2506 ut
795 2442 944 2507 Palricius
968 2442 1029 2519 ille,
1054 2462 1120 2506 cum
1143 2444 1261 2507 ratione
1285 2444 1415 2506 insanire
1435 2446 1505 2525 jura
1529 2444 1637 2508 merito

279 2542 417 2595 censent.

368 2619 523 2687 Successit
545 2621 624 2685 enim
648 2619 828 2684 astronomis
853 2627 886 2682 01
909 2619 1130 2700 intelligerent,
1161 2621 1235 2683 duos
1265 2622 1406 2683 conlundi
1432 2631 1532 2684 motus
1558 2622 1633 2684 aim·

277 2710 391 2793 plices,
423 2713 550 2792 primum
582 2720 614 2773 et
644 2710 811 2784 secundos,
844 2726 1029 2773 communem
1053 2717 1086 2771 et
1107 2711 1262 2791 proprios,
1295 2729 1332 2773 ex
1365 2730 1425 2792 qua
1456 2711 1633 2773 conluuione

279 2801 451 2864 necessario
482 2811 626 2884 sequatur
648 2801 702 2862 illa
733 2799 1023 2879 conglomeratorum
1053 2807 1184 2861 motuum
1217 2817 1352 2861 connexa
1384 2800 1500 2863 series:
1532 2800 1636 2881 itaque

280 2898 423 2970 separato
456 2889 603 2953 communi
628 2890 679 2951 illo
703 2896 734 2950 et
757 2888 946 2950 extrinsecus
979 2888 1151 2950 advenienti
1184 2896 1273 2969 raptu
1305 2889 1429 2964 diurno,
1454 2891 1521 2970 jam
1546 2908 1636 2970 porro

279 2997 339 3043 non
370 2980 446 3042 lixas
476 2978 702 3051 velocissimae,
726 2978 843 3040 Lnnam
867 2976 1089 3053 tardissimam,
1121 2978 1175 3039 sed
1208 2978 1361 3040 contraria
1389 2979 1525 3049 ratione,
1560 2978 1637 3040 banc

280 3068 416 3131 velocem
441 3088 475 3130 se
499 3069 566 3150 ipsa
589 3076 622 3130 et
644 3076 725 3129 motu
753 3067 873 3148 proprio
896 3067 921 3128 F
924 3064 968 3140 G,
999 3067 1067 3129 illas
1096 3067 1184 3146 plane
1213 3067 1261 3128 vel
1289 3067 1483 3130 tardissimas
1507 3068 1556 3129 vel
1580 3067 1638 3129 im·

281 3166 380 3221 motas
404 3176 492 3220 ease:
517 3175 641 3238 cumque
664 3159 788 3237 planeta
811 3154 970 3237 quispiam,
994 3163 1028 3217 ut
1052 3152 1081 3216 G
1104 3156 1206 3230 Luna,
1231 3176 1250 3216 a
1273 3155 1344 3218 8010
1367 3155 1395 3217 Ε
1417 3158 1466 3221 001
1490 3177 1510 3219 0
1532 3156 1601 3218 linis
1624 3156 1638 3217 1

281 3256 329 3309 eat
351 3243 562 3321 inolaaruoe,
586 3247 700 3308 eumin
725 3243 981 3325 consequentia*)
1005 3244 1075 3306 ferri
1098 3263 1152 3324 per
1174 3243 1231 3307 FG
1254 3246 1396 3320 celerius,
1421 3265 1509 3326 qnam
1534 3246 1638 3309 Solem
1661 3316 1668 3327 ι

281 3355 336 3417 per
358 3337 417 3399 An
440 3337 488 3399 vel
518 3337 593 3398 lixas
625 3354 679 3416 per
702 3336 763 3409 1113
797 3343 830 3395 at
861 3334 887 3397 si
911 3353 1127 3414 rrpoqyoouaooe
1156 3343 1304 3415 appareat
1333 3335 1413 3397 inter
1434 3336 1523 3406 fixas,
1553 3342 1636 3396 mota

283 3427 461 3506 retrogrado
485 3425 643 3488 incedere:
668 3434 703 3486 nt
725 3425 752 3485 si
774 3422 828 3486 801
852 3423 880 3485 A
904 3442 969 3486 cum
998 3424 1058 3486 lixa
1080 3424 1108 3484 H
1133 3442 1171 3485 ex
1194 3423 1300 3485 iisdem
1335 3423 1431 3504 pridie
1465 3424 1636 3487 carceribus

281 3515 342 3579 ΑΗ
367 3515 505 3590 emissus,
529 3534 583 3596 per
605 3512 716 3576 BCDE
740 3513 929 3594 pervenisset
950 3531 1043 3594 usqne
1067 3512 1095 3573 10
1120 3512 1155 3586 P,
1179 3513 1239 3575 ixa
1262 3532 1332 3575 vero
1354 3533 1409 3595 per
1431 3513 1519 3576 ΗΒΚ
1543 3531 1637 3594 nsque

284 3605 313 3666 in
337 3604 362 3674 1,
388 3603 441 3667 801
465 3605 551 3667 00100
575 3603 635 3666 (1101
658 3602 758 3683 000110
781 3621 834 3682 per
856 3602 1049 3665 intervallum
1072 3601 1128 3663 ΑΡ
1150 3603 1387 3665 retrocessisset.

373 3694 504 3773 Magnus
527 3692 576 3757 hic
599 3692 628 3754 in
654 3692 837 3753 astronomia
868 3692 1021 3771 profectus
1045 3690 1103 3752 luit
1125 3691 1163 3752 ad
1192 3692 1364 3754 discendam
1395 3698 1528 3753 motuum
1561 3688 1637 3751 sim·

285 3781 462 3864 plicitatem.
509 3782 568 3845 Pro
592 3779 716 3843 infinitis
741 3781 818 3842 enim
842 3779 941 3860 spiris,
965 3797 1085 3859 semper
1108 3797 1186 3842 nova
1209 3798 1248 3842 ex
1270 3781 1326 3843 line
1350 3780 1459 3861 prioris
1482 3777 1509 3841 Ε
1534 3779 1584 3841 vol
1608 3778 1637 3840 G

286 3889 376 3945 nexa,
400 3871 643 3952 relinquebantur
666 3869 775 3949 singuli
789 3888 865 3949 pene
888 3868 990 3932 circuli
1004 3866 1061 3931 FG
1077 3875 1110 3930 et
1123 3870 1180 3931 Au
1199 3878 1231 3931 et
1245 3889 1320 3933 unus
1343 3869 1509 3933 communis
1528 3876 1639 3940 motus,

284 3980 340 4022 seu
363 3960 492 4024 omnium
514 3961 705 4042 planetarum
735 3958 884 4039 totiusque
912 3959 988 4020 adeo
1013 3956 1113 4020 mnndi
1137 3959 1167 4019 in
1190 3959 1312 4039 plagam
1345 3959 1476 4022 motibus
1507 3956 1641 4041 propriis

285 4050 478 4126 contrariam,
503 4070 558 4113 seu
582 4048 743 4110 secundnm
758 4046 968 4110 Aristarchum
992 4054 1094 4109 stante
1118 4047 1235 4121 mundo,
1260 4049 1341 4129 globi
1364 4046 1538 4111 Telluris‘l'
1559 4045 1642 4110 circa

286 4158 373 4201 axem
397 4137 457 4211 Qu
479 4140 508 4201 in
532 4140 654 4219 plagam
679 4137 804 4201 eandem
828 4157 895 4200 cnm
917 4138 1046 4219 propriis
1070 4137 1211 4200 motibus.

375 4227 524 4309 Separato
551 4229 618 4308 jam
645 4226 740 4307 primo
772 4237 803 4289 et
825 4227 929 4290 diurno
953 4236 1037 4288 motu
1061 4235 1092 4287 et
1114 4225 1270 4306 perpensis
1296 4234 1411 4288 tantum
1435 4226 1474 4290 iis
1496 4226 1640 4301 motibus,

287 4317 336 4398 qni
370 4318 530 4380 collatione
561 4318 675 4379 dierum
708 4315 821 4397 aliquot
853 4316 1113 4396 deprehenduntur
1135 4325 1167 4377 et
1195 4316 1321 4395 singulis
1351 4317 1483 4396 planetis
1511 4314 1642 4379 seorsim

288 4407 403 4482 ineunt,
429 4407 494 4486 jam
525 4408 554 4468 in
588 4406 635 4466 his
668 4406 741 4485 ipsis
774 4405 865 4466 multo
894 4407 988 4487 major
1016 4404 1156 4485 apparuit
1180 4406 1315 4467 confusio
1339 4426 1427 4487 quam
1450 4406 1552 4488 prius,
1575 4424 1642 4468 cum

288 4496 385 4559 adhuc
416 4506 516 4560 motus
548 4494 669 4559 diurnus
704 4503 736 4555 et
758 4495 921 4557 communis
945 4495 1019 4576 ipsis
1042 4501 1125 4556 esset
1148 4494 1320 4576 implicitus.
1368 4495 1435 4560 Etsi
1460 4497 1542 4559 euim
1565 4496 1641 4559 haec

294 4633 607 4645 ————-—--.

378 4698 406 4775 ·)
426 4702 458 4757 ln
478 4700 676 4775 consequentia
695 4707 741 4754 001
760 4703 906 4756 secundnm
934 4702 1073 4775 signomm
1101 4702 1199 4756 seriem
1227 4705 1264 4757 ab
1284 4704 1380 4758 Ariete
1400 4704 1428 4759 in
1449 4705 1571 4759 Tauru-
1593 4701 1643 4758 ὰ.

290 4797 361 4853 quas
392 4783 476 4838 series
507 4784 595 4839 tendit
615 4783 652 4837 ab
672 4797 772 4835 occasu
794 4799 845 4852 per
872 4783 1011 4838 meridiem
1032 4783 1060 4836 in
1080 4782 1242 4838 orientalem
1267 4785 1383 4857 plagam
1402 4793 1434 4841 01
1456 4786 1520 4841 indo
1546 4800 1644 4840 raraaa

291 4856 1259 4932 inunooetimnumaooooidenoamzatrtan,atainn
