3368 5534
166 272 210 345 46
503 340 506 345 ,
574 276 686 330 literae
705 276 813 343 Kepleri
824 276 974 343 aliorumque
990 281 1093 327 mutuae

167 456 296 539 pendet;
320 455 453 535 cogitavi
472 455 573 535 igitur,
597 458 749 541 quomodo¹
767 455 935 538 parallaxis
953 454 1017 517 sine
1033 454 1204 534 cognitione
1227 453 1399 518 latitudinis
1412 455 1520 519 ohser-

168 545 266 609 vaudo
290 545 468 624 investigari
490 553 605 626 posset
651 546 736 608 Modi
759 547 817 608 duo
842 545 1018 607 inciderunt
1064 544 1164 619 Alter,
1188 545 1216 606 si
1238 545 1343 608 eodem
1365 544 1415 607 die
1431 546 1521 608 Luna

166 635 259 697 semel
282 634 347 697 alta
369 634 462 697 semel
484 634 625 697 humilior
649 645 735 697 extra
756 644 858 698 tamen
881 635 1040 713 terruinum
1067 633 1282 697 refractionuur
1305 633 1520 698 metinates

166 723 285 805 quando
313 730 363 785 est
388 723 470 785 circa
498 723 629 804 limites,
661 723 710 785 ubi
739 724 819 786 intra
849 724 925 786 duas
954 724 1046 784 horas
1077 741 1183 802 parum
1212 731 1345 787 mutatur
1377 723 1518 787 latitudo.

164 811 298 897 Expedit
319 820 420 875 autem
443 811 474 874 id
497 812 590 875 etiarn
612 813 642 875 in
665 812 811 893 principio
836 811 946 877 Cancri
968 811 1042 884 lieri,
1067 811 1116 874 ubi
1139 813 1361 892 parum-etism
1383 821 1519 876 mutatur

165 901 337 965 declinatio.
384 902 498 963 Verum
530 902 646 983 quando
669 902 756 965 Luna
788 903 893 963 eodem
916 901 965 963 die
993 909 1066 980 post
1097 901 1294 965 meridianam
1326 902 1518 965 altitudinem

164 991 200 1053 tit
212 989 397 1053 sensibiliter
411 989 562 1065 humilior,
581 990 711 1071 acquirit
725 990 895 1070 parallaxin
911 989 941 1052 in
957 989 1184 1069 longitudinem,
1202 991 1518 1071 praecognosceudam

167 1098 235 1141 cum
257 1098 294 1141 ea
316 1078 491 1160 inquiratur.
536 1079 627 1143 Alter
649 1080 766 1153 modus,
790 1086 824 1141 ut
842 1078 994 1142 distinctis
1017 1078 1203 1159 temporibus
1226 1079 1405 1143 observetur
1419 1080 1518 1154 Luna,

166 1187 234 1231 eum
256 1177 306 1229 est
327 1166 466 1247 ingradu
489 1168 694 1247 nonagesimo,
718 1168 748 1231 in
773 1168 867 1230 limite
895 1169 1011 1242 eodem,
1034 1167 1064 1230 iu
1085 1168 1192 1230 eadem
1213 1168 1379 1239 remotiora
1391 1189 1418 1231 a
1432 1168 1517 1242 Sole,

167 1257 260 1318 semel
284 1257 374 1318 altior
397 1257 489 1319 semel
512 1257 660 1319 humilior.
697 1258 744 1319 At
757 1257 814 1319 hae
830 1266 897 1343 tres·
912 1256 1101 1319 conditiones
1124 1277 1193 1319 raro
1217 1264 1416 1332 concurrunt3
1439 1257 1518 1320 adde

165 1346 245 1426 quod
277 1344 405 1425 singulis
437 1345 587 1427 scrupulis
613 1346 643 1408 in
670 1346 728 1409 hac
760 1346 930 1409 altitudinis
963 1346 1175 1408 observatione
1207 1346 1407 1409 committitur
1435 1365 1518 1408 error

166 1434 253 1497 unius
281 1433 496 1497 semidiametri
529 1436 659 1508 Terrae,
697 1455 822 1517 quarum
852 1435 880 1497 in
914 1435 1137 1498 eccentricitate
1168 1435 1236 1497 viae
1265 1436 1370 1497 Lunae
1402 1454 1517 1516 paucae

165 1523 363 1585 continentur.
400 1523 505 1605 ltaque
528 1524 619 1588 tertio
641 1524 700 1586 huc
722 1524 861 1605 confugio
881 1532 959 1588 utta
979 1543 1071 1598 orem,
1095 1524 1239 1587 observes
1257 1524 1376 1587 Lunam
1398 1524 1518 1605 quoties

164 1619 252 1694 potes
265 1612 295 1674 iu
310 1613 504 1690 nonagesimo
528 1612 622 1690 gradu
638 1621 670 1676 et
689 1612 917 1676 observationes
937 1634 996 1676 una
1015 1632 1080 1675 curu
1103 1612 1299 1676 exactissima
1312 1612 1517 1676 Bononiensis

73 1718 79 1727 ·
163 1700 225 1782 poli
247 1700 407 1764 altiurdine
436 1701 593 1764 nobiscum
616 1701 646 1763 in
671 1701 835 1764 Germanis
864 1703 1072 1765 communices.
1111 1702 1230 1766 Curaho
1253 1720 1321 1782 ego,
1342 1710 1380 1767 ut
1395 1710 1517 1765 nostras

166 1789 396 1853 observationes
419 1798 451 1852 tu
474 1789 608 1852 vicissim
631 1790 754 1854 habeas.
791 1791 840 1853 Ita
863 1793 924 1866 fiet,
948 1799 981 1853 ut
997 1791 1085 1853 Luna
1106 1791 1255 1853 interdum
1278 1790 1367 1852 simul
1390 1798 1516 1873 unoque

167 1877 198 1940 in
221 1879 287 1941 loco
312 1879 487 1941 observetur
510 1879 611 1960 sicque
635 1879 700 1959 ejus
724 1881 753 1942 in
777 1879 870 1942 variis
893 1879 1060 1942 anomaliae
1080 1880 1155 1943 locis
1178 1879 1354 1943 altitudines
1377 1879 1517 1944 innotos

167 1977 246 2031 cant
292 1970 373 2031 Nem
393 1967 541 2031 Bohemis
565 1976 596 2030 et
617 1968 725 2031 Italiae
748 1969 828 2031 bona
849 1989 921 2050 pars
945 1970 975 2032 iu
998 1969 1102 2031 eodem
1126 1968 1291 2031 meridiano
1315 1976 1396 2031 sunt

257 2058 348 2133 Vale,
371 2057 633 2138 praestantissime
657 2058 703 2120 vir
725 2076 830 2139 meque
853 2057 909 2120 tibi
932 2058 1171 2120 commendatum
1193 2058 1279 2120 habe.

555 2146 677 2210 Graecii
700 2147 822 2231 Styriae
846 2146 913 2211 Cal.
936 2148 1006 2210 Jun.
1034 2140 1129 2210 1001.

758 2244 762 2253 ”
800 2236 917 2299 Excell.
942 2238 1024 2299 Tuae

1097 2318 1336 2386 officiosissimus

958 2413 1010 2477 Jo.
1034 2410 1203 2494 Keplerue,
1226 2409 1473 2475 Mathematicus.

259 2587 395 2652 Keplemm
422 2601 478 2638 eum
505 2593 662 2652 praeceptore
690 2601 734 2637 suo
758 2585 794 2638 M.
813 2587 841 2638 M
848 2588 994 2639 aestlino
1019 2588 1050 2639 de
1071 2587 1257 2648 ..Martialibus⁸⁴
1283 2588 1334 2639 suls
1361 2588 1451 2639 studi·-
1475 2603 1519 2655 per

169 2658 255 2711 literas
274 2660 354 2725 agina
373 2658 426 2723 quia
444 2658 567 2708 dubitabit
584 2658 698 2722 perlectis
717 2658 802 2713 literis,
820 2674 889 2724 quas,
912 2661 969 2709 dum
987 2657 1110 2724 Keplerus
1124 2658 1255 2709 editionem
1268 2658 1394 2710 Prodromi
1412 2660 1517 2711 medita·

169 2730 250 2788 batur.
278 2736 362 2780 mutuo
382 2730 502 2780 dederant
527 2736 732 2794 acceperuntque.
776 2729 898 2794 Replerus
925 2738 1088 2782 consueverat
1105 2730 1265 2781 Maestlinum
1285 2731 1316 2780 de
1335 2731 1447 2792 omnibus
1466 2731 1517 2782 lere

170 2802 299 2854 certiorem
318 2801 410 2858 lacere,
429 2815 493 2866 quae
511 2801 577 2850 bona
589 2801 626 2850 rei
639 2801 707 2851 mala
724 2801 770 2864 ipsi
788 2803 938 2854 acciderant
959 2816 1022 2866 quae
1040 2816 1105 2852 nova
1122 2803 1148 2851 ln
1161 2801 1237 2852 literis
1256 2808 1300 2850 ant
1317 2801 1371 2866 lpse
1388 2802 1519 2853 lumem

167 2880 214 2925 aut
231 2874 264 2924 ab
282 2873 336 2922 aliia
354 2874 456 2923 iuventa
474 2879 614 2935 acceperat,
634 2888 681 2922 non
700 2873 833 2935 respiciens
846 2873 971 2923 Maeatliui
990 2876 1014 2923 in
1033 2873 1188 2924 rescribendo
1205 2874 1346 2937 segnitiam.
1375 2872 1417 2924 see
1435 2873 1520 2925 resuta

166 2946 379 3011 praeceptorias,
405 2958 469 3009 quae
487 2945 513 2994 in
533 2942 662 3008 Opticis
685 2943 824 3007 proiecerat
846 2944 915 3004 (Vol.
935 2945 968 3003 ll,
988 2959 1011 3009 p.
1033 2942 1090 3005 12),
1116 2958 1227 3009 quaeque
1246 2943 1278 2995 de
1296 2944 1409 2995 Stella
1426 2944 1519 2996 Nora

168 3016 280 3067 bouada
298 3015 330 3066 ab
349 3014 403 3064 allis
422 3022 554 3079 acceperat
573 3022 618 3064 aut
635 3016 687 3081 ipse
705 3015 923 3074 observationibus,
944 3015 1044 3066 calculis
1064 3024 1090 3066 et
1107 3016 1298 3067 ratiocinatione
1321 3015 1519 3080 deprehenderat

169 3084 237 3148 (Vol.
255 3087 288 3145 11,
307 3101 332 3151 p.
352 3084 412 3135 582.
432 3083 506 3147 ibt),
533 3100 680 3151 quamquam
700 3086 732 3136 ab
756 3087 825 3135 initio
851 3088 909 3136 anui
931 3084 1005 3135 1000.
1026 3087 1058 3138 ad
1076 3102 1169 3137 annum
1190 3083 1265 3137 teos.
1285 3084 1345 3137 nihil
1373 3090 1519 3152 rerpcnaia

166 3155 301 3209 llaestbno
329 3159 444 3222 aceepitr
472 3165 547 3222 atque
565 3156 601 3207 sie
624 3159 713 3214 etiam.
738 3172 812 3222 quum
831 3158 864 3208 ad
882 3157 1024 3222 Tycbonem
1043 3160 1144 3209 Grastio
1168 3157 1276 3223 Pragam
1302 3158 1515 3225 usnmlgrssset

166 3231 242 3281 relect
259 3230 294 3279 illi
312 3242 353 3286 ea,
371 3243 436 3294 quae
453 3230 506 3295 ipae
524 3229 590 3291 apud
608 3229 749 3291 'lycbonem
768 3236 838 3295 agat.
857 3244 968 3295 quaeque
986 3231 1011 3280 in
1030 3230 1116 3280 studiis
1135 3229 1292 3292 Tyebouicis·
1304 3230 1385 3280 relatu
1402 3228 1518 3296 dietim

167 3301 370 3367 deprehenderit,
399 3315 445 3351 uec
462 3315 511 3350 non
530 3314 562 3350 ea
586 3314 665 3365 quae.
692 3300 780 3351 Martis
808 3301 989 3353 observationes
1014 3315 1164 3367 aggressus.
1191 3301 1348 3353 emeudmda
1365 3303 1392 3351 ia
1418 3303 1518 3353 astu&

172 3381 365 3424 uuouomorum
383 3371 517 3422 rationibus
535 3377 591 3421 rata
608 3369 709 3421 babeat

257 3443 327 3493 Prior
345 3443 501 3506 epistolarum
520 3441 726 3507 Keplerlsnarum
744 3443 793 3493 buc
811 3444 935 3506 pertinens
951 3442 1059 3493 Martem
1077 3443 1156 3507 ipsum
1174 3441 1272 3507 quidem
1291 3443 1400 3495 noudum
1419 3445 1519 3501 attinet,

166 3515 211 3565 aed
228 3517 290 3565 satis
307 3513 458 3565 luculentum
476 3515 580 3578 praebet
597 3515 722 3578 specimen
746 3514 881 3565 mdiorum
899 3515 1022 3578 'l'ychouis
1049 3517 1150 3580 sinque
1176 3512 1366 3579 discipulorum,
1392 3528 1468 3581 quem
1485 3516 1517 3566 ee

170 3601 221 3637 ιω
240 3586 309 3637 illam
327 3584 489 3636 mutandam
508 3599 637 3636 ceaeems
654 3584 695 3636 bie
712 3587 843 3652 integrans

255 3744 339 3807 lt'ihil
362 3745 419 3807 hac
442 3745 507 3807 vice
531 3744 588 3807 fuit
609 3745 777 3821 dicendum,
791 3747 976 3826 Praeceptor
998 3747 1212 3821 amantissime,
1237 3765 1327 3829 quam
1340 3753 1374 3806 ut
1387 3765 1516 3828 respou-

168 3836 256 3900 detes
278 3834 423 3914 proximis
446 3833 521 3896 meis
545 3834 642 3897 literis
665 3843 697 3896 et
717 3836 756 3898 R.
781 3837 818 3898 D.
842 3837 881 3898 D.
906 3837 1143 3899 Hafeurellarum
1167 3843 1198 3898 et
1219 3838 1257 3900 1).
1280 3837 1319 3898 D.
1344 3834 1516 3914 Zieglerum

168 3926 208 3987 ad
222 3923 411 3986 scribendum
430 3923 607 3999 hortareris,
630 3924 877 4005 mitterenturque
895 3925 1002 3987 literae
1017 3925 1225 3988 Stnccardism
1239 3925 1278 3987 sd
1292 3926 1330 3987 D.
1343 3925 1384 3987 1).
1398 3924 1516 4004 Bugel-

167 4013 303 4089 bsrdum,
329 4013 375 4075 vel
399 4013 499 4093 potius
523 4013 710 4093 Leobergarn
733 4015 772 4075 ad
794 4032 890 4076 meam
914 4025 1050 4077 matrem.
1089 4014 1305 4080 Consolatione
1328 4012 1408 4076 euim
1430 4032 1517 4093 egeo,

168 4103 218 4184 qni
242 4110 389 4184 quartana
410 4101 572 4164 etiamnum
587 4103 692 4164 laboro
709 4110 741 4165 et
755 4102 875 4183 insuper
896 4102 1067 4183 periculosa
1082 4103 1170 4179 tussi,
1191 4123 1251 4166 nou
1265 4103 1330 4165 aine
1344 4103 1517 4182 suspicione

167 4191 318 4265 bectiees,
351 4188 407 4253 hoc
430 4200 479 4253 est
509 4190 603 4270 ipsius
632 4191 712 4252 vitae
736 4211 801 4254 curu
831 4191 981 4271 periculo;
1010 4193 1075 4273 jam
1098 4200 1130 4255 et
1161 4212 1235 4255 uxor
1265 4199 1422 4273 mgrotat3
1451 4191 1517 4271 jam

169 4281 299 4345 nonduin
323 4289 429 4362 quarto
452 4280 571 4361 penitus
602 4281 766 4360 praeterito
799 4300 899 4342 mense
924 4290 1041 4345 centum
1071 4282 1206 4344 thaleros
1228 4283 1346 4361 Pragse
1369 4281 1516 4361 expendi3

169 4371 246 4432 adde
270 4370 421 4443 viaticum,
444 4387 548 4448 parum
572 4379 653 4431 certe
676 4370 748 4431 mihi
773 4377 918 4450 superest
964 4371 1063 4433 Multa
1082 4371 1185 4452 Tycbo
1207 4369 1366 4452 promittit,
1388 4386 1466 4450 quae
1489 4370 1517 4432 si

168 4470 273 4523 esseut
295 4461 339 4522 ita
361 4459 392 4521 iu
417 4458 511 4539 ipsius
533 4468 697 4539 potestate,
721 4478 808 4521 nemo
832 4468 914 4521 esset
936 4480 982 4522 me
1006 4461 1183 4523 eontentior.
1230 4462 1335 4540 Itaque
1358 4458 1417 4520 nisi
1441 4459 1516 4520 haee

169 4568 237 4610 mea
270 4549 425 4611 festinatio
456 4557 487 4608 et
517 4547 671 4627 paschalis
708 4546 851 4628 temporis
886 4548 1048 4612 destinatio
1082 4549 1189 4612 mortis
1221 4548 1301 4611 circa
1331 4548 1363 4611 id
1397 4556 1517 4628 tempus

171 4636 337 4715 ingruentis
360 4658 446 4700 omen
470 4645 533 4709 est,
558 4635 745 4717 migrandum
768 4637 825 4699 erit
848 4640 966 4701 omuino
989 4639 1029 4700 ad
1047 4638 1170 4719 pascha.
1215 4639 1267 4702 Ad
1290 4656 1344 4699 ros
1366 4654 1415 4699 me
1436 4636 1518 4718 rapit

171 4743 256 4789 amor
278 4726 415 4807 patriae,
445 4743 637 4807 quaecuuque
660 4725 702 4787 sit
723 4726 788 4804 ejus
812 4726 911 4791 lutura
938 4729 1067 4790 fortuna.
1114 4728 1216 4790 Rebus
1239 4726 1433 4808 pereuntibus
1450 4727 1516 4807 jam

170 4816 264 4880 semel
287 4815 417 4890 interlui,
441 4814 592 4896 impavido
616 4833 682 4879 sum
703 4814 813 4879 auimo.
