3368 5534
163 289 228 359 308
648 289 689 343 De
707 289 815 343 Metlbur
833 287 926 342 Stellae
943 288 1033 344 uus·

252 471 295 535 Et
315 470 444 552 primum
467 468 547 552 quod
569 467 693 545 attinet,
724 466 964 533 consideratione
989 469 1110 551 dignum
1133 478 1195 545 est,
1226 490 1265 532 an
1288 469 1368 532 sicut
1390 488 1518 553 opacum

163 561 293 624 altemm
317 560 405 624 alteri
427 559 527 621 lumen
550 557 633 622 Solis
657 558 817 640 intercipit,
843 558 886 621 sic
910 561 1002 623 etiam
1025 559 1149 623 mobilia
1171 579 1204 622 se
1228 558 1356 622 invicem
1380 560 1412 623 in
1434 569 1518 623 motu

162 649 338 732 impediant,
362 650 413 713 ubi
426 649 549 712 easdem
572 667 638 711 cum
654 648 727 711 Sole
745 647 844 711 lineas
867 648 1040 712 inciderint:
1066 657 1099 712 ut
1121 649 1165 711 ita
1187 649 1239 712 lux
1253 648 1343 731 plane
1365 649 1410 712 sit
1431 651 1519 712 rehi-

164 741 263 804 culum
282 740 332 800 vel
355 741 585 802 instrumentum
598 737 720 800 vimutis
743 736 888 801 metricis.
927 738 1036 803 Videri
1059 739 1137 801 enim
1159 738 1269 820 possit,
1292 747 1326 801 ut
1348 739 1406 802 hoc
1421 760 1518 821 qnan-

164 837 229 892 tum
260 828 324 891 fieri
357 836 468 911 posset
499 834 673 902 caveretur,
710 827 921 890 inclinationes
958 837 1077 894 mutuas
1109 827 1344 891 eecentricorum
1378 830 1519 901 omnium,

165 917 412 1001 deviationesqne
437 917 474 978 ab
498 916 638 997 ecliptica
659 923 693 978 et
714 916 967 995 transpositiones
991 919 1150 993 nodemm,
1178 917 1311 999 adeoque
1335 926 1368 980 et
1388 938 1518 1000 proper-

165 1008 266 1071 tiones
282 1026 439 1089 corpomm
461 1007 690 1088 umbrammque
712 1006 744 1069 in
761 1025 867 1069 conum
890 1007 1114 1072 attenuationes
1136 1027 1155 1067 a
1177 1008 1244 1070 Deo
1266 1006 1421 1071 adhibitas
1436 1028 1519 1071 esse:

167 1115 290 1179 cumque
318 1117 378 1160 uon
406 1097 496 1177 plane
524 1095 632 1158 evitari
659 1097 808 1176 potuerit,
841 1097 911 1177 quin
944 1098 1045 1160 sidera
1074 1097 1225 1159 interdum
1251 1096 1282 1160 in
1306 1098 1432 1160 easdem
1454 1118 1519 1160 cnm

165 1186 238 1252 Sole
261 1186 358 1249 lineas
381 1185 564 1260 inciderent,
596 1184 729 1266 proclive
754 1193 802 1247 est
824 1187 986 1268 suspicari,
1020 1187 1088 1248 inde
1111 1185 1302 1248 tardissimos
1325 1187 1397 1248 illos
1421 1196 1519 1250 motus

165 1295 366 1359 apogaeomm
388 1283 420 1337 et
442 1276 588 1338 nodorum
611 1272 677 1356 (qui
701 1282 772 1336 sunt
794 1277 880 1356 quasi
907 1277 1055 1358 quaedam
1083 1274 1289 1338 aberrationes
1316 1276 1520 1358 epicyclerum

164 1388 184 1429 a
205 1366 389 1446 temporibus
413 1363 626 1437 restitutoriis)
651 1364 795 1445 originem
819 1384 905 1427 suam
926 1365 1067 1428 traxisse.

252 1455 314 1520 Sed
337 1455 545 1537 respondetur,
567 1453 664 1534 prime
683 1472 747 1516 nen
771 1453 951 1518 turbandam
973 1474 1042 1518 esse
1066 1453 1237 1535 analogiam
1265 1453 1345 1526 inter
1367 1455 1466 1518 lucem
1489 1464 1519 1518 et

163 1545 305 1609 virtutem
328 1544 499 1619 metrieem,
531 1551 644 1606 temere
668 1530 801 1607 confusis
828 1545 1074 1625 proprietatibus.
1120 1544 1188 1606 Lux
1217 1561 1311 1623 opaco
1347 1543 1518 1625 impeditur,

161 1654 287 1716 corpore
310 1654 369 1698 non
392 1632 563 1716 impeditur,
587 1641 712 1714 propter
733 1633 790 1696 hoc
814 1633 920 1714 ipsum,
945 1635 1015 1716 quia
1038 1635 1090 1697 lux
1109 1641 1165 1709 est,
1189 1651 1244 1695 nec
1267 1633 1297 1694 in
1321 1652 1433 1714 corpus
1455 1636 1519 1715 agit

164 1725 218 1787 sed
248 1724 279 1787 in
303 1723 489 1805 superficiem
516 1723 567 1784 rel
589 1723 686 1803 quasi.
733 1722 841 1785 Virtus
874 1724 903 1786 in
927 1743 1035 1805 corpus
1063 1722 1128 1803 agit
1155 1721 1220 1784 sine
1245 1722 1330 1803 opaci
1358 1733 1517 1804 respectu:

164 1813 252 1896 opaci
283 1814 376 1894 igitur
409 1812 590 1877 correlatnm
623 1831 689 1874 cnm
714 1831 773 1875 nen
806 1812 855 1888 sit,
887 1833 983 1895 neque
1015 1813 1053 1874 ab
1085 1831 1180 1892 opaco
1212 1811 1403 1891 impedietur.
1451 1812 1519 1885 Quo

164 1902 283 1966 nomine
307 1903 404 1966 lucem
427 1923 446 1964 a
469 1902 581 1964 virtute
604 1909 743 1964 movente
766 1920 843 1981 pene
867 1921 1057 1983 separarem,
1089 1901 1149 1963 nisi
1168 1899 1334 1963 invenirem
1358 1900 1388 1962 in
1412 1911 1520 1965 natura

165 1992 318 2074 exempla,
348 2011 424 2074 quae
448 1990 525 2053 lucis
548 1990 643 2055 radiis
665 1990 757 2053 etiam
780 1990 933 2073 impeditis
956 1991 1117 2054 efficaciam
1140 1997 1241 2052 tamen
1272 1990 1446 2073 relinquunt
1469 1992 1518 2066 ibi,

166 2102 309 2165 quorsum
331 2080 487 2163 pervenire
503 2079 706 2162 prohibentur.
746 2080 809 2144 Sed
832 2082 868 2142 de
892 2081 968 2144 lucis
985 2101 1051 2144 cum
1074 2079 1186 2142 uirtute
1208 2079 1332 2142 metrice
1352 2080 1519 2144 sociatione

165 2191 225 2235 neu
247 2171 406 2253 praecipue
430 2171 479 2233 hic
503 2179 620 2250 satago.
870 2238 874 2247 ¹

251 2261 445 2342 Accipiamus
469 2266 569 2322 autem
584 2260 623 2321 ad
648 2258 847 2341 suspicionem
861 2260 938 2322 hanc
961 2258 1173 2340 impeditorum
1196 2264 1329 2320 motuum
1346 2259 1518 2322 diluendam

165 2351 333 2433 exemplum
360 2351 489 2413 alterum
511 2349 670 2430 magnetis.
715 2348 791 2427 EJus
814 2350 910 2411 virtus
938 2348 1011 2409 nihil
1040 2347 1200 2429 impeditur
1223 2347 1344 2427 objectu
1371 2350 1517 2411 materiae

166 2442 254 2514 (sane
278 2439 348 2521 qnia
370 2439 574 2501 immateriata
597 2441 660 2512 est)
685 2437 740 2500 sed
761 2438 873 2501 transit
895 2437 1023 2500 laminas
1039 2445 1211 2523 argenteas,
1235 2455 1373 2517 cupreas,
1399 2458 1517 2514 aureas,

165 2528 289 2604 vitreas,
314 2548 437 2604 osseas,
461 2527 595 2607 ligneas,
618 2527 770 2609 trahitque
795 2528 905 2590 ferrum
928 2535 999 2607 post
1021 2526 1092 2589 illas
1116 2526 1241 2587 latitans
1264 2526 1461 2590 nihilomiuus
1483 2550 1518 2591 ac

165 2618 192 2682 si
206 2618 307 2681 nullae
325 2617 658 2680 interessentlaminae.
685 2617 850 2697 Impeditur
861 2617 980 2700 quidem
997 2615 1156 2696 interiectu
1171 2616 1359 2695 magnetieae
1375 2617 1518 2692 tabellae,

168 2708 222 2770 sed
246 2727 339 2770 causa
361 2707 391 2769 in
414 2714 533 2788 promtu
557 2714 618 2782 est;
651 2707 854 2769 tabellarum
883 2707 949 2787 ipso
973 2714 1113 2786 magnete
1142 2705 1229 2785 paria
1256 2705 1340 2767 iacit.
1388 2706 1520 2788 Superat

167 2798 258 2877 igitur
290 2795 466 2858 fortitudine
498 2796 689 2859 remotiorem
720 2802 791 2876 post
822 2817 855 2858 se
889 2795 1068 2857 latitantem.
1114 2796 1162 2858 Ac
1190 2795 1249 2857 etsi
1277 2795 1369 2857 etiam
1403 2797 1519 2859 ferreae

166 2886 297 2948 tabellae
321 2885 482 2965 interjectu
505 2884 676 2964 impeditur,
699 2893 800 2947 tamen
819 2893 850 2948 et
871 2886 946 2948 haec
965 2892 1014 2946 est
1035 2893 1159 2947 naturae
1178 2885 1366 2963 magneticae
1386 2893 1420 2946 et
1437 2905 1519 2948 cern·

165 2975 244 3038 bibit
266 2975 409 3036 virtutem
432 2975 582 3055 magnetis
606 2974 697 3049 illico,
721 2993 814 3055 eaque
838 2974 924 3055 quasi
947 2973 1068 3055 propria
1091 2973 1193 3037 utitur.

256 3065 300 3128 Ut
320 3064 413 3144 igitur
433 3083 543 3145 negare
566 3063 729 3144 possimus,
753 3074 852 3126 motus
872 3064 1002 3125 siderum
1026 3062 1163 3144 impediri
1186 3061 1371 3125 neutralibus
1394 3064 1519 3127 duorum

169 3153 443 3234 conjunctionibus,
476 3172 600 3217 necesse
629 3161 678 3215 est
705 3151 821 3229 dicere,
857 3153 939 3216 Solis
964 3161 1100 3215 naturam
1127 3153 1195 3233 plus
1219 3152 1338 3214 differre
1361 3173 1381 3214 a
1404 3154 1520 3216 naturis

169 3242 300 3306 siderum
324 3251 508 3315 ceteromm,
537 3261 625 3324 qnam
649 3242 750 3305 differt
767 3250 875 3305 natura
898 3243 1047 3323 magnetis
1070 3263 1089 3303 a
1111 3248 1221 3304 natura
1244 3242 1333 3303 ferri:
1368 3262 1425 3305 nec
1448 3253 1521 3305 uta

169 3340 308 3412 magnete
343 3333 454 3394 serrum
487 3332 612 3394 eandem
647 3332 745 3394 subito
777 3333 918 3395 virtutem
949 3332 1106 3406 combibit,
1140 3330 1184 3392 sic
1213 3351 1232 3391 a
1264 3330 1336 3394 Sole
1367 3334 1518 3412 planetas.

170 3423 278 3485 Utrum
294 3430 393 3483 autem
409 3421 540 3502 aliquam
551 3421 784 3503 qualemcunque
795 3421 974 3496 combibant,
991 3422 1095 3484 ditiore
1106 3421 1135 3484 in
1146 3429 1237 3500 caput
1247 3421 1345 3483 LVll.
1358 3423 1519 3502 explicare.

258 3510 347 3583 Quod
379 3519 479 3572 autem
510 3511 799 3595 verisimilitudinem
833 3512 943 3573 attinet
966 3530 1076 3572 causac
1106 3518 1205 3574 motus
1236 3528 1454 3590 apogaeorum,
1486 3531 1521 3572 ea

171 3600 246 3662 nihil
269 3600 379 3681 probat
402 3601 439 3662 de
461 3599 573 3662 virtute
596 3601 653 3662 hac
670 3602 818 3664 communi
833 3601 932 3664 Solari
956 3619 1010 3679 per
1032 3597 1202 3682 ἆηιφραξιι
1225 3599 1377 3679 impedita.
1416 3602 1520 3663 Potest

171 3689 250 3751 enim
271 3698 371 3752 motus
394 3709 595 3770 apogaeorum
625 3691 717 3752 aliam
752 3698 855 3772 utpote
885 3689 1043 3752 animalem
1066 3690 1178 3754 habere
1202 3708 1333 3751 causam.
1381 3690 1463 3753 Vide
1486 3691 1521 3752 de

170 3779 228 3842 hac
251 3797 283 3841 re
307 3780 464 3841 obscuram
487 3780 618 3861 aliquam
642 3780 810 3861 opinionem
833 3781 911 3842 infra
934 3799 999 3860 cap.
1023 3779 1122 3842 LVII.

259 3868 348 3931 Adde
372 3869 450 3950 quod
479 3867 504 3930 si
532 3869 601 3931 hinc
630 3870 758 3932 oriretur
780 3889 981 3951 apogaeorum
1005 3876 1118 3946 motus,
1151 3868 1229 3951 qued
1253 3875 1353 3930 motus
1380 3867 1522 3948 planetae

63 4030 68 4041 Ι
173 3956 256 4020 eirca
279 3957 382 4019 Solem
410 3958 440 4019 in
464 3956 633 4038 ἀηιφραξει
664 3959 775 4040 speciei
798 3959 932 4023 metricis
956 3979 993 4020 ex
1016 3959 1088 4022 Sole
1112 3958 1279 4021 emanantis
1307 3957 1520 4037 impediretur:

173 4048 380 4109 retardaretur
401 4047 493 4127 igitur
508 4056 606 4110 motus
629 4049 834 4130 longitudinis,
859 4058 911 4111 aut
931 4049 1142 4130 progrediente
1158 4053 1240 4110 metu
1264 4046 1435 4109 latitudinis·
1451 4052 1522 4129 (quo

174 4142 263 4217 pacto
287 4137 510 4199 retrocederent
532 4140 683 4218 apogaea)
707 4147 759 4201 aut
786 4158 879 4220 aeque
906 4139 1076 4201 retardato:
1111 4139 1155 4200 ita
1182 4137 1350 4199 consistent
1377 4155 1522 4218 apoguea,

176 4244 243 4288 cum
267 4225 492 4289 observationes
515 4235 673 4303 testentur,
701 4228 769 4310 ipsa
790 4228 940 4308 progredi.

264 4315 325 4379 Sed
343 4325 374 4378 et
396 4317 452 4378 hoe
476 4335 541 4397 cap.
565 4318 663 4381 LVII.
688 4318 812 4393 dicetur,
835 4327 934 4380 utrum
957 4318 1044 4382 salvo
1067 4325 1149 4380 motu
1174 4335 1212 4378 ex
1227 4315 1300 4380 Sole
1324 4313 1524 4396 impediantur

177 4412 276 4470 motus
298 4405 429 4471 sidemm
450 4404 564 4490 proprii
586 4429 620 4489 τῃ
641 4405 818 4489 aequata.
