3368 5534
1423 282 1508 386 ἰιι

163 521 250 581 allia't
268 524 297 579 Δ
316 515 405 596 qnam'
419 520 449 586 0,
470 519 550 594 idque
569 519 598 576 in
617 520 794 592 proportione
814 538 862 585 ea,
890 537 946 592 qna
972 516 1099 574 dividitur
1117 513 1180 579 Ac,
1203 508 1265 567 axis
1284 503 1409 572 virtutis,
1440 518 1507 577 per·

163 604 334 677 pendiculari
354 604 413 659 BD.
453 602 579 673 Denique
608 603 632 656 si
657 603 807 657 versorium
827 602 912 655 sitin
933 602 967 664 C,
994 605 1070 654 totus
1100 595 1163 652 axia
1185 600 1244 649 stat
1268 591 1304 644 ab
1329 605 1385 643 una
1413 593 1503 658 parte.

162 686 228 741 nibil
249 686 288 741 ab
308 685 401 740 altera
421 689 508 753 parte
550 684 617 738 Cum
637 700 704 756 ergo
730 682 798 736 nihil
824 681 938 736 absita
956 680 1021 750 polo
1042 681 1077 742 C,
1100 676 1227 732 totaliter
1247 689 1266 727 a
1286 671 1306 727 0
1327 668 1454 739 dirigitur
1475 672 1505 758 et

162 765 261 830 unitur,
284 765 353 820 nibil
373 764 491 841 iaciente
512 765 576 833 polo
589 768 623 827 A,
646 763 711 834 quia
729 763 808 816 nulla
826 767 871 817 est
890 760 1030 831 proportio
1050 755 1207 813 remotionis
1228 752 1285 822 poli
1299 754 1325 804 A
1346 765 1365 803 a
1384 763 1510 835 versorro

162 846 288 902 incso
316 843 469 915 plenarium
497 850 652 900 coutaowm
672 842 729 913 poli
749 842 780 896 C.
820 843 866 897 lta
890 857 976 895 causa
1001 845 1093 910 patet,
1124 854 1173 891 our
1192 835 1267 888 sinus
1296 828 1446 884 distantiae
1468 827 1505 880 ab

163 933 323 998 aequatore,
345 923 391 995 qui
411 924 455 978 hic
474 930 519 977 est
538 925 597 986 BD,
620 925 727 980 alludat
746 924 781 976 ad
802 938 963 977 mensnram.
992 920 1076 975 Simul
1097 919 1181 973 etiam
1202 928 1287 969 causa
1308 916 1435 980 apparet,
1458 922 1506 997 11111

161 1013 217 1062 tam
237 1005 392 1077 propinque
419 1003 553 1059 coincidet
580 1011 696 1075 uterque
721 1005 823 1058 modus.
862 1000 933 1057 Nam
954 1001 1019 1072 quia
1038 1001 1089 1054 BD
1110 991 1343 1071 perpendicularis
1364 995 1425 1052 est,
1452 991 1507 1040 erit

163 1103 229 1159 ergo
249 1092 286 1140 ιιι
304 1085 354 1140 cl>
374 1086 408 1137 ad
428 1085 479 1138 BD
501 1083 539 1138 sio
558 1086 609 1139 BD
624 1088 658 1139 od
672 1086 733 1148 De,
755 1089 784 1138 et
804 1099 863 1137 oum
883 1083 938 1136 sint
957 1081 1101 1154 triangula
1121 1078 1221 1133 similia
1246 1072 1403 1145 (sequestra)
1434 1067 1506 1121 CDB

161 1177 189 1222 ιι
207 1166 297 1230 BDA,
318 1164 373 1218 erit
390 1169 423 1218 ut
443 1165 491 1219 (Π)
511 1166 546 1218 ad
565 1165 617 1218 De
637 1166 676 1219 sio
696 1180 763 1219 area
781 1162 853 1218 CDB
873 1165 908 1217 ad
929 1179 1020 1217 aream
1041 1163 1125 1216 BDA.
1157 1161 1220 1213 Jam
1240 1172 1327 1228 parvo
1348 1150 1421 1204 Bcn
1442 1163 1507 1218 par-

162 1264 222 1301 rum
241 1251 418 1319 segmentum
437 1245 510 1299 BCG
530 1245 651 1308 accedit,
677 1252 708 1298 et
726 1261 828 1315 magno
848 1244 925 1297 BAD
946 1259 1074 1314 magnum
1096 1245 1267 1312 segmentum
1285 1236 1373 1297 ΒΓΑ,
1396 1233 1429 1283 ut
1448 1229 1507 1281 fero

162 1327 196 1383 sit
213 1324 319 1382 ADBF
339 1340 406 1379 area
426 1327 461 1379 ad
482 1324 595 1388 CDBG,
617 1332 649 1379 ut
668 1326 720 1378 AI)
748 1325 823 1379 linea
842 1326 877 1378 ad
898 1325 945 1377 CD
966 1323 1074 1378 lineam.
1115 1321 1193 1375 Prius
1223 1325 1315 1373 autem
1346 1329 1397 1385 per
1427 1323 1508 1363 1119811

162 1404 270 1476 [earum
292 1399 391 1474 dupla)
412 1406 562 1476 operabar,
593 1406 638 1459 hio
657 1422 708 1475 per
727 1405 814 1461 lineas
835 1421 894 1459 snm
921 1410 1061 1474 operatus.
1103 1402 1221 1472 Cumque
1248 1395 1404 1469 quantitas,
1426 1404 1509 1461 quam

162 1486 252 1559 prodit
273 1484 424 1550 (lilbertus,
446 1485 507 1539 loco
537 1486 624 1540 medio
644 1492 782 1549 versetur,
811 1501 918 1539 rursum
942 1491 986 1539 est
1010 1482 1147 1545 credibile,
1178 1479 1328 1534 coincidere
1349 1474 1426 1529 illam
1447 1485 1510 1560 cum

162 1569 297 1623 alterutro
318 1565 414 1620 horum
434 1567 581 1620 modorum.
624 1566 700 1628 Quod
728 1573 820 1620 autem
841 1567 876 1619 ad
895 1572 997 1618 motum
1016 1562 1134 1618 Telluris
1160 1561 1275 1622 attinet,
1298 1555 1380 1612 facile
1401 1556 1510 1622 poteris

162 1647 297 1720 cogitare,
318 1662 487 1717 magnopere
507 1663 549 1699 me
570 1647 757 1717 probaturum,
779 1663 849 1717 quae
868 1645 915 1699 ille
929 1641 991 1712 (lib.
1007 1641 1067 1709 Vl.)
1089 1645 1122 1697 ad
1137 1641 1353 1712 Copernicanam
1373 1631 1508 1688 rationem

162 1726 356 1783 stabiliendam
377 1726 465 1789 affert,
487 1742 546 1780 cnm
568 1725 769 1795 copernicanus
791 1725 898 1795 etipse
919 1725 976 1782 sim.
1008 1724 1096 1778 Velim
1117 1729 1209 1776 tamen
1231 1719 1395 1791 perpendas,
1417 1711 1506 1780 iP³¹¹¹¹¹

164 1805 391 1878 probabilitatem
412 1806 511 1860 saltem
532 1806 662 1875 profiteri.
703 1808 780 1860 llaec
801 1805 871 1860 enim
898 1806 956 1859 lere
983 1810 1026 1857 est
1055 1804 1115 1873 ejus
1144 1801 1335 1857 ratiocinatio:
1367 1796 1469 1852 ferrum
1485 1804 1509 1881 Ι11
1588 1825 1592 1832 ·

164 1893 305 1960 nepote,
326 1901 441 1956 magnes
462 1902 480 1940 a
500 1887 610 1941 Tellure
640 1894 763 1942 movetur
783 1886 885 1941 virtute
906 1885 1001 1956 aliqua
1021 1901 1101 1956 quam
1128 1882 1251 1954 proxime
1272 1874 1422 1951 corporali,
1447 1884 1512 1942 1111111

163 1966 345 2023 dimensiones
367 1965 468 2036 accipit
487 1983 642 2037 corporeas.
683 1967 783 2029 Quidni
802 1982 870 2037 ergo
891 1972 920 2019 et
940 1965 1033 2019 Tellus
1055 1965 1117 2035 ipsa
1139 1961 1240 2017 moveri
1257 1961 1348 2033 possit
1368 1977 1386 2014 a
1406 1956 1512 2014 virtute

164 2046 302 2103 animab?
333 2046 415 2110 ltere,
437 2053 649 2101 consentaneum
670 2053 728 2109 est,
750 2047 776 2101 id
797 2045 898 2101 moseri
919 2047 989 2117 quod
1018 2044 1159 2099 naturalia
1178 2043 1266 2098 habet
1285 2048 1373 2097 motus
1395 2039 1514 2093 circula·-

163 2135 264 2191 nenta,
287 2144 343 2181 non
361 2124 533 2197 imaginaria.
561 2128 647 2181 Terra
667 2128 754 2182 habet
773 2128 852 2197 polos
873 2127 1024 2190 naturales,
1045 2141 1127 2180 axem
1147 2123 1309 2184 naturalem,
1332 2129 1511 2191 aequatersm

165 2207 321 2264 naturalem
341 2212 372 2260 et
391 2206 493 2260 virtute
513 2206 636 2262 naturali
657 2207 792 2278 palpabili
813 2207 978 2277 pollentem:
1006 2207 1125 2260 ethaeo
1146 2207 1181 2259 ad
1200 2211 1301 2258 motum
1325 2202 1512 2272 requiruntur.

165 2290 239 2362 lugo
261 2289 477 2341 consentaneum
498 2294 550 2350 est,
573 2288 685 2344 Terram
704 2288 814 2343 moveri.
841 2288 903 2341 Jam
917 2288 950 2340 de
971 2285 1087 2358 singulis
1102 2287 1203 2340 Terrae
1223 2283 1340 2338 motibus
1360 2299 1391 2334 se
1411 2283 1513 2335 dextre

166 2367 300 2439 explicat.
341 2365 371 2420 Si
390 2366 452 2421 axis
473 2368 575 2421 Terrae
596 2375 726 2438 vergeret
751 2383 858 2437 semper
879 2369 914 2422 sd
934 2369 1044 2422 easdem
1065 2367 1149 2429 lixas,
1171 2364 1243 2418 oredi
1263 2363 1365 2434 possit,
1387 2357 1509 2416 converti

166 2451 198 2504 ad
218 2445 326 2518 aliquid
348 2445 400 2500 sibi
420 2445 517 2512 simile,
539 2452 571 2500 ut
583 2455 679 2501 noster
699 2464 814 2520 magnes
834 2450 869 2502 ad
890 2446 1092 2516 septentriones
1113 2446 1229 2500 vertitur
1249 2442 1308 2498 sine
1329 2442 1427 2506 anima,
1449 2441 1511 2496 sola

167 2525 288 2584 naturali
308 2525 438 2580 unitionis
460 2527 604 2582 laenitate.
644 2527 697 2582 Sed
719 2529 784 2599 qnia
803 2527 940 2598 paulatim
963 2527 1094 2597 relinquit
1119 2528 1189 2582 llxas
1216 2530 1358 2594 respectus
1379 2523 1427 2577 ille
1447 2520 1510 2578 axis

168 2610 270 2664 Terrae
292 2605 456 2676 moliturque
477 2606 530 2661 sibi
550 2606 623 2662 viam
643 2608 716 2662 circa
736 2610 814 2679 polos
835 2607 978 2678 eclipticas
998 2607 1026 2661 in
1047 2607 1148 2661 circulo
1168 2605 1276 2668 minori,
1299 2605 1361 2658 hinc
1381 2608 1509 2673 apparet

168 2706 219 2743 non
239 2693 338 2758 partes
359 2686 429 2740 coeli
449 2686 568 2758 dirigere
590 2702 671 2742 axem
691 2689 808 2751 Terrae,
830 2690 877 2742 sed
899 2688 1017 2744 animam
1037 2687 1157 2758 aliquam
1178 2686 1205 2740 in
1226 2685 1288 2755 ipsa
1308 2685 1410 2745 Terro;
1438 2682 1511 2737 alias

170 2784 275 2839 semper
296 2767 391 2820 eodem
410 2773 548 2838 vergeret.
579 2769 617 2822 Et
637 2768 682 2822 hic
701 2778 844 2839 respectus
864 2767 987 2836 ejusdem
1008 2768 1101 2837 puncti
1122 2769 1173 2822 sub
1193 2765 1256 2820 fixis
1277 2764 1420 2819 continuus
1440 2763 1511 2816 diem

169 2855 327 2918 motamque
341 2854 370 2901 et
383 2863 434 2917 per
453 2865 546 2902 omnes
568 2848 632 2902 anni
653 2855 748 2919 partes
765 2848 828 2914 (nisi
843 2856 977 2919 quatenus
997 2848 1152 2902 tardissime
1166 2845 1288 2902 nonnihil
1309 2838 1510 2914 transponitur)

170 2929 265 2983 dieitur
279 2943 299 2981 a
311 2927 462 2997 Copornico
476 2927 575 2982 tertius
588 2937 677 2983 motus
692 2929 819 2994 Telluris,
835 2945 913 2999 quem
928 2927 1189 2983 inclinationem
1211 2925 1351 2996 appellat:
1372 2925 1509 2993 superfluo

169 3008 272 3065 nemine
294 3014 324 3061 st
337 3008 407 3077 quod
421 3023 478 3062 rem
499 3007 587 3078 ipsam
608 3009 745 3072 occultet;
766 3017 798 3063 ut
812 3009 930 3064 nesciam
945 3026 981 3063 an
996 3008 1161 3080 Copernieus
1182 3009 1242 3079 ipso
1260 3005 1313 3059 vim
1334 3020 1401 3060 suae
1422 3004 1509 3074 hypo·

171 3090 280 3144 theseos
301 3089 400 3141 dextre
420 3087 600 3142 intellexerit.

253 3167 381 3223 Ceterum
402 3167 526 3224 diurnum
540 3168 641 3223 Terrae
656 3174 759 3223 motum
773 3169 897 3224 omnibus
913 3167 1045 3225 machinis
1067 3168 1193 3233 adstruit,
1215 3170 1248 3221 de
1262 3183 1353 3222 annno
1369 3163 1512 3234 suspendit

170 3246 348 3304 senteutiam:
380 3247 452 3302 forte
482 3248 547 3319 qnia
575 3255 746 3303 astronomus
767 3267 822 3304 non
851 3256 910 3304 est:
939 3249 1025 3315 alias,
1056 3250 1169 3303 sibene
1190 3248 1252 3304 novi
1274 3246 1334 3316 ejus
1362 3244 1510 3317 ingenium,
1585 3275 1590 3286 ·

173 3328 303 3385 nordicus
323 3327 424 3382 inisset
443 3335 604 3398 arrepturus
624 3336 654 3383 et
673 3329 754 3385 bunc.

251 3425 477 3480 Praeoessionem
506 3424 738 3498 aequinoctiorum
768 3444 882 3498 eamque
913 3427 1083 3499 inaequalem
1110 3433 1140 3480 et
1164 3424 1335 3497 obliquitatis
1365 3422 1511 3493 eclipticas

172 3506 355 3569 variationem,
377 3506 419 3560 uti
439 3523 490 3576 par
510 3513 561 3570 est,
584 3508 619 3561 ab
640 3523 694 3562 axe
709 3508 812 3563 Terrae
833 3508 976 3578 suspendit
995 3525 1046 3561 nec
1063 3508 1135 3561 male
1156 3506 1293 3576 componit
1313 3520 1416 3560 omnem
1438 3503 1511 3556 hano

173 3587 331 3642 rmietatem
350 3585 378 3640 in
399 3585 479 3640 lineis
500 3587 639 3642 tortuosis.

252 3667 298 3721 Ad
319 3682 380 3736 cap.
403 3660 429 3722 2.
450 3666 499 3721 lib.
520 3668 566 3722 Vl.
587 3670 656 3721 addo
678 3665 837 3722 confutandi
858 3666 940 3722 studii
961 3683 1053 3730 causa.
1069 3665 1315 3738 Regiomoutanum
1329 3658 1508 3736 in'Torqueto

173 3749 281 3818 prodere
303 3745 354 3800 alt.
376 3746 433 3816 poli
447 3747 549 3802 Romae
571 3743 623 3804 42⁰
645 3743 683 3812 l‘,
705 3746 789 3802 aliter
809 3742 863 3802 42⁰
882 3744 920 3804 8‘.
948 3747 1114 3818 Exemplum
1127 3747 1267 3816 Ρῐιςιιιιι
1282 3753 1379 3803 contra
1390 3744 1509 3801 blesiam

172 3828 239 3897 prius
260 3824 354 3882 attuli
382 3825 481 3897 Capite
502 3824 529 3884 6.
550 3828 597 3886 lib.
617 3829 664 3884 VI.
686 3827 819 3898 ejusmodi
838 3828 929 3884 verbis
950 3828 1044 3892 utitur,
1066 3835 1098 3883 nt
1118 3833 1210 3897 optem
1229 3827 1294 3881 mihi
1318 3828 1388 3890 alas,
1411 3824 1508 3896 quibus

172 3906 344 3980 bangliam
364 3908 399 3960 ad
420 3907 610 3963 conferendum
638 3925 698 3962 cum
718 3907 767 3962 illo
794 3912 974 3980 transportet.
1015 3911 1382 3979 (Comp.Vol.11,p.ttl.)
1421 3905 1508 3959 Plane

172 3987 258 4044 iisdem
279 4003 335 4058 ego
356 3985 495 4056 principiis
516 4005 606 4043 omnes
627 3989 803 4060 planetarum
823 3997 913 4044 motus
937 3987 1116 4045 demonstrari
1138 4004 1219 4058 posse
1239 3995 1315 4057 puto.
1348 3986 1435 4041 Dolet
1454 4003 1508 4040 non

173 4067 351 4130 nsdiooritcr,
380 4084 434 4121 non
461 4068 562 4122 lectam
582 4068 624 4123 illi
644 4086 705 4123 esse
725 4086 815 4123 meum
844 4069 968 4124 libellum
988 4085 1037 4124 seu
1057 4068 1220 4140 Hysterium
1241 4066 1507 4139 Cosmographioum

175 4147 274 4221 (lapitis
295 4143 324 4202 7.
351 4145 452 4201 similia
476 4147 540 4201 olim
568 4151 603 4203 ad
622 4148 661 4204 bl.
682 4150 712 4203 T.
735 4149 848 4203 Graetio
878 4149 1034 4220 perscripsi.
1082 4153 1178 4220 (Comp.
1208 4155 1254 4204 vol.
1276 4155 1317 4212 ll,
1342 4170 1367 4218 p
1387 4150 1440 4202 ela
1460 4150 1508 4214 ss.)

173 4228 242 4293 Quae
261 4233 416 4298 sequuntur
435 4228 503 4298 Gap.
523 4222 551 4283 8.
573 4225 600 4285 9.
620 4231 654 4282 de
674 4229 860 4298 possibilitate
890 4237 955 4284 sunt
982 4229 1177 4300 intelligenda,
1206 4246 1259 4283 non
1280 4231 1313 4282 de
1333 4226 1507 4284 necessitate.

174 4307 265 4381 Capita
284 4306 382 4362 ultimo
411 4308 542 4373 ostendit,
575 4310 684 4380 qualem
704 4309 776 4363 siam
805 4310 959 4365 describere
987 4312 1089 4365 debeat
1107 4309 1169 4364 axis
1191 4309 1291 4364 Terrae
1317 4306 1445 4370 directio,
1475 4313 1508 4362 ut

175 4387 304 4445 aanor
323 4386 389 4442 telis
410 4389 547 4443 anomalia
566 4389 764 4459 praecessionis
786 4397 816 4444 et
835 4390 1015 4462 obliquitatis,
1039 4390 1147 4462 qualem
1168 4390 1246 4460 ponit
1265 4387 1439 4459 Copernicns.
1468 4389 1509 4442 At

176 4484 219 4524 ιιι
237 4467 327 4540 ipsius
340 4485 392 4522 neo
405 4468 545 4538 Cepernici
566 4476 624 4526 tam
645 4469 767 4539 operosis
788 4471 1021 4541 speculationibus
1041 4487 1111 4540 opus
1125 4486 1186 4524 esse
1200 4469 1314 4531 videtur,
1336 4456 1408 4539 quod
1427 4484 1507 4523 exer-

176 4546 267 4605 dtandi
287 4547 393 4621 gratia,
423 4548 488 4619 quia
507 4549 550 4606 his
571 4550 731 4612 delectaris,
753 4567 789 4604 ex
809 4550 851 4616 iis,
873 4567 944 4622 quae
965 4553 998 4605 de
1019 4550 1083 4606 anni
1102 4549 1290 4621 magnitudine
1310 4554 1340 4602 et
1360 4546 1507 4603 cobaeren·

176 4626 240 4684 utus
260 4627 381 4698 concepi,
402 4628 435 4683 in
450 4629 502 4685 has
523 4630 634 4685 chartus
655 4630 790 4685 referam:
812 4630 835 4684 si
856 4632 928 4686 forte
948 4638 1039 4701 perte
1059 4630 1107 4685 alii
1128 4629 1250 4683 celebres
1271 4626 1458 4683 mathematici
1472 4631 1507 4684 ad

178 4708 412 4765 ιιιάιιιιιιίοιιιιιι
430 4708 514 4781 hujus
534 4710 574 4764 rei
595 4710 758 4766 excitentur.

256 4806 366 4863 Cortum
385 4813 438 4871 est,
459 4807 550 4862 inesse
571 4807 656 4864 motui
675 4805 747 4861 Solis
768 4824 822 4861 non
842 4808 935 4863 minus·
950 4826 1032 4882 quam
1056 4818 1207 4866 ceterorum
1231 4807 1407 4877 planetarum
1426 4808 1508 4865 dede·

181 4883 277 4953 mm
296 4887 325 4951 is
344 4887 446 4968 latum
468 4903 523 4973 que
535 4891 569 4944 de
583 4903 669 4949 ιιιιι
680 4887 720 4955 tt,
741 4891 775 4946 nt
786 4887 904 4955 tuarum
923 4889 1085 4961 latitudines
1098 4887 1179 4955 hodic
1199 4885 1348 4955 satientur,
1368 4894 1402 4946 nt
1413 4888 1508 4963 Tyom
