3374 5528
654 296 821 371 munau
1030 268 1033 273 ’
1348 297 1413 395 aaa

598 476 798 543 Problema
819 478 878 544 XI.

62 583 166 645 Data
197 582 423 662 quantitate
452 582 630 646 diametri
666 592 742 647 tarn
775 585 987 647 luminaris
1019 604 1128 667 quarn
1163 585 1337 656 umbrae,
1374 595 1412 649 33

146 690 231 734 3333
255 670 463 733 deficiente
487 673 544 734 vel
568 673 702 749 lucido,
728 675 864 737 elicere
888 673 1138 753 quantitatem
1162 674 1344 738 defectus.

154 757 272 832 Quaere
304 760 435 839 sagittas
457 768 520 823 tarn
553 763 705 825 luminaris
734 783 823 845 quarn
852 761 993 836 umbrae;
1032 769 1063 826 et
1091 764 1266 845 quantisper
1289 764 1409 845 quidem

63 850 178 912 minus
195 849 380 912 semicirculo
414 850 568 912 luminaris
596 860 645 914 est
667 853 696 914 in
720 853 834 926 umbra,
858 852 936 914 adde
959 852 1091 932 sagittae
1114 853 1236 915 umbrae
1265 854 1409 934 sagittam

63 939 233 1014 luminaris,
263 957 317 1018 pro
345 939 513 1021 quantitate
537 940 690 1018 delectus3
720 950 754 1003 at
776 943 801 1004 si
825 943 986 1005 obscurata
1010 961 1063 1003 ora
1085 942 1175 1004 luerit
1198 944 1293 1025 ruajor
1315 943 1409 1005 serui-

63 1028 187 1104 circulo,
211 1037 281 1090 tunc
303 1046 357 1107 pro
381 1028 496 1108 sagitta
519 1030 674 1092 luminaris
697 1031 866 1094 addendum
881 1038 929 1092 est
948 1031 1097 1093 residuum
1118 1032 1266 1106 diametri,
1290 1051 1410 1112 semper

63 1138 106 1180 sc.
132 1136 170 1180 ea
192 1136 263 1198 pars
288 1117 435 1187 diametri,
460 1118 588 1200 quaein
612 1121 717 1183 umbra
740 1130 797 1184 est.
823 1119 898 1194 (Vel
920 1119 1065 1182 subtrahe
1090 1120 1235 1201 sagittam
1254 1121 1410 1185 umbraea

61 1207 180 1287 sagitta
203 1207 356 1270 luminaria
379 1225 432 1285 pro
455 1207 576 1272 residua
597 1218 686 1291 parte
709 1210 882 1284 luminosa.)
921 1209 972 1272 Ita
990 1209 1170 1273 conflabitur
1187 1230 1305 1274 summa
1320 1229 1407 1273 scru-

60 1296 200 1378 pulorum
224 1296 432 1359 deficientium.

153 1403 236 1467 Typna
254 1404 401 1466 operationis
418 1417 462 1468 per
479 1403 660 1471 Logarithrnos.

61 1474 103 1525 Sit
120 1475 220 1526 residua
238 1488 281 1524 ora
299 1474 381 1525 lucida
407 1469 457 1524 81⁰
597 1532 601 1541 .

275 1545 391 1597 33333.
410 1541 514 1595 ro⁰ao
584 1546 661 1614 regu.
688 1543 777 1597 43333

152 1615 192 1668 Sit
208 1611 439 1682 semidiamster)
470 1615 512 1667 17‘
532 1617 566 1667 1“
602 1644 636 1655 -
677 1616 778 1668 120000
796 1618 971 1684 sexagenarius

59 1777 111 1830 33
130 1777 238 1829 aarum
256 1775 297 1828 33
310 1774 354 1834 ar,
372 1776 437 1842 quor
455 1782 494 1828 ..3
512 1703 901 1829 uariiffirriiiiba‘iiiit.
926 1777 992 1829 urna
1004 1777 1114 1845 33333.
1133 1792 1177 1843 aar
1189 1778 1409 1847 marsanam

657 1848 844 1902 semidiameter
860 1850 962 1901 umbrae
980 1850 1012 1900 sit
1029 1846 1072 1900 48¹
1092 1845 1144 1900 00”
1197 1850 1274 1901 sual.
1294 1848 1319 1900 0.
1339 1846 1373 1901 08

151 1920 239 1972 Lunae
266 1916 362 1969 17⁴11‘
415 1921 493 1972 snat
513 1919 537 1970 1.
558 1919 609 1972 220
664 1921 778 1973 semissis
795 1921 878 1972 lineae
896 1923 1012 1972 sectionis
1036 1919 1077 1971 ¹1¹
1113 1918 1148 1971 ³¹¹
1200 1923 1277 1974 sarit
1296 1920 1320 1971 0.
1341 1921 1393 1971 515

512 2009 537 2059 o.
557 2007 608 2060 333
749 2010 816 2076 argo
835 2007 1128 2062 ...3333333333
1273 1991 1409 2064 W

60 2097 150 2151 assa
167 2111 230 2150 rm.
268 2096 309 2152 ra.
328 2094 363 2148 33
487 2076 647 2148 Trio*
795 2099 896 2166 sapas
913 2102 1014 2153 maru
1049 2099 1074 2151 r.
1094 2080 1170 2152 re*

61 2170 151 2224 Resid·
171 2170 247 2223 diam.
267 2167 309 2290 20.
329 2169 364 2291 pp
381 2170 511 2237 quispim
528 2171 682 2223 animeris
699 2171 726 2223 in
744 2171 851 2225 defeetu-

222 2312 519 2399 Wunder·
536 2324 694 2394 33333333

585 2454 784 2518 Problema
806 2454 882 2520 XII.

59 2563 162 2626 Data
198 2560 378 2625 diametro
413 2560 608 2623 luminaris
645 2561 883 2638 deliciantis,
927 2560 1142 2645 quantitate
1180 2580 1288 2626 arcus
1317 2580 1408 2626 orae

60 2650 122 2715 vel
159 2650 306 2714 lucidae
338 2650 398 2713 vel
421 2650 662 2727 tenebrosae,
695 2659 732 2714 et
759 2652 971 2732 quantitate
999 2650 1186 2727 deiectus,
1222 2651 1407 2734 indagare

408 2739 724 2804 semidiametrum
748 2740 894 2804 umbrae
918 2741 1062 2802 Terrae.

149 2828 309 2891 Problema
337 2836 385 2892 est
414 2841 551 2909 argutum
579 2830 690 2911 magis,
729 2849 818 2911 quam
845 2829 927 2892 utile.
972 2829 1056 2891 Data
1083 2829 1161 2892 enim
1184 2828 1406 2892 semidiametro

60 2918 238 2993 luminaris,
275 2917 332 2981 crit
363 2925 397 2979 ut
420 2917 503 2981 siuns
525 2925 609 2981 totus
633 2919 671 2981 ad
695 2919 792 2981 einum
815 2940 901 2982 arcus
925 2918 1013 2981 lucidi
1038 2918 1186 2981 dimidiati
1217 2917 1343 2991 (schem.
1368 2912 1406 2998 3)

59 3008 113 3070 LF
147 3007 198 3069 vel
220 3007 288 3080 ΗΡ,
324 3007 368 3069 sic
396 3007 471 3069 baec
501 3008 723 3070 semidiameter
753 3009 792 3069 ad
821 3008 860 3071 FI
887 3009 935 3071 vel
965 3007 1021 3069 PR
1049 3008 1206 3071 semissem
1234 3006 1331 3069 lineae
1355 3025 1409 3087 per

58 3097 222 3160 sectiones.
261 3095 378 3158 Deinde
401 3105 435 3157 ut
449 3096 527 3158 idem
544 3104 627 3159 totus
644 3098 682 3159 ad
697 3098 842 3177 sagittam
856 3097 990 3177 ejusdem
1006 3117 1101 3171 arcus,
1127 3097 1170 3159 sic
1185 3094 1407 3158 semidiameter

58 3185 217 3250 luminaris
241 3186 280 3247 ad
303 3185 345 3247 LI
368 3186 416 3246 vel
439 3184 499 3248 HR
521 3194 652 3262 rectam,
677 3206 752 3269 quae
787 3187 815 3248 in
839 3187 948 3248 lineam
971 3205 1024 3267 per
1047 3187 1196 3248 sectiones
1220 3184 1404 3251 terminatur.

58 3275 158 3340 Aufer
191 3273 228 3336 ab
261 3275 317 3337 hac
346 3274 424 3337 linea
452 3275 652 3355 quantitatem
675 3276 826 3350 delectus,
857 3294 1030 3358 expressam
1054 3276 1158 3338 eadem
1182 3293 1320 3337 mensura
1340 3294 1409 3339 cum

58 3364 287 3429 semidiametro
311 3363 480 3437 luminaris,
504 3384 547 3426 sc.
571 3364 628 3429 LK
651 3366 699 3427 vel
720 3365 794 3439 HN,
827 3365 977 3428 residuum
1001 3365 1060 3429 erit
1082 3362 1197 3445 sagitta
1219 3363 1341 3427 umbrae
1363 3364 1424 3427 Kl-

59 3454 110 3517 vel
133 3453 202 3518 NR„
248 3454 292 3518 Ut
319 3473 390 3517 vero
420 3454 496 3516 haec
519 3455 558 3519 ad
581 3454 709 3535 priorem
733 3455 888 3516 semissem
918 3454 1014 3516 lineae
1037 3472 1091 3535 per
1113 3452 1277 3528 sectiones,
1300 3470 1344 3516 sc.
1368 3452 1408 3516 ad

58 3545 100 3608 H
124 3543 174 3606 vel
196 3542 262 3619 PR,
286 3541 330 3608 sic
356 3544 432 3607 haec
460 3544 500 3606 ad
522 3543 672 3607 residuum
695 3545 732 3606 de
755 3545 901 3606 diametro
925 3544 1045 3606 umbrae
1069 3563 1111 3606 33.
1138 3543 1176 3605 30
1198 3543 1243 3606 IN
1265 3542 1315 3605 vel
1337 3542 1406 3609 RK.

568 3686 769 3750 Theorcma
797 3685 902 3750 xvn.

60 3791 101 3856 Si
125 3791 193 3854 dno
216 3790 350 3856 circuli
379 3792 593 3873 inaequales
618 3814 655 3856 se
688 3802 805 3857 mutuo
836 3792 1037 3868 secuerint,
1073 3791 1181 3855 ducta
1209 3795 1312 3854 recta
1342 3809 1408 3876 per

59 3889 205 3956 centra,
229 3883 334 3960 eique
358 3900 402 3943 ex
416 3893 542 3949 centro
566 3883 716 3947 minoris
739 3891 864 3945 erecta
882 3881 1197 3964 perpendiculari,
1221 3888 1407 3944 excentro

58 3988 149 4034 vero
172 3970 322 4051 majoris
346 3964 747 4053 ad'perpendicnlarem
771 3972 967 4054 applicata
987 3970 1190 4050 composita
1208 3988 1250 4032 33
1268 3969 1406 4032 utrina-

59 4080 128 4143 que
160 4060 460 4161 semidiprnetro,
483 4063 706 4140 quadratum
735 4061 842 4140 huius
872 4060 1195 4141 perpendicularis
1227 4058 1406 4140 aequabit

58 4148 409 4237 rectangulnsp³eub
426 4160 624 4230 'segmento
648 4150 818 4213 diametri
842 4150 970 4214 circuli
995 4150 1144 4213 minoris
1167 4157 1204 4211 et
1221 4148 1288 4212 snb
1312 4166 1406 4212 com-

203 4236 390 4319 posibas'x
411 4237 478 4300 033
501 4250 537 4302 33
560 4260 602 4303 33
625 4240 813 4304 distantia
835 4248 1043 4302 centrorum
1066 4238 1268 4319 duplicata

150 4325 222 4393 Sint
244 4329 301 4391 duo
324 4326 445 4403 circuli,
470 4329 565 4409 major
587 4330 675 4392 LEM
709 4337 773 4403 (rig
805 4334 856 4405 3),
881 4339 982 4392 333333
1005 4329 1045 4402 P,
1071 4328 1165 4390 minor
1187 4325 1274 4390 OFX
1302 4333 1404 4388 centro

58 4417 100 4487 A,
134 4426 274 4480 secantes
306 4437 337 4481 se
370 4425 470 4479 mutuo
499 4419 529 4480 in
553 4419 631 4495 VX,
663 4426 694 4481 et
722 4427 805 4482 recta
832 4438 886 4499 per
919 4427 1022 4481 centra
1045 4418 1099 4480 PA
1124 4419 1266 4490 ducatur,
1296 4434 1405 4480 secans

58 4506 328 4580 circumferentias,
351 4507 495 4587 majorem
517 4508 546 4570 iu
564 4509 600 4582 E,
625 4508 768 4571 minorem
792 4510 873 4571 ultra
895 4516 1028 4570 centrum
1052 4507 1080 4568 in
1100 4509 1126 4570 F
1150 4515 1182 4568 et
1204 4506 1248 4568 cis
1270 4513 1406 4567 centrum

59 4597 90 4659 in
116 4595 163 4672 0,
195 4604 229 4659 et
251 4597 340 4658 exA
370 4596 427 4677 ipsi
451 4597 501 4658 PF
531 4599 787 4679 perpendicularis
817 4599 950 4679 erigatur
970 4597 1045 4669 AB,
1076 4595 1162 4657 exP
1193 4613 1265 4659 vero
1295 4593 1324 4655 in
1347 4592 1405 4660 BA

58 4685 239 4750 terminetur
261 4694 346 4748 recta
368 4686 535 4767 composita
558 4706 595 4749 33
617 4688 679 4760 PL,
694 4687 760 4763 LB,
784 4687 958 4768 aequalibus
982 4686 1056 4766 ipsis
1078 4684 1132 4748 PE
1154 4691 1185 4747 et
1202 4682 1260 4749 AF
1277 4681 1402 4763 junctis,

59 4793 139 4858 quae
161 4774 205 4836 ait
227 4775 288 4840 BP.
335 4775 410 4839 Dico
434 4777 611 4856 quadratum
634 4776 729 4859 ipsius
752 4776 808 4841 ΒΑ
832 4777 957 4858 aequale
980 4794 1049 4838 esse
1071 4774 1246 4854 rectangnlo
1269 4773 1325 4839 sub
1345 4770 1403 4841 Eo

58 4872 92 4929 et
105 4863 162 4927 sub
177 4864 344 4945 composita
357 4884 395 4928 33
408 4884 468 4928 una
481 4864 539 4933 ΕΟ
554 4875 585 4930 33
599 4867 714 4931 duabus
721 4866 789 4930 AP.
820 4870 894 4940 (03·
910 4892 948 4921 =
964 4872 1009 4927 so
1027 4870 1083 4938 (so
1100 4870 1137 4939 ÷
1153 4869 1249 4936 2333))

113 4969 350 5023 summersam.
1159 4967 1195 5022 at
