3368 5534
641 303 703 371 i‘arr
728 384 742 403 ,ι
860 319 943 386 (isput
959 313 1073 373 vam.
1469 315 1535 384 427

756 408 786 457 *L
1450 404 1453 409 '

178 492 224 557 sic
255 494 398 574 exigente
429 495 577 574 dignitate
608 497 673 576 ejus
703 494 852 577 corlffiris,
888 498 1114 578 qnodqrnttum
1149 495 1245 577 primo
1278 492 1389 559 ceteris
1419 496 1532 560 infert:

176 584 323 665 planetae
346 592 446 646 tamen
471 584 661 647 inveniuntur
684 584 820 648 diversos
835 595 866 647 et
880 588 918 648 ad
934 594 968 649 st
982 588 1083 649 mutuo
1108 586 1267 648 inclinatos
1287 584 1369 647 obire
1392 585 1532 661 circulos,

176 674 215 736 iis
237 682 365 736 naturae
388 672 551 754 principiis,
578 693 652 753 quae
676 683 747 741 sunt
769 675 921 755 explicata
944 696 1009 755 cap.
1032 677 1147 738 LXIII.
1196 675 1304 737 l’rocul
1327 674 1416 753 dnbio
1441 674 1534 753 igitur

176 762 294 825 diversi
316 763 506 841 planetarum
530 763 660 824 omniurn
684 762 786 825 circuli
816 764 981 846 respiciunt
1013 766 1092 827 hunc
1120 763 1262 834 circulum
1293 763 1406 843 regium
1429 740 1550 841 MLa'

176 850 376 914 conversione
399 850 534 930 corporis
557 849 675 913 Solaria
698 852 779 913 circa
802 873 885 914 suum
915 873 1002 915 axem
1025 842 1084 916 ΛΕ
1107 853 1309 931 descriptum:
1338 859 1370 912 et
1394 852 1432 913 ad
1456 851 1534 914 hunc

177 939 305 1021 quilibet
328 939 461 1001 tuebitur
483 940 706 1002 inclinationem
739 943 907 1003 constantis
939 942 1138 1023 quantitatis,
1172 940 1390 1003 translatitiam
1418 951 1531 1017 tamen,

177 1029 250 1109 quia
274 1028 442 1109 experimur
471 1030 565 1089 nodos
594 1030 763 1091 transferri.
809 1030 883 1092 Cum
908 1031 1000 1110 igitur
1014 1040 1046 1093 et
1061 1030 1202 1109 ecliptica
1223 1030 1264 1091 sit
1280 1050 1355 1092 unus
1371 1049 1408 1091 ex
1423 1030 1532 1108 planc-

176 1117 265 1180 tariis
288 1118 430 1193 suculis,
455 1119 563 1199 quippe
587 1117 667 1180 Solis
691 1117 740 1178 vel
764 1119 895 1195 Terrae,
927 1130 1161 1181 consentaneum
1184 1127 1241 1193 est,
1267 1129 1298 1181 et
1321 1119 1398 1179 banc
1422 1119 1534 1181 babere

176 1209 328 1288 quandam
353 1206 577 1273 inoliuationem
600 1209 639 1268 ad
663 1207 805 1268 circulum
829 1210 943 1287 regium
967 1210 1042 1283 ML,
1068 1230 1086 1269 a
1109 1210 1219 1270 circulo
1244 1209 1373 1269 rnaximo
1397 1207 1530 1288 corporis

176 1296 297 1359 Solaria
311 1295 356 1358 10
380 1296 458 1357 inter
476 1296 551 1357 fixas
569 1296 763 1375 descriptum.
802 1294 881 1366 Quid
898 1298 977 1358 enim
1000 1316 1110 1359 causae
1126 1299 1177 1370 sit,
1202 1315 1253 1357 cur
1275 1296 1366 1357 ceteri
1392 1298 1534 1376 planetae

177 1385 256 1448 alius
280 1385 341 1447 alio
375 1385 526 1458 declinet,
556 1385 623 1446 sola
654 1384 813 1464 ecliptica,
838 1385 939 1448 Solari
962 1386 1009 1447 vel
1035 1386 1183 1448 Terrestri
1216 1385 1314 1446 itineri
1345 1394 1531 1465 superstans,

177 1475 316 1555 praecise
340 1493 406 1535 cum
430 1473 487 1535 hoc
510 1474 621 1535 circulo
644 1474 727 1553 regio
751 1474 813 1535 ML
836 1474 1008 1536 coincidat?

267 1563 318 1627 Sit
349 1582 420 1643 ergo
451 1581 628 1623 concessum
650 1563 721 1637 hoc,
760 1564 930 1643 eclipticam
958 1564 1078 1645 proprie
1108 1563 1153 1624 sic
1185 1561 1296 1623 dictam
1329 1561 1468 1623 inclinari
1492 1562 1532 1624 ad

177 1650 292 1732 regium
329 1651 414 1713 illum
444 1651 586 1734 oircqlum
610 1651 766 1725 Solarem,
805 1672 898 1735 eaque
927 1660 1170 1733 repraesentetur
1200 1651 1287 1712 uobis
1310 1669 1364 1729 per
1387 1651 1532 1713 circulum

176 1740 235 1803 ΚΗ
258 1741 337 1802 inter
360 1741 437 1802 lixas
460 1741 652 1815 delineatum,
676 1741 795 1820 sintque
820 1741 883 1820 ejus
906 1741 967 1821 poli
989 1743 1026 1816 B,
1035 1740 1069 1803 C.
1117 1741 1173 1803 His
1199 1741 1342 1811 obtentis,
1369 1739 1459 1803 facile
1474 1759 1528 1801 oc·

177 1830 331 1892 casionem
346 1829 522 1903 invenimus,
542 1849 600 1909 qua
618 1837 769 1891 mutentur
783 1830 907 1892 fixarum
918 1830 1114 1919 Iapitqdines;
1132 1828 1241 1909 quippe
1262 1847 1348 1909 quae,
1365 1829 1432 1909 ipsa
1441 1829 1525 1890 vocis

177 1918 304 1993 ratione,
331 1919 369 1979 ab
394 1919 460 1998 ipsa
483 1928 556 1979 vert
580 1919 720 1998 ecliptica
743 1916 971 1997 computantur,¹
990 1936 1048 1981 uon
1073 1920 1111 1981 ab
1135 1920 1186 1979 illo
1202 1919 1312 1980 circulo
1327 1920 1409 1995 regio
1425 1916 1525 1979 Solari
1604 1978 1607 1983 .

176 2007 327 2069 hactenus
359 2026 461 2070 caeco.
516 2008 594 2069 Nam
627 2007 785 2086 eclipticae
811 2028 879 2069 vere
904 2018 936 2070 et
954 2009 1075 2091 proprie
1099 2008 1143 2069 sic
1167 2008 1265 2069 dictae
1295 2008 1389 2086 (quod
1413 2014 1530 2069 tantum

178 2097 235 2159 sub
267 2096 323 2159 illa
344 2096 426 2158 liuea
448 2095 626 2181 contirigant
649 2097 795 2175 eclipses,
830 2098 883 2159 sub
907 2114 966 2177 qua
988 2096 1042 2160 Sol
1067 2097 1193 2169 incedit)
1218 2095 1452 2157 intersectiones
1474 2114 1528 2158 seu

161 2184 246 2247 ¹nodi
270 2194 441 2247 communes
465 2186 605 2269 curtillo
629 2186 739 2246 circulo
763 2186 834 2257 ML,
859 2206 946 2266 quem
969 2187 1098 2248 mediam
1117 2185 1286 2265 eclipticam
1300 2185 1398 2245 dicere
1417 2203 1528 2264 posse-

126 2347 133 2360 ·
176 2293 255 2350 mus,
280 2275 501 2337 transferentur
525 2268 582 2335 iton
608 2274 712 2347 minus,
738 2294 826 2354 quam
845 2275 1100 2354 nodi-ceterorum
1119 2275 1323 2354 planetarum:
1349 2274 1525 2352 obliquitate

177 2374 278 2433 umen
301 2364 432 2425 manium
454 2364 518 2426 MK
541 2363 590 2424 vel
608 2364 674 2437 LH,
700 2383 787 2442 quam
809 2363 932 2427 metitur
956 2364 1101 2426 distantia
1119 2364 1259 2443 ‚polorum
1273 2363 1334 2437 FB,
1360 2361 1428 2436 GC,
1451 2382 1525 2423 cou-

175 2462 279 2514 staute
303 2461 335 2514 et
356 2453 417 2515 fixa
438 2460 587 2525 manente,
613 2462 646 2513 ut
670 2463 700 2512 et
723 2454 751 2512 in
777 2452 887 2515 ceteris
903 2452 1047 2533 planetis.
1090 2453 1246 2525 Nimirum,
1273 2452 1298 2511 si
1317 2453 1429 2513 centris
1443 2449 1522 2522 F,G

176 2540 287 2622 spatiis
310 2542 373 2614 FB,
399 2539 455 2602 GU
479 2541 699 2616 constantibus,
724 2542 1044 2615 circelliscribantur,
1069 2542 1098 2603 iu
1123 2541 1228 2621 quibus
1255 2541 1342 2621 polos
1366 2541 1524 2621 eclipticae

176 2630 213 2705 B,
238 2628 264 2692 C
288 2630 443 2692 circumite
475 2649 640 2709 ponamus:
674 2640 745 2692 tunc
778 2631 897 2691 omnino
921 2639 953 2691 et
975 2632 1103 2692 circulus
1126 2631 1187 2691 ΚΗ
1209 2631 1298 2690 sedes
1320 2626 1471 2708 pristinas·
1489 2629 1520 2690 in

174 2719 310 2801 sphaera
340 2721 465 2781 lixarum
488 2718 577 2780 FMG
602 2718 723 2781 deseret
752 2719 901 2800 facietque
932 2739 1073 2781 successu
1103 2720 1287 2790 seculorum,
1322 2727 1356 2780 ut
1380 2717 1430 2779 ubi
1454 2719 1524 2778 olim
1620 2736 1626 2747 ·

177 2808 304 2871 limitem
328 2809 449 2870 boreum
464 2808 536 2888 egit,
561 2826 653 2887 prope
673 2809 795 2869 easdem
819 2810 894 2870 fixas
908 2810 1031 2870 tandem
1054 2809 1178 2871 limitem
1196 2808 1361 2869 austrinum
1385 2808 1522 2869 collocet.

175 2898 211 2960 In
236 2898 321 2959 brevi
343 2916 414 2958 vero
438 2898 605 2959 seculorum
629 2916 749 2959 numero
772 2897 816 2959 sic
839 2898 906 2960 erit.
940 2898 1066 2961 Limites
1089 2899 1128 2967 K.
1152 2899 1191 2970 H,
1217 2917 1274 2958 non
1303 2898 1390 2976 longe
1413 2915 1432 2956 a
1456 2897 1523 2958 lixis

177 2987 241 3049 suis
263 2986 432 3067 progressi,
466 2985 634 3047 insensibili
663 2987 761 3064 aliquo
796 2972 1084 3048 variabunt”''earum
1115 2987 1299 3047 latitudines.
1344 2985 1424 3047 Nodi
1448 3003 1520 3047 vero

178 3076 298 3156 aequali
327 3074 434 3137 itinere
463 3093 517 3154 pro
555 3073 615 3137 essi
643 3074 747 3135 esuis
779 3076 845 3136 fixis
876 3075 1043 3136 evidentius
1066 3095 1187 3137 suarum
1216 3077 1340 3137 fixarum
1368 3074 1525 3136 mutabunt

178 3163 374 3228 latitudines:
399 3160 469 3244 quia
491 3090 575 3231 ciffi
597 3156 823 3225 inclinationum
845 3164 877 3225 in
892 3165 948 3224 fine
973 3165 1146 3244 quadrantis
1170 3164 1251 3225 circa
1275 3163 1398 3225 lImitem
1420 3162 1525 3225 insen·
1554 3174 1565 3199 ⁸

178 3253 270 3329 sibili,
294 3253 325 3315 iu
349 3251 493 3333 priucipio
522 3270 592 3314 vero
622 3252 703 3313 circa
730 3253 823 3313 nodos
852 3253 938 3314 valde
976 3253 1112 3315 sensibili
1144 3253 1311 3315 differentia
1344 3252 1522 3315 increscunt.

178 3343 256 3405 HInc
280 3341 352 3425 quia
365 3341 447 3403 circa
468 3341 657 3422 aequinoctia
680 3342 761 3403 nulla
776 3341 904 3402 sentitur
926 3343 1054 3403 mutatio
1078 3343 1267 3404 latitudinum
1286 3345 1419 3414 lixarum,
1445 3342 1527 3404 circa·

178 3451 250 3495 vero
265 3430 402 3495 solstitia
420 3431 496 3493 satis
511 3429 665 3505 notabilis,
687 3430 854 3510 colligImus
873 3439 965 3500 recte,
989 3431 1126 3493 limites
1151 3431 1386 3492 latitudinum
1411 3431 1525 3511 eclip-

178 3522 279 3597 ticae
303 3539 390 3583 esse
413 3520 515 3582 circa
544 3519 790 3600 aequinoctia,
822 3521 934 3581 nodos
957 3521 1056 3581 circa
1087 3521 1268 3582 solstitia.
1314 3518 1525 3598 Erunt-igitur

177 3606 292 3695 pdncta
312 3611 354 3686 K,
368 3610 397 3670 Η
421 3609 508 3689 sigua
530 3608 727 3689 aequinoctiis
749 3610 924 3689 propinqua.
963 3607 1110 3671 Similiter
1133 3608 1282 3688 colligitur
1306 3620 1336 3669 et
1359 3609 1436 3673 boc':
1460 3626 1526 3693 oum

177 3702 338 3784 eoliptIcae
361 3717 451 3759 verae
474 3716 545 3778 pars
576 3697 705 3759 borealis
738 3697 836 3777 fugiat
858 3719 877 3759 a
900 3699 1147 3787 borea,gquippe
1180 3697 1383 3759 crescentibus
1419 3698 1525 3760 latitu-

177 3793 298 3855 diuibus
326 3787 496 3873 borealibus
519 3787 548 3847 iu
573 3785 708 3849 Geminis
733 3796 764 3848 et
787 3787 920 3863 Cancro,
951 3790 1069 3849 boreum
1098 3788 1186 3867 igitur
1216 3787 1340 3849 limitem
1367 3787 1525 3868 eclipticae

176 3891 232 3944 aut
253 3881 286 3942 iu
307 3870 788 3975 Libraffprogredientibus
811 3875 908 3950 nodis,
932 3886 985 3938 aut
1007 3877 1037 3939 iu
1052 3877 1167 3950 Ariete,
1190 3875 1446 3938 retrocedentibus
1469 3878 1524 3938 iis·

176 3974 264 4048 dem,
298 3954 692 4065 quod,r[Jtdl,q'tqrisimilius.
738 3965 817 4026 Nam
847 3976 878 4027 et
900 3966 1003 4029 Lunae
1031 3966 1106 4045 podi
1135 3967 1340 4040 retrocedunt,
1372 3965 1458 4027 annis
1484 3963 1524 4030 19

175 4064 336 4127 zodiacum
353 4046 584 4143 ebremou
621 4074 688 4115 curn
725 4054 1147 4135 apogaeumprogrediatur,
1185 4055 1284 4135 aum¹
1301 4048 1362 4132 8¹1,
1397 4054 1544 4139 eundem,

176 4150 352 4221 manneus.
400 4136 533 4221 Curiique
556 4160 722 4222 apogaeum
745 4143 827 4204 Solis
851 4140 904 4204 se'u'
925 4142 1100 4224 perihelium
1123 4147 1234 4206 Terrae
1250 4142 1302 4207 sit
1322 4145 1350 4204 in
1375 4136 1520 4224 572⁰&

175 4246 348 4323 quare'per
370 4250 437 4311 cap.
462 4230 560 4293 LVII.
585 4231 733 4311 diameter
755 4233 898 4307 virtuosa,
923 4231 1179 4295 eccentricitatem
1202 4248 1339 4309 cassans,
1363 4231 1523 4315 porrigitpr
1562 4262 1568 4275 ·

176 4330 207 4395 iu
231 4326 317 4393 Solis
350 4316 475 4402 §rpus
508 4320 601 4403 Terra
621 4318 664 4387 ,tn
686 4314 770 4401 572⁰
792 4320 828 4397 Υ
849 4329 999 4384 versante.
1045 4324 1089 4401 At
1111 4340 1165 4402 per
1194 4340 1259 4402 cap.
1284 4321 1398 4384 LXIII.
1431 4321 1523 4383 etiam

175 4420 327 4499 &metm
348 4410 404 4475 illa
423 4408 569 4501 qirtuosa
592 4428 667 4489 quae
683 4409 872 4497 latitudiqern
894 4404 1231 4565 camlur„ffiigitur
1255 4411 1284 4472 in
1301 4409 1382 4515 Sqlis
1406 4430 1522 4492 corpus,

160 4502 275 4583 'Um
296 4498 445 4569 ier-limite
478 4507 629 4589 versantq,
663 4497 713 4578 qui
736 4506 784 4558 est
810 4498 944 4577 p‘ev'boc
966 4494 1033 4580 cap.
1148 4500 1202 4561 III.
1227 4499 1256 4561 in
1280 4500 1409 4579 Anser
1424 4500 1521 4578 -Ergo

175 4610 232 4681 per
254 4596 337 4658 idem
359 4606 425 4668 cap.
443 4584 560 4649 LXIII.
584 4586 709 4668 utreque
733 4586 828 4648 virtus
844 4596 946 4666 potest
969 4588 1046 4650 ellici
1065 4589 1103 4650 ab
1118 4588 1222 4648 eadem
1246 4587 1379 4668 corporis
1393 4588 1521 4651 Telluris

176 4686 337 4759 (limem.
383 4676 463 4739 Hinc
490 4672 563 4737 licet
590 4674 763 4740 ratiocinari
791 4675 1004 4754 probabiliter,
1034 4677 1062 4738 in
1086 4670 1169 4758 5¹l2⁰
1190 4690 1221 4741 eo
1247 4685 1278 4739 et
1299 4682 1333 4755 ᾖ
1356 4676 1521 4745 coincidere

135 4808 142 4823 .
176 4768 426 4877 „palumbum
448 4780 569 4827 caecum
591 4784 645 4825 seu
668 4764 837 4843 eclipticam
859 4765 988 4827 mediani
1010 4785 1076 4827 cum
1098 4782 1171 4827 vera
1193 4767 1281 4831 nobis
1304 4776 1386 4831 nota.
1458 4822 1467 4833 .
1507 4816 1511 4825 .

173 4918 181 4927 ,
267 4856 387 4937 Quodsi
410 4850 540 4915 omnium
557 4854 743 4943 planetarum
760 4851 1104 4934 apbeIMordinareutur
1127 4855 1155 4917 in
1180 4872 1237 4915 uno
1257 4856 1366 4921 circulo
1378 4848 1520 4945 Ilraq‘urrq,
