3368 5534
444 328 475 384 ds
492 328 681 383 commeante
699 330 731 383 de
749 335 818 382 mota
834 326 923 382 stellae
941 329 1037 383 llartb.
1350 332 1413 403 103

57 504 139 568 nulla
162 504 315 569 fortitudo
338 507 367 569 u.
392 526 418 568 e.
444 507 514 589 qnia
537 505 602 571 Soli
630 525 689 569 uon
720 507 917 569 obvertuntur
939 506 984 569 Dl
1006 517 1111 589 partes
1143 520 1281 594 respectu
1315 514 1412 579 lineas

56 612 127 657 suae
151 595 280 658 virtutis
301 596 370 668 BD,
391 597 446 660 BI.
493 596 556 660 Sed
579 597 627 658 hic
649 597 761 657 haereo
784 595 822 656 in·
837 597 992 674 prodenda
1020 598 1121 680 anguli
1152 620 1293 664 mensura
1320 624 1414 667 cansa

57 684 256 747 tortitudinis.
303 686 386 747 Nam
408 687 488 749 forts
511 685 612 765 anguli
635 682 719 747 DBO
743 685 991 763 complementum
1007 684 1049 749 CI
1073 690 1196 752 metitur
1218 690 1321 755 hanc?
1343 694 1412 757 Non

55 782 135 855 puto.
175 773 260 836 Nam
284 775 406 855 quaudo
419 775 492 837 DBl
515 773 621 855 incipit
643 774 744 848 minui,
767 782 839 834 tunc
861 772 930 853 plus
954 774 998 836 illi
1021 777 1145 855 prodest
1167 779 1206 841 ad
1221 782 1414 861 appetentiae

55 862 267 927 loniudlnem
287 863 428 926 modulus
452 863 559 944 uliquis
582 862 806 937 imminutionis,
833 881 921 941 quam
944 882 1011 925 cum
1033 883 1110 944 pene
1129 875 1211 931 totus
1235 869 1412 934 absumitur.

54 950 134 1013 lium
158 952 258 1032 igitur
279 952 326 1017 IN
352 954 477 1016 metitur
496 950 712 1015 'tortitudinem
742 950 861 1013 omuino
884 950 993 1016 DBC?
1029 957 1074 1017 At
1096 955 1164 1018 huic
1188 957 1218 1019 id
1241 960 1320 1039 qnod
1348 961 1414 1041 jam

55 1039 115 1101 dixi
135 1050 297 1122 repugnat
318 1043 414 1106 multo
437 1042 534 1123 magis
558 1044 599 1115 (ia
616 1050 747 1115 magius:
769 1040 877 1102 falsum
900 1040 981 1112 hoc).

142 1130 195 1192 Tu
217 1130 366 1193 bic-milri
395 1131 565 1212 scrupulum
592 1149 696 1193 moves
724 1130 761 1191 de
792 1128 1002 1191 observatione
1026 1138 1052 1200 0’
1074 1150 1152 1194 auno
1175 1130 1227 1198 90.
1255 1133 1305 1199 18.
1330 1136 1413 1208 Dec,

56 1218 130 1281 dieis
163 1219 267 1282 locum
300 1220 365 1300 ejus
393 1227 598 1301 computatum
621 1240 640 1280 a
662 1216 764 1281 Lance
796 1218 859 1281 bor.
886 1227 919 1280 et
940 1217 1033 1300 Spica
1066 1220 1183 1283 differre
1208 1243 1227 1283 a
1250 1225 1331 1300 loco,
1365 1227 1414 1308 qni

57 1308 119 1371 exit
141 1327 184 1371 ex
206 1309 404 1390 usurpatione
428 1309 540 1372 Lancia
563 1316 658 1372 anstr.
706 1309 751 1370 At
778 1325 833 1387 ego
862 1308 974 1369 nullam
1004 1309 1181 1373 distantiam
1205 1319 1231 1382 d
1253 1315 1371 1394 prodidi
1395 1337 1415 1378 a

58 1396 169 1460 lained-
185 1406 284 1461 ausit.
307 1404 376 1467 (ride
391 1422 417 1472 p.
435 1403 492 1470 ut)
1046 1422 1049 1427 ·

143 1486 324 1569 Acquiesco
355 1486 386 1549 in
414 1487 614 1550 declinatione
645 1483 803 1564 eclipticas
827 1504 846 1545 a
869 1485 1009 1565 Tychone
1032 1486 1153 1566 prodita
1183 1488 1261 1552 citra
1289 1498 1413 1554 contro-

60 1576 205 1652 versiam,
238 1594 295 1639 uec
325 1575 400 1638 mihi
423 1575 628 1655 Lausbergius
659 1574 750 1635 ullum
784 1575 955 1652 scrupulum
981 1584 1082 1636 movet
1109 1577 1254 1640 hacteuus
1284 1580 1412 1660 quidem.

61 1665 120 1727 Nec
143 1664 231 1728 enim
253 1664 426 1740 verisimile,
450 1682 627 1746 quemquam
642 1662 689 1726 hic
705 1663 846 1743 Tychcrm
870 1662 1089 1743 diligentiorem
1112 1683 1180 1728 esse
1202 1686 1303 1748 posse.
1347 1671 1414 1735 Nec

62 1754 107 1817 ille
129 1772 222 1817 anam
246 1754 455 1837 obliquitatem
477 1755 618 1826 inculcat,
642 1760 675 1814 ιιι
698 1771 764 1812 eam
783 1751 974 1832 Tychouicae
997 1753 1159 1828 anteierat,
1183 1755 1237 1817 sed
1260 1766 1294 1819 ut
1315 1759 1414 1821 colla·

61 1842 139 1906 tione
162 1844 310 1906 instituta
331 1843 446 1906 veritae
468 1862 522 1923 per
544 1843 601 1905 has
624 1843 717 1903 etiam
741 1851 848 1903 tenues
871 1840 1092 1922 discrepantias
1111 1844 1301 1908 confirmetur
1318 1846 1410 1923 iniis,
1489 1837 1491 1842 ’

61 1933 106 1994 ubi
128 1932 342 2013 discrepantia
363 1941 412 1995 est
433 1933 525 1995 nulla.
572 1932 622 1992 Ita
644 1931 763 2011 quidem
786 1937 850 2003 est,
875 1929 1013 1991 dubitare
1035 1932 1213 2013 quandoque
1243 1936 1341 2010 soleo,
1373 1958 1412 2001 au

62 2020 213 2103 Tycbonis
236 2022 371 2085 calculus
394 2021 583 2102 undiquaque
606 2037 707 2082 verum
740 2019 836 2080 locum
860 2015 900 2094 Θ
925 2019 1043 2099 prodat.
1090 2019 1194 2083 Causa
1224 2022 1298 2086 mihi
1325 2024 1414 2106 hujus

62 2110 138 2175 dubii
167 2111 338 2174 desumitur
365 2130 382 2172 c
410 2128 443 2172 re
471 2109 638 2190 praesenti,
672 2108 791 2188 quoties
822 2107 1049 2170 observationes
1081 2108 1111 2170 in
1145 2119 1170 2180 0·
1200 2112 1323 2175 habitae
1354 2134 1414 2177 nou

61 2201 137 2263 coire
160 2200 272 2265 volunt
295 2198 335 2262 ad
357 2217 541 2262 communem
565 2196 708 2261 circulum
731 2196 812 2259 orbis
826 2197 938 2257 Terrae
960 2197 1154 2276 prodendum.
1191 2201 1236 2263 At
1249 2202 1325 2264 corti
1344 2203 1414 2284 quid

62 2296 197 2352 sumere
224 2298 280 2353 aut
299 2290 420 2351 'temere
446 2287 495 2351 bic
517 2308 537 2348 a
559 2286 701 2370 Tychone
733 2284 900 2347 desciscere
932 2303 1025 2365 grave
1056 2286 1128 2350 mihi
1158 2297 1216 2352 est.
1262 2291 1309 2354 De
1332 2290 1415 2356 Solis

61 2378 212 2459 parallaxi
235 2379 356 2459 quidem
378 2376 470 2459 paulo
492 2377 589 2456 magis
613 2374 727 2448 dubito,
751 2383 786 2436 ut
808 2374 924 2449 invenis
948 2373 977 2435 in
1001 2373 1120 2456 Opticis
1150 2378 1235 2441 meis.
1283 2382 1328 2444 At
1355 2382 1414 2444 etsi

62 2486 134 2529 nnus
157 2467 320 2548 scrupulus
344 2467 486 2542 decedat,
518 2483 624 2546 parum
647 2464 676 2527 in
701 2463 880 2544 obliquitate
904 2463 1061 2542 eclipticas
1083 2477 1242 2545 peccetur,
1265 2488 1331 2531 cum
1354 2489 1413 2533 nou

61 2556 153 2619 multo
176 2557 276 2636 major
298 2556 340 2619 sit
360 2555 527 2637 parallaxis
550 2553 631 2616 Solis
659 2553 688 2615 in
712 2551 749 2629 Υ
777 2571 868 2633 quam
895 2553 924 2613 iu
949 2565 993 2618 ee.
1039 2553 1115 2616 Esto
1146 2556 1224 2618 enim
1247 2560 1415 2637 parallaxis

61 2642 99 2723 Θ
121 2653 247 2708 tantum
270 2643 304 2708 2³
327 2664 415 2726 quam
430 2642 531 2726 'l'ychc
555 2642 629 2704 dicit
651 2639 697 2716 3¹;
722 2660 793 2720 ergo
812 2642 841 2703 iu
861 2642 915 2703 alt.
935 2637 995 2704 35ο
1017 2651 1105 2704 ειιιιιι
1123 2639 1188 2707 50”
1212 2647 1412 2724 diminuenda,

61 2734 171 2797 inalt.
196 2729 261 2799 58⁰
283 2735 354 2797 circ.
378 2731 455 2798 20¹⁴.
500 2733 585 2812 Ergo
606 2730 768 2810 obliquitas
792 2730 949 2811 eclipticas
978 2731 1060 2794 circa
1087 2730 1152 2796 30⁰
1181 2735 1286 2797 minor.
1339 2739 1413 2800 lude

62 2832 90 2887 et
102 2822 266 2905 longitudo
280 2823 411 2887 aestatis
425 2823 532 2885 aliast
545 2821 755 2883 eccentricitas
767 2817 825 2896 Θ;
840 2821 893 2880 sed
908 2821 1027 2883 omnino
1042 2826 1185 2902 perquam
1200 2824 1302 2886 tenuia
1316 2834 1413 2888 erunt.

146 2912 195 2975 Te
218 2913 339 2993 quidem
354 2932 372 2974 o
386 2911 505 2974 Fabrici
528 2929 655 2990 aequum
680 2918 729 2970 est
751 2910 865 2982 dolere,
891 2908 969 2988 quod
992 2910 1116 2972 aliorum
1137 2913 1231 2974 oculis
1254 2913 1415 2978 videndum

59 3000 112 3065 tibi
136 3010 201 3078 est,
226 3010 259 3064 ει
280 3001 377 3064 anniti
399 3010 433 3062 ut
453 3001 516 3063 tuis
539 3000 653 3062 videas.
687 2998 762 3060 Mihi
781 3017 837 3078 ego
850 2998 984 3079 meisque
1008 2999 1155 3063 debilibus
1179 3002 1273 3066 oculis
1296 3003 1334 3066 de
1358 3004 1414 3067 hoc

60 3092 228 3156 alienorum
251 3091 403 3154 oculorum
426 3089 568 3152 beneficio
591 3088 718 3169 gaudeo.
1497 3084 1502 3091 '

146 3180 260 3243 Redeo
290 3181 329 3241 ad
359 3186 386 3250 ό
416 3186 489 3260 post
520 3179 637 3258 aliquot
667 3176 901 3256 septimanarum
933 3175 1200 3256 interpositionem.
1249 3178 1298 3243 Sit
1328 3182 1415 3245 nobis

60 3271 167 3334 eadem
191 3269 291 3350 figura
312 3269 446 3349 corporis
468 3266 629 3347 planetarii
652 3265 817 3346 proposita,
841 3282 917 3344 quae
937 3284 1041 3346 ,snpra
1075 3267 1147 3328 Dixi
1166 3286 1267 3348 supra,
1290 3271 1413 3352 perinde

60 3380 127 3423 esse
150 3359 220 3421 sire
243 3359 370 3440 planeta
392 3356 599 3420 consideretur
621 3363 655 3417 ut
676 3355 783 3434 globus
806 3353 870 3415 sive
894 3362 928 3415 ut
949 3355 1071 3433 planum
1093 3355 1213 3432 circuli;
1232 3357 1299 3437 jam
1322 3360 1414 3422 etiam

60 3448 115 3512 boc
138 3449 232 3523 dico,
265 3446 390 3529 perinde
412 3464 481 3508 esse
513 3447 577 3508 sive
600 3453 634 3507 ιιι
655 3445 776 3524 planum
809 3442 911 3504 circuli
944 3444 1150 3506 consideretur
1181 3445 1245 3507 sive
1269 3456 1302 3510 ιιι
1324 3449 1413 3513 linea.

61 3538 140 3602 liam
162 3545 284 3601 εειιιιιιι
306 3545 355 3599 εει
374 3554 413 3597 ex
428 3532 567 3598 Gilberto
591 3542 623 3595 et
644 3551 699 3612 per
716 3552 750 3593 se
774 3531 864 3592 etiam
887 3532 951 3593 siue
971 3532 1036 3611 ejus
1060 3533 1249 3611 auctoritate,
1273 3538 1414 3600 virtutem

62 3626 266 3709 magnetieam
289 3624 403 3706 porrigi
424 3624 455 3685 iu
466 3632 591 3687 rectum.
629 3620 731 3693 Quare
755 3628 788 3682 ut
801 3620 908 3700 globus
930 3621 1051 3701 fingitur
1074 3631 1211 3685 constare
1235 3644 1273 3687 ex
1290 3626 1414 3690 infinitis

63 3716 264 3780 mmlsrtbm
286 3713 387 3794 planis
409 3712 578 3775 occentrico
609 3710 781 3792 parallelis,
814 3728 937 3788 qnorum
965 3710 1094 3772 omnium
1125 3713 1231 3775 eadem
1255 3724 1303 3778 est
1324 3717 1412 3793 ratio,

62 3806 105 3869 ita
125 3805 236 3870 circuli
265 3804 388 3885 planum
420 3811 543 3883 proptor
574 3800 651 3863 hauc
681 3798 802 3861 virtutis
834 3799 1043 3861 rectitudinem
1072 3819 1110 3861 ex
1137 3802 1260 3866 infinitis
1292 3814 1414 3868 constat

62 3895 164 3971 rectis,
187 3904 318 3977 quarum
339 3908 457 3954 rursum
479 3890 607 3953 omnium
631 3890 736 3953 eadem
760 3896 810 3949 εει
830 3888 919 3949 ιειίο.
964 3887 1047 3965 Ergo
1073 3890 1215 3969 planetae
1238 3911 1345 3973 corpus
1369 3895 1413 3957 ita

62 3982 248 4049 considerari
270 3989 376 4063 potest
397 3980 607 4062 ut-quaelibet
629 3988 731 4050 recta,
764 3995 830 4038 cum
852 3977 936 4040 nulla
958 3977 1049 4040 aliam
1072 3979 1233 4058 impediat,
1265 3992 1413 4064 utsupra

61 4073 137 4137 laiso
159 4071 303 4137 confinxi.
340 4068 392 4133 Sit
413 4087 485 4149 ergo
508 4069 568 4133 AD
593 4074 660 4143 (Pir.
680 4071 727 4138 ³⁴)
750 4065 817 4128 axis
839 4066 1027 4147 magneticus
1051 4068 1168 4148 lugiens
1190 4068 1218 4130 iu
1233 4071 1273 4147 A,
1299 4090 1410 4153 appro-

61 4160 275 4316 puiqqmnaussin
302 4160 360 4310 D,t
382 4166 615 4310 replqaesencttans
644 4175 734 4306 unaqu
764 4156 1084 4308 ⁰¹·iffnitjspmggp
1105 4158 1246 4310 virtuqqile
1277 4161 1410 4312 qqrporis

166 4296 177 4315 .
249 4258 275 4311 rt
306 4266 408 4311 auom
480 4266 540 4329 puu
573 4265 621 4310 nm
652 4265 699 4309 me
722 4263 781 4307 rum
812 4265 841 4306 ru
876 4264 891 4306 r
988 4293 996 4320 ,
1085 4265 1161 4308 ern
1245 4258 1408 4324 ;rctnm,

62 4337 385 4424 sppmpinqoatlomm
407 4335 457 4398 vel
481 4340 581 4423 fugam
604 4335 667 4398 fieri
690 4336 816 4408 nullam,
846 4343 1010 4396 causaest
1036 4334 1107 4415 quia
1128 4335 1159 4398 A
1182 4337 1264 4400 etD
1287 4339 1410 4400 suntin
1530 4364 1533 4369 ·
1647 4360 1652 4371 ·

61 4448 150 4511 spero
173 4427 306 4510 aequali.
344 4416 428 4507 Ergo
450 4427 506 4490 hoc
529 4434 578 4488 εει
600 4424 686 4506 quasi
708 4422 946 4503 aequipondium.
981 4423 1060 4484 Vide
1083 4443 1151 4487 mea
1165 4423 1277 4504 Optica
1291 4425 1366 4508 Cap.
1382 4427 1408 4491 Ι.

64 4517 195 4600 Sirjan
217 4516 274 4581 snt
297 4516 329 4579 in
349 4513 446 4591 BCK,
469 4524 502 4578 ει
523 4522 626 4597 centro
650 4514 676 4575 B
701 4512 800 4593 spatio
814 4511 870 4574 BD
893 4513 1020 4575 circulus
1039 4511 1094 4578 Dc
1117 4513 1293 4589 delineatur,
1318 4525 1350 4579 ει
1372 4534 1410 4578 ex

65 4605 97 4683 0,
118 4608 255 4672 sectiom
279 4604 384 4669 circuli
406 4623 473 4667 cum
495 4604 574 4667 linea
591 4601 642 4680 Θ,
665 4600 921 4683 perpendicularis
944 4602 974 4663 in
998 4600 1057 4665 DA
1079 4604 1216 4666 ducatur.
1261 4601 1295 4665 Si
1319 4604 1412 4684 igitur

65 4694 120 4760 CB·
135 4697 180 4762 sit
200 4695 322 4760 cetina
343 4702 378 4757 et
397 4693 465 4769 AB,
487 4693 544 4757 BD
566 4692 691 4756 brachia
713 4691 818 4766 librae,
841 4691 902 4754 erit
923 4700 957 4753 ut
978 4691 1034 4754 DP
1056 4693 1096 4754 ad
1118 4691 1174 4753 ΡΑ
1196 4689 1240 4753 sic
1263 4692 1408 4758 fortitudo

66 4788 161 4871 rugeli
182 4784 271 4852 DBG
294 4784 336 4848 ad
358 4770 563 4848 fortitudinem
586 4781 680 4846 ABO.
726 4781 833 4863 Itaque
856 4780 929 4862 luga
951 4780 999 4842 hic
1028 4788 1116 4843 tanta
1138 4789 1186 4842 εει
1207 4790 1322 4863 quauta
1343 4785 1408 4864 ΒΡ,
