3368 5534
592 305 733 370 exspreto
752 307 892 358 summm
1150 332 1152 339 ’
1350 305 1412 372 707

63 481 212 563 agitando
244 489 363 547 tantum
392 483 521 564 paginae
550 484 679 563 spatium
711 504 869 566 occupem,
903 490 1046 566 quantum
1076 491 1109 545 tu
1141 484 1304 567 occupasti.
1351 482 1414 546 Sed
1450 512 1453 517 ¹
1508 523 1513 537 ·

62 570 169 633 mitior
191 589 254 647 ero,
279 591 334 634 nec
358 572 516 653 quicquam
538 572 594 640 tibi
617 573 728 635 ad'tot
750 574 888 636 convicia
906 592 1022 653 regere,
1046 573 1105 633 uisi
1127 578 1161 633 nt
1183 574 1301 653 relegas
1325 574 1413 635 sche-

62 661 134 721 dam
158 678 266 732 meam
291 681 383 741 eaque
408 663 488 724 lecta
510 662 590 743 quod
612 662 772 742 ingenuum
795 663 890 725 virum
914 663 1001 724 decet
1020 662 1180 723 erubescas
1203 671 1292 743 teque
1315 662 1360 722 ira
1383 671 1414 722 et

63 749 148 810 falsa
169 749 384 831 imaginatione
408 750 561 813 literarum
584 751 755 813 absentium
777 752 1009 833 praecipitatum
1033 748 1146 811 doleas.
1186 757 1237 821 (Ad
1256 761 1329 810 verba
1346 761 1413 811 Lon-

61 847 209 914 gomommt
226 860 303 912 supra
320 847 399 898 auara
411 848 542 913 surempsit
553 848 693 913 Raptam:
711 841 907 903 Debacchare
923 841 953 901 in
968 841 1083 902 larvam
1091 830 1118 900 'a
1131 847 1162 901 te
1177 840 1413 914 concinnatam.)

154 924 243 998 Quod
265 946 337 990 vero
360 948 397 990 ue
420 929 551 991 monitus
574 929 692 1009 quidem
718 949 846 991 errorem
864 928 1072 1010 deprehendis,
1096 947 1132 989 eu
1156 936 1186 989 te
1209 937 1295 991 tanto
1318 930 1424 1009 magis·

62 1016 159 1079 errori
182 1016 360 1096 obstringis.
404 1017 466 1080 Sed
492 1019 624 1079 lacessat
646 1018 751 1081 odiosa
774 1018 985 1098 exprobratio,
1018 1026 1086 1078 orta
1117 1036 1154 1078 ex
1183 1018 1321 1097 contagio
1352 1028 1415 1080 tam

62 1106 184 1168 sicinae
207 1106 385 1169 calumniae.
432 1106 540 1169 Dicam
561 1107 707 1187 ingenue,
741 1108 885 1178 candide,
916 1107 1127 1170 astronomica
1175 1108 1220 1168 Tu
1242 1107 1415 1186 parallaxes

62 1197 169 1258 Lunae
193 1195 360 1275 explorasti
383 1196 519 1270 seorsim,
545 1196 724 1258 diametrum
748 1194 788 1273 Q
813 1197 953 1266 seorsim,
978 1195 1157 1258 diametmm
1180 1197 1302 1259 umbrae
1326 1216 1414 1259 seor-

62 1284 130 1347 sim.
176 1283 225 1346 Ex
249 1284 295 1346 his
318 1284 400 1346 nosti
423 1285 629 1346 Ptolemaeum
651 1286 808 1367 inquirere⁵
826 1286 1016 1349 altitudinem
1041 1282 1080 1362 Q
1106 1304 1144 1346 ex
1166 1294 1269 1347 centro
1292 1286 1438 1355 Terrae,-

62 1393 102 1436 ex
125 1391 164 1434 ea
185 1373 356 1453 parallaxin
381 1371 433 1450 Q.
479 1374 545 1436 Hoc
568 1382 600 1435 tu
628 1374 792 1454 neglexisti
819 1374 1015 1447 existimans,
1046 1375 1180 1435 sufficere
1204 1382 1239 1435 ut
1260 1393 1280 1434 a
1301 1376 1414 1436 veteri-
1447 1440 1449 1445 ,

22 1536 26 1543 ¹
61 1463 120 1524 bus
141 1469 175 1522 et
189 1461 331 1544 Tychone
354 1463 459 1523 itidem
483 1462 610 1524 seorsim
632 1463 798 1543 parallaxis
822 1461 862 1542 Q
888 1465 929 1526 sit
952 1470 1100 1525 assumta.
1138 1462 1182 1523 At
1204 1463 1231 1523 si
1254 1471 1286 1524 tu
1310 1463 1413 1525 Ptole-

61 1570 181 1613 maeum
204 1551 341 1612 imitatus
366 1552 430 1626 (vel
447 1571 507 1613 non
523 1553 615 1623 multo
631 1552 721 1614 aliam
741 1553 924 1627 methodum,
948 1552 1093 1614 assumtis
1115 1550 1183 1612 aliis
1206 1571 1294 1632 qnam
1307 1551 1414 1614 Ptole-

61 1640 187 1717 maltis)
211 1658 249 1700 ex
270 1640 422 1721 parallaxi
439 1640 544 1702 Luuae
563 1642 742 1703 intransitu
761 1643 881 1704 umbrae
902 1651 933 1702 et
952 1640 1111 1702 latitudine
1127 1640 1260 1713 umbrae,
1283 1641 1415 1720 itemque

61 1749 101 1792 ex
128 1737 293 1810 apparente
323 1726 362 1806 Q
393 1730 559 1804 diametro,
593 1731 712 1809 qualem
744 1731 933 1805 assumsisti,
967 1730 1171 1811 quaesivisses
1204 1739 1345 1809 tauquam
1378 1750 1415 1791 ex

61 1819 201 1899 genuinis
223 1817 378 1898 principiis
402 1819 625 1895 elongationem
649 1829 681 1881 et
702 1818 872 1900 parallaxin
895 1819 993 1894 Solis,
1024 1839 1081 1881 non
1111 1828 1228 1880 tantum
1255 1838 1313 1880 nou
1338 1820 1416 1880 hanc

62 1907 234 1988 parallaxin
260 1905 299 1984 Q
325 1907 513 1976 invenisses,
538 1927 625 1987 qnam
649 1909 751 1991 Tychu
775 1929 813 1970 ex
835 1909 987 1974 veteribus
1010 1908 1143 1982 retinuit,
1168 1909 1222 1969 sed
1246 1908 1414 1988 deprehen-

60 1998 172 2071 disses,
197 2014 260 2058 rem
284 1996 338 2058 tibi
362 1996 451 2075 plane
476 1997 514 2058 ad
539 1997 727 2078 impossibile
749 1998 859 2060 redire.
897 1997 988 2060 Certe
1012 2015 1069 2076 ego
1093 2015 1169 2058 nuuc
1188 1997 1305 2058 demum
1328 1997 1415 2057 video

60 2084 231 2151 Ptolemaei
255 2085 424 2154 consilium,
449 2104 501 2148 cnr
525 2086 576 2148 ille
598 2086 703 2148 Lunae
727 2095 759 2149 et
781 2106 835 2166 per
856 2105 923 2148 eam
938 2086 1020 2157 Solis
1039 2087 1216 2148 diametrum
1239 2086 1269 2146 in
1292 2085 1415 2165 eclipsi-

59 2175 119 2237 bus
141 2193 197 2254 per
220 2182 290 2236 ante
313 2183 417 2235 notam
437 2173 630 2237 latitudinem
653 2182 685 2237 et
707 2175 818 2254 digitos
842 2176 997 2257 eclipticus
1021 2175 1121 2237 metiri
1143 2174 1296 2248 maluerit,
1327 2193 1416 2254 quam

60 2264 126 2341 alis
154 2262 285 2327 dociliori
312 2264 428 2326 ratione
462 2282 500 2325 ex
531 2263 607 2346 ipsis
635 2265 897 2327 observationibus
924 2265 1066 2327 deducta.
1111 2264 1191 2326 Nam
1218 2282 1265 2324 me
1295 2264 1415 2329 hercule

62 2352 171 2416 modus
193 2371 248 2434 per
271 2372 304 2414 se
328 2352 475 2414 absurdus
500 2361 557 2415 est.
596 2352 631 2415 Si
655 2354 816 2416 etiamnum
835 2355 979 2416 obscurus
1003 2354 1059 2415 tibi
1083 2353 1196 2428 videor,
1221 2352 1259 2414 ad
1283 2352 1415 2415 calculus

11 2436 16 2447 '
60 2462 136 2515 eas,
161 2441 275 2506 ,statim
306 2441 406 2503 omnia
435 2441 491 2505 tibi
519 2443 592 2504 dent
618 2442 770 2517 dilucida,
804 2463 859 2505 uec
889 2463 936 2505 me
969 2443 1057 2523 plura
1086 2444 1179 2505 verba
1206 2442 1306 2503 facere
1330 2461 1413 2522 opus.

59 2530 203 2595 Invenies
226 2529 375 2592 rationem
399 2531 475 2592 adeo
500 2530 655 2604 lubricam,
677 2540 712 2593 ut
734 2533 815 2593 intra
838 2529 903 2596 900
924 2539 955 2594 et
969 2530 1057 2597 2000
1080 2531 1319 2593 semidiametros
1342 2530 1417 2593 nihil

60 2619 138 2683 certi
166 2620 303 2683 concludi
329 2639 421 2700 posse
452 2620 591 2682 videatur
621 2621 657 2682 ds
685 2621 845 2683 altitudine
870 2622 963 2685 Sulis.
1008 2621 1180 2683 Admodum
1211 2620 1316 2681 hilaris
1339 2639 1416 2695 sum,
1471 2622 1474 2627 ’

16 2748 22 2760 ·
60 2717 224 2790 postquam
257 2728 295 2770 ex
331 2709 439 2771 lacuna
471 2709 696 2772 contentionum
729 2710 854 2773 eluctari
887 2730 933 2773 me
965 2709 1070 2772 videor
1103 2711 1141 2771 ad
1177 2708 1416 2790 philosophicam

62 2797 317 2879 disceptationem
341 2805 432 2877 atque
462 2818 529 2860 eam
557 2818 641 2861 meae
668 2799 879 2879 professionis,
909 2799 960 2881 qni
983 2798 1096 2878 Optica
1122 2798 1240 2877 scripsi.
1287 2796 1416 2860 Videbis
1444 2842 1447 2851 ·

59 2887 156 2968 igitur
178 2888 209 2949 iu
232 2906 298 2949 meo
323 2906 413 2967 opere
438 2888 540 2966 aliqua
555 2888 612 2950 tibi
631 2888 794 2968 placentia,
820 2890 921 2971 aliqua
939 2889 1101 2950 contraria.
1138 2887 1219 2949 lllud
1235 2887 1416 2950 contrarium

59 2976 136 3049 tibi,
168 2976 246 3059 qnod
276 2976 303 3038 si
332 2978 359 3048 b
386 2996 453 3038 cum
479 2972 518 3053 Q
544 2976 709 3057 (separatis
732 2978 799 3057 jam
826 2978 1050 3057 parallaxibus)
1079 2996 1136 3039 non
1166 2977 1316 3038 videbitur
1344 2976 1416 3037 alibi

58 3066 138 3148 plus,
162 3065 235 3127 alibi
257 3084 312 3145 per
335 3065 427 3126 aliam
451 3067 663 3129 refractionem
685 3067 783 3129 minus
806 3086 873 3129 cnm
898 3064 948 3144 Q,
975 3067 1046 3148 quia
1067 3066 1209 3128 retractio
1233 3084 1291 3126 non
1314 3072 1418 3144 potest

60 3154 206 3231 divellere
230 3153 308 3217 visui
332 3154 444 3228 sidera,
468 3175 544 3236 quae
568 3156 646 3217 citra
669 3155 882 3218 refractionem
905 3156 1081 3218 viderentur
1105 3156 1274 3236 conjuncta.
1424 3226 1427 3233 g

148 3241 221 3294 llaec
236 3242 366 3307 Ksplerus,
386 3244 481 3308 reliqna
494 3243 550 3294 vide
568 3258 642 3308 snpra
655 3260 679 3308 p.
695 3241 728 3293 32
745 3260 781 3309 sq.
797 3272 830 3282 -
840 3245 976 3310 Ksplerum
992 3259 1080 3309 pamm
1089 3257 1197 3301 curasse,
1211 3250 1240 3293 ut
1248 3242 1313 3308 typis
1326 3243 1415 3294 eneri-

59 3317 160 3367 tarem
176 3312 282 3371 libellus,
303 3317 373 3378 cnjus
387 3321 483 3379 partem
498 3312 606 3376 (omissis
621 3312 723 3374 tabulis)
742 3323 873 3381 sequentes
892 3317 1001 3367 referunt
1019 3317 1136 3382 paginae.
1157 3321 1260 3379 apparet
1278 3329 1308 3364 ex
1326 3314 1364 3365 his
1384 3315 1417 3364 ad

58 3397 83 3448 J.
104 3395 229 3447 Remum
248 3409 315 3446 anno
336 3391 403 3443 1619
422 3394 488 3444 datis
506 3395 602 3444 verbis:
633 3388 721 3448 Meas
744 3387 1030 3450 transformationes
1055 3407 1133 3451 annu
1155 3383 1240 3450 1602
1262 3387 1415 3467 perfectas

59 3484 93 3539 et
107 3476 265 3540 Hurwa'rto
281 3477 453 3557 inscriptas,
479 3475 587 3556 dignas
605 3495 666 3537 uon
684 3475 786 3556 judico
803 3497 878 3559 quae
903 3477 1074 3538 inserantur
1097 3480 1210 3546 (usuum
1227 3481 1412 3549 Rndolphinn),

59 3565 132 3649 quia
160 3565 235 3628 nihil
263 3565 299 3628 de
331 3566 488 3646 principiis
516 3565 696 3647 Tychouicis
728 3573 882 3641 mutant3.
899 3567 1085 3648 solummodo
1119 3565 1314 3647 aequationes
1346 3564 1417 3626 hinc

58 3655 129 3718 inde
152 3654 290 3736 pauculis
312 3654 462 3735 scrupulis
486 3654 606 3716 variant
629 3655 813 3718 necessitate
829 3654 1047 3737 hypotheseon,
1071 3655 1101 3717 in
1122 3674 1196 3737 quas
1215 3653 1418 3736 'lpchonicam

59 3745 155 3809 sumsi
179 3744 464 3807 transformandam.
495 3788 497 3795 .

130 3850 261 3917 Inscripsit
278 3851 401 3917 Keplerns
421 3851 469 3902 hoe
488 3851 649 3915 opusculum:
674 3848 677 3855 ⁴

140 3941 433 4043 Tranaformetio
462 3943 683 4041 hypotheseos
710 3956 742 4015 et
769 3942 974 4024 tabularum
1002 3943 1230 4025 brochum,
1260 3966 1347 4041 quer

175 4073 360 4149 generosus
387 4074 429 4123 oc
456 4051 666 4150 magnificus
693 4050 748 4122 D.
776 4051 831 4121 D.
865 4048 1055 4124 TYOHO
1081 4049 1299 4134 BRAHE,

56 4170 159 4257 'equus
183 4157 329 4240 Deoua,
358 4157 545 4229 Dominus
572 4159 612 4229 io
633 4155 880 4257 Koudstrupp
909 4171 941 4230 et
970 4158 1179 4257 Uraoiburp
1199 4163 1274 4248 dre„
1304 4156 1420 4229 nostri

60 4262 171 4339 ntuli
202 4261 292 4336 alter
323 4262 578 4361 Hupparcluus,
613 4264 698 4337 libro
727 4266 851 4362 pr‘imu
885 4265 1253 4366 Progymncsmcttrm
1292 4262 1417 4347 edidit,

349 4397 419 4467 qua
446 4369 529 4443 libri
554 4370 650 4444 illius
677 4396 760 4443 orsus
777 4372 930 4472 facilior
957 4371 1136 4454 redditur,

479 4524 482 4531 -
553 4478 769 4551 concionata
793 4478 939 4578 Proque

507 4610 530 4655 a
555 4584 610 4657 M.
647 4582 789 4658 Jonrrrre
823 4584 980 4684 Keplero

572 4687 600 4738 s.
622 4689 649 4739 c.
668 4689 703 4739 rr.
723 4689 914 4741 neumarum.

153 4784 339 4842 decesserunt
358 4780 454 4845 Lincii,
476 4797 548 4834 anno
569 4781 738 4852 potissimum
762 4777 846 4847 1016,
868 4784 985 4855 sparsim
1006 4782 1120 4838 tabulae
1141 4781 1248 4853 aliquot
1270 4798 1360 4838 norae
1381 4783 1418 4836 sd

66 4859 322 4917 scaturisseusnm
343 4862 452 4932 proprie
475 4863 703 4920 accommodatae.

1146 4952 1208 5006 ⁴5*
