3374 5528
653 296 814 357 massua
1344 290 1409 373 519

59 478 150 542 nibus
173 480 365 560 geometricis
384 480 621 561 jucundissimis,
646 482 752 563 quibus
776 482 928 562 quantitas
951 483 1091 545 diametri
1112 482 1233 546 umbrae
1257 504 1323 547 oum
1345 504 1403 567 pa-

60 570 228 632 rallaxibus
251 570 334 633 Solis
362 579 393 632 et
415 571 518 633 Lunae
542 580 573 633 et
595 571 818 632 semidiametro
842 572 924 635 Solis
954 573 1066 635 arctius
1097 572 1297 649 connectitur3
1329 576 1408 656 quod

60 657 208 721 hactenus
232 660 289 722 fuit
311 659 480 739 neglectum
503 661 540 722 ab
564 660 737 722 artificibus.
763 691 803 701 -

150 748 238 799 Finem
257 749 379 799 faciontes
397 746 454 798 huic
472 750 655 804 introductioni,
673 756 806 813 antequam
824 751 904 812 ipsum
920 749 1050 799 lectoribus
1063 751 1218 815 proponimus
1236 751 1409 816 fragmentum,

59 819 180 882 prioribus
200 820 367 885 subjungimus
393 827 489 884 partem
513 821 631 886 epistolas
649 820 750 883 Kepleri
775 820 806 870 ad
825 820 1056 870 vincentium
1079 820 1293 873 Blsncbium
1316 823 1407 882 (aliur

61 890 151 941 Comes
170 891 283 948 Alcraui3
310 907 387 955 comp.
407 892 553 955 Hausclr.·p
582 889 644 940 600,
665 889 728 948 ⁶0³)
756 892 844 953 datas,
862 899 890 940 ut
907 893 982 956 ipsius
999 893 1075 942 rerba
1091 894 1231 943 testimonio
1248 894 1299 942 siut
1316 909 1407 952 eorum,

60 976 127 1026 quas
145 968 219 1026 supra
237 963 339 1015 diximus
358 963 389 1013 do
406 963 509 1026 Koplori
527 963 613 1012 studiis
632 970 658 1012 et
673 962 889 1012 lucubrationibus.

153 1034 244 1114 Cujus
267 1040 445 1105 (cunctationis
463 1045 489 1095 in
508 1046 633 1109 operibus,
653 1058 716 1108 quae
734 1045 780 1093 snb
797 1045 910 1093 manibus
928 1041 1049 1104 habebat)
1072 1035 1282 1097 excusationes
1296 1037 1407 1098 multae

62 1131 135 1184 sunt
162 1134 192 1184 et
216 1124 327 1184 variae.
363 1125 492 1187 Primum
516 1126 706 1188 calamitates
729 1126 815 1186 aulae
840 1123 893 1186 sub
916 1120 1093 1204 Rudolpho,
1121 1125 1272 1185 turbatum
1296 1134 1408 1187 statum

60 1211 148 1290 regui
180 1221 211 1273 et
234 1214 314 1275 mala
337 1214 516 1288 domestica,
546 1214 652 1294 quibus
681 1233 734 1294 per
762 1213 877 1293 aliquot
899 1230 994 1274 annos
1016 1232 1082 1274 sum
1106 1213 1265 1292 impeditus
1294 1219 1406 1287 (scupus

59 1308 127 1360 huss
151 1309 274 1374 suptarus
301 1324 324 1361 a
350 1306 446 1376 itit),
469 1323 525 1364 non
542 1314 644 1365 teneor
662 1312 827 1384 praestare.
866 1300 999 1372 Quomm
1015 1310 1201 1366 externorum
1216 1303 1407 1384 praecipuum

60 1390 128 1471 hoc⁴
153 1400 200 1451 est
229 1394 322 1471 quod,
357 1412 423 1454 cum
454 1393 636 1472 adscriptum
665 1391 735 1455 milri
764 1392 806 1452 sit
834 1391 976 1452 salarium
1000 1409 1073 1451 sane
1098 1410 1185 1471 quarn
1208 1392 1407 1455 honestuma

60 1477 213 1553 Caesare,
243 1481 272 1541 id
306 1493 406 1545 tamen
430 1499 488 1543 uon
511 1482 653 1555 solvitnr3
683 1482 739 1542 nisi
764 1502 784 1542 a
806 1480 1018 1542 communitate
1041 1480 1127 1560 thus
1150 1481 1321 1561 provinciae
1345 1480 1406 1545 Or-

60 1567 162 1629 diuum
185 1570 331 1632 modicum
355 1571 540 1652 acciperem,
565 1589 601 1632 ne
626 1571 743 1632 domum
767 1569 886 1651 quidem
910 1576 1082 1630 sustentare
1105 1587 1238 1648 possem,
1273 1570 1326 1631 sed
1350 1571 1407 1632 du-

59 1658 131 1719 dum
155 1677 222 1719 cum
246 1660 390 1720 dedecore
413 1660 576 1741 principum
600 1668 775 1721 extraneam
799 1677 884 1739 opem
908 1657 1125 1738 implorassem.
1163 1658 1211 1719 Ex
1234 1659 1290 1719 hoc
1304 1659 1408 1739 sequi-

59 1756 121 1821 tur,
159 1748 237 1828 quod
269 1768 337 1811 raro
371 1767 582 1810 amanuensem
616 1750 663 1810 alo
693 1758 724 1810 et
756 1748 980 1810 calculatorem.
1026 1747 1085 1813 Est
1108 1748 1179 1808 mihi
1198 1747 1263 1827 jam
1286 1746 1416 1811 sedulus

59 1836 227 1898 calculator
257 1847 288 1899 et
316 1837 408 1900 totius
446 1839 618 1900 matheseos
649 1857 763 1918 capax,
799 1835 896 1898 Jauus
921 1834 1127 1914 Gringalletus
1151 1835 1325 1913 Sabandos,
1358 1837 1408 1922 qni
1519 1903 1524 1916 ,

60 1943 136 2005 opus
159 1923 390 2006 Ephemeridum
413 1929 442 1989 iu
468 1946 562 1997 anuos
581 1928 689 1989 multos
709 1927 857 1988 calculare
877 1935 983 2011 posset
996 1926 1026 1986 iu
1041 1925 1114 1985 meis
1129 1926 1270 1987 atdibus:
1296 1933 1329 1987 at
1343 1945 1409 1990 cum

58 2016 88 2075 ei
114 2034 170 2075 non
191 2016 367 2078 satisfacere
391 2017 504 2094 possim
520 2017 657 2079 desertus
673 2037 691 2076 a
710 2015 921 2088 Caesareauis,
946 2015 983 2075 de
999 2015 1139 2077 diuturna
1155 2015 1217 2095 ejus
1237 2015 1410 2096 praesentis

59 2110 163 2165 certus
186 2122 372 2186 nequaquam
398 2124 472 2170 sum.
518 2106 650 2169 Rursum
672 2106 763 2184 igitur
786 2106 815 2165 in
839 2122 886 2165 me
910 2103 1005 2165 solnm
1024 2104 1159 2165 recident
1174 2105 1289 2178 omnia3
1312 2124 1408 2185 neque

58 2212 135 2254 saue
160 2193 208 2255 vel
231 2194 336 2255 amicis
358 2195 524 2257 scribendis
548 2194 683 2274 epistolis
707 2195 856 2255 interdum
880 2193 1009 2262 sufficio,
1034 2193 1141 2255 nedum
1165 2194 1202 2254 ad
1227 2193 1404 2255 calculatio-

58 2301 126 2344 nes.
173 2282 251 2346 Sunt
274 2293 305 2344 et
328 2284 445 2364 aliquae
460 2303 608 2347 morarum
626 2303 735 2346 causae
755 2283 783 2345 in
799 2300 864 2345 meo
881 2281 1016 2361 ingenio:
1043 2302 1120 2357 ,nou
1140 2281 1239 2344 omnia
1251 2302 1409 2363 possumus

60 2374 197 2434 omues.“
243 2371 370 2452 Neque
404 2392 478 2454 ego
511 2374 670 2437 ordinem
694 2381 832 2435 tenere
855 2390 1025 2451 possum:
1064 2381 1312 2451 extemporaneus
1345 2390 1411 2433 sum

60 2479 129 2541 ego,
154 2461 306 2535 contusus,
330 2470 361 2523 et
384 2462 410 2523 si
438 2462 507 2542 quid
532 2463 699 2525 ordinatum
723 2482 742 2523 a
764 2479 810 2523 me
834 2460 1046 2541 proficiscitur,
1071 2460 1171 2522 decies
1195 2462 1225 2522 id
1248 2460 1409 2541 repetitum

58 2559 120 2614 est
167 2551 359 2613 Interdum
382 2570 487 2613 error
510 2551 651 2613 calculi
674 2570 717 2612 ex
740 2549 1028 2632 properatione
1053 2550 1276 2614 commissus
1295 2550 1410 2630 longis-

58 2641 136 2703 simo
174 2648 307 2719 tempore
340 2659 386 2701 me
420 2649 594 2703 remoratur.
641 2638 768 2702 Possem
783 2692 786 2698 .
801 2659 873 2701 sane
906 2639 1021 2700 infinita
1054 2640 1218 2714 effundere3
1251 2658 1319 2700 nam
1348 2639 1408 2701 etsi

59 2731 150 2792 deest
165 2729 272 2805 lectio,
299 2739 437 2809 superest
460 2729 651 2811 imaginatio:
677 2738 710 2789 at
733 2749 790 2790 non
813 2729 921 2809 placeo
944 2729 1014 2790 mihi
1033 2729 1063 2789 in
1079 2728 1268 2790 confusaneis
1282 2728 1409 2791 talibus:

65 2818 173 2881 taedet
194 2819 352 2898 pigetque;
378 2837 470 2899 eoque
493 2822 540 2880 vel
564 2819 672 2898 abjicio
686 2818 734 2880 vel
752 2836 883 2892 reservo,
909 2817 1003 2879 donec
1021 2817 1184 2893 revideam,
1207 2817 1237 2878 id
1256 2827 1304 2879 est
1318 2817 1412 2879 donec

65 2925 148 2969 nova
171 2907 311 2982 scribam,
335 2908 414 2988 quod
433 2910 604 2989 plerumque
629 2908 672 2971 lit.
701 2907 779 2969 Peto
794 2907 885 2968 etiam
901 2907 1018 2968 avobis
1033 2907 1147 2982 amicis,
1162 2913 1196 2968 ut
1208 2926 1245 2968 ue
1260 2925 1307 2968 me
1318 2915 1413 2968 totum
1461 2981 1464 2987 Ι

65 2997 216 3059 damnetis
245 2997 274 3058 in
297 2996 456 3076 pistrinum
481 2998 708 3060 calculationum
728 2997 1024 3058 mathematicarum:
1058 3007 1176 3075 tempus
1195 2995 1265 3060 mihi
1280 2994 1319 3057 ad
1341 3015 1413 3076 spe·

65 3085 234 3149 culatioues
258 3084 481 3165 philosophicas
505 3085 696 3166 indulgeatis,
722 3086 846 3147 delicias
870 3104 953 3146 meas
976 3086 1090 3148 unicas.
1136 3085 1231 3148 Irasci
1249 3078 1413 3147 mibinouss

66 3175 166 3237 nullos
203 3175 241 3236 ob
271 3174 382 3236 dilatas
413 3174 531 3237 tabulas
554 3175 726 3255 Rudolphi‚
755 3193 813 3236 non
847 3174 1033 3236 dissimulavi
1061 3174 1090 3235 iu
1119 3174 1243 3254 prologo
1271 3173 1342 3236 libri
1372 3173 1412 3235 V.

65 3264 324 3339 Harmonicorum,
350 3262 409 3326 dixi
434 3264 559 3340 scilicet,
584 3284 630 3326 me
653 3273 785 3343 ternpore
810 3262 893 3324 abuti
918 3263 956 3325 ad
975 3262 1196 3342 speculationes
1214 3261 1413 3325 harmonicas.

66 3352 161 3416 Suum
185 3352 289 3434 cuique
312 3353 480 3432 pulchrum:
514 3353 566 3414 alii
589 3353 710 3414 tabulae
734 3360 766 3413 et
787 3352 914 3413 materia
937 3353 1106 3432 genesium,
1137 3350 1210 3415 mihi
1232 3352 1289 3413 flos
1311 3361 1413 3415 astro·

65 3444 195 3518 nomiae,
219 3441 329 3522 politia
351 3449 482 3503 motuum
508 3453 539 3504 et
562 3452 686 3504 ornatus
707 3442 840 3521 placent.
878 3439 958 3511 Quid
972 3440 1291 3523 quodipsasTabulae
1306 3456 1415 3504 causas

67 3539 175 3594 serunt
198 3550 361 3593 morarum:
396 3530 469 3591 nihil
501 3532 538 3591 de
563 3532 741 3593 difficultate
766 3530 880 3603 dicam;
912 3531 982 3610 ipsa
1014 3532 1109 3591 forma
1132 3529 1239 3591 calculi
1259 3531 1321 3611 jam
1343 3548 1413 3610 per-

66 3622 152 3682 fecta
182 3628 249 3682 toto
280 3620 453 3682 renovanda
486 3629 534 3681 est
571 3620 732 3682 secundum
768 3619 981 3698 logarithmos,
1020 3626 1055 3680 ut
1091 3618 1305 3697 superveniens
1337 3619 1414 3681 alins

65 3708 223 3790 principiis
246 3710 320 3770 meis
344 3709 487 3770 assumtis
510 3711 739 3771 commodiorem
763 3707 845 3770 illum
870 3709 987 3769 modum
1012 3707 1097 3768 novis
1121 3706 1232 3769 tabulis
1256 3709 1413 3788 exprimat.

66 3800 205 3879 Denique
229 3799 420 3877 siperiectae
435 3798 569 3862 Tabulae
586 3805 697 3872 essent,
720 3805 847 3877 possent
860 3805 961 3859 tamen
981 3796 1122 3876 impedire
1136 3795 1287 3859 Brahsaui
1303 3797 1413 3860 editio·

66 3908 146 3964 nem,
173 3887 252 3969 quia,
276 3906 342 3949 cnm
365 3886 591 3952 observationes
607 3887 717 3952 Brahei
740 3906 778 3951 ex
802 3886 933 3967 ipsomm
956 3885 1085 3947 habeam
1107 3886 1416 3962 coronariorum

65 3978 131 4041 illis
154 3976 319 4040 obstrictus
343 3994 418 4039 sum.

160 4674 324 4757 Inscripsit
346 4666 495 4750 Kepisms
526 4667 719 4742 fasciculum,
751 4665 801 4748 qui
831 4662 965 4731 continet
994 4664 1198 4748 Hipparchum
1226 4667 1412 4748 similiaque:
1480 4680 1486 4691 ‘

71 4764 390 4842 „Restitutiounm
431 4758 629 4822 Lunarium
672 4755 922 4833 adversarla“,
967 4757 1063 4837 ipsum
1104 4765 1204 4820 autem
1244 4756 1416 4838 opusculum

70 4854 301 4936 inscriptionem
322 4868 396 4931 pras
418 4867 452 4911 ss
475 4849 553 4911 tert:
618 4882 621 4886 -
