3368 5534
165 310 232 386 su
270 252 275 267 ¹
736 316 919 402 wsannaus

166 505 249 562 motu
272 496 390 560 Martis.
438 497 552 559 Verum
585 495 698 576 origine
726 503 758 560 et
783 496 924 559 methodo
952 496 1134 576 perspectis,
1166 495 1273 578 qmtus
1295 493 1459 559 Bralsesua
1479 503 1510 560 et

165 589 272 670 quibus
304 606 371 648 mea
403 585 611 649 eecentricitas
644 594 693 648 est
716 594 884 662 exstructa,
917 604 1004 669 spero
1028 586 1173 649 lectorem
1194 604 1254 648 uon
1275 587 1375 665 magis
1399 595 1509 649 motum

165 678 201 741 iri
224 676 384 739 Braheana
411 695 500 757 quam
522 676 708 738 Ptolemaiou
730 675 836 738 veteri.
882 674 927 739 At
948 693 1006 738 non
1030 675 1099 737 ideo
1125 672 1403 756 depugnatum'est
1424 674 1508 755 peni-

163 774 228 830 tus:
253 774 359 840 restat,
384 767 461 846 qnod
484 784 542 826 non
567 773 684 828 tantum
706 764 737 829 iu
760 764 912 828 veteribus
936 765 1105 828 sedetiam
1128 765 1157 826 in
1180 783 1228 826 me
1252 765 1319 846 ipso
1349 764 1507 846 requiram,

166 865 200 918 ut
229 873 320 934 supra
342 855 432 934 paulo
453 854 586 934 profiteri
610 873 776 934 coeperam.
810 854 954 934 Magnum
977 853 1096 936 quidem
1118 853 1231 936 aliquid
1254 860 1313 928 est,
1336 853 1506 916 consentin

163 945 358 1008 bisectiouem
375 943 608 1006 eccentricitatis
624 944 824 1008 Ptolemaicae
839 963 905 1007 cnm
914 943 1082 1006 variatione
1091 944 1313 1016 diametrorum,
1325 951 1360 1007 ut
1363 943 1507 1024 jurecre·

165 1035 230 1108 das,
248 1034 495 1115 acquiescendum
513 1033 544 1095 iu
566 1034 623 1095 hac
638 1033 861 1096 ecceutricitate
876 1030 974 1107 4360,
994 1018 1241 1116 repellendasqirc
1256 1032 1379 1096 fortiter
1395 1031 1423 1095 si
1436 1050 1507 1112 quas

112 1163 117 1172 -
163 1124 304 1202 ingruant
326 1123 509 1202 objectiones
528 1123 614 1184 aliae.
651 1124 695 1185 At
708 1124 803 1203 primo
823 1122 978 1185 imbecillis
994 1132 1042 1184 est
1055 1132 1087 1184 et
1102 1122 1207 1185 timida
1228 1120 1421 1200 experientia
1443 1122 1507 1183 um

164 1213 249 1275 metri
265 1213 368 1274 Lunae
391 1231 544 1292 apogaeae
568 1212 597 1274 in
622 1213 824 1293 speculatione
848 1212 923 1273 adeo
937 1212 1051 1284 subtili,
1072 1231 1131 1273 uon
1146 1210 1208 1274 alia
1221 1211 1341 1290 quidem
1359 1229 1405 1286 re,
1424 1228 1508 1290 quam

164 1303 230 1382 ipsa
266 1300 443 1363 solitudine:
479 1300 699 1383 optandumque
730 1303 772 1375 (si
802 1301 1000 1382 impossibilia
1026 1300 1140 1364 homiui
1162 1300 1311 1380 optanda)
1340 1308 1377 1363 ut
1399 1301 1506 1363 multas

163 1391 332 1473 hujusmodi
364 1390 546 1464 existerent,
576 1400 665 1472 atque
694 1392 738 1453 ita
769 1391 847 1453 inter
874 1392 1033 1453 multarum
1056 1390 1224 1453 errorculos
1245 1407 1301 1469 pro
1324 1397 1412 1453 ceno
1435 1388 1507 1452 sumi

163 1487 275 1560 posset,
299 1480 377 1561 quod
399 1488 446 1542 est
469 1479 605 1542 medinm.
651 1478 731 1551 Quid
755 1480 842 1545 enim.
866 1482 891 1543 si
915 1499 1008 1562 parvo
1030 1481 1131 1560 aliquo
1154 1479 1308 1541 aberravit
1329 1498 1391 1541 nou
1408 1480 1507 1543 oculus

163 1570 192 1632 in
216 1569 420 1642 aestimando,
452 1569 507 1632 sed
537 1571 625 1650 lenge
655 1579 725 1631 ante
753 1589 858 1632 manus
886 1570 916 1634 iu
939 1570 1141 1633 construenda
1162 1568 1333 1649 circinoque
1356 1568 1507 1631 metienda

163 1659 321 1722 fenestella
344 1667 375 1720 et
397 1658 500 1721 lunula
529 1675 716 1741 papyracea,
747 1677 835 1740 quam
859 1659 947 1722 facile
969 1660 1070 1740 potuit
1096 1676 1144 1721 me
1168 1659 1299 1738 effugere
1323 1659 1417 1720 tertia
1439 1676 1507 1739 pars

162 1747 291 1812 minuti?
337 1745 426 1819 Quod
448 1748 540 1810 nolim
563 1767 599 1810 eo
621 1748 715 1822 trahi,
739 1749 826 1828 quasi
848 1749 885 1810 de
908 1756 973 1811 toto
995 1749 1051 1811 hnc
1074 1748 1197 1828 negotio
1220 1746 1428 1811 concederem.
1474 1747 1505 1809 lu

161 1838 251 1900 rebus
275 1837 353 1899 enim
376 1837 514 1915 minutis,
543 1837 593 1900 ubi
616 1838 759 1901 semisses
783 1845 814 1900 et
836 1838 1018 1919 quadrantes
1037 1837 1127 1900 facile
1150 1844 1199 1900 eat
1221 1835 1448 1910 internoscere,
1471 1835 1506 1899 al)

162 1927 257 1991 unciis
282 1927 346 2007 jam
374 1925 536 1989 difficultas
568 1935 669 2008 potest
695 1927 835 2008 incipere.
892 1927 970 1991 Sunt
1001 1927 1093 2006 igitur
1120 1927 1177 1990 has
1192 1944 1292 1988 meae
1316 1926 1505 2007 copinlsein

161 2016 219 2078 hac
241 2016 409 2079 subtilitate
432 2016 544 2078 tuenda
565 2015 796 2080 timidiusculae.
835 2017 882 2080 Ex
897 2017 1025 2080 adverso
1043 2034 1115 2078 vern
1133 2014 1253 2079 validus
1269 2015 1386 2096 ingruit
1399 2015 1505 2088 hostis,

163 2125 272 2184 magua
295 2104 554 2168 verisimilitudine
576 2125 723 2188 pugnans,
746 2106 797 2188 qui
818 2107 954 2186 protecto
977 2104 1126 2168 contemni
1142 2124 1199 2167 uon
1213 2112 1326 2186 potest
1366 2101 1456 2176 Quod
1465 2104 1506 2167 sic

163 2195 266 2258 habet.
312 2194 441 2257 Veteres
463 2194 712 2277 inaequalitatem
734 2202 834 2258 motus
856 2195 960 2258 Lunae
984 2201 1197 2258 exstruxerunt
1218 2211 1256 2255 ex
1276 2193 1352 2255 solis
1385 2193 1506 2274 eclipsi·

162 2285 219 2347 bus
242 2284 356 2347 Lunae.
399 2283 514 2347 Umbra
537 2284 615 2347 enim
638 2285 770 2347 Telluris
787 2303 842 2364 pro
857 2285 1055 2348 instrumento
1073 2282 1131 2346 fuit
1144 2281 1357 2355 astronomico,
1380 2300 1506 2363 arguens

162 2373 351 2436 verissimum
378 2372 482 2435 Lunae
513 2372 613 2436 locum
642 2374 673 2436 iu
705 2372 787 2437 Solis
815 2373 972 2455 opposito?
1019 2373 1055 2436 Iu
1084 2373 1162 2435 huuc
1190 2370 1311 2435 modum
1343 2371 1506 2434 constituta

124 2456 129 2467 ’
162 2462 279 2526 ratione
302 2461 528 2543 inaequalitatis
550 2464 655 2527 Lunae
678 2463 708 2525 iu
732 2462 978 2544 oppositionibus,
1003 2482 1070 2526 cum
1092 2469 1198 2542 postea
1219 2461 1417 2524 Ptolemaeus
1437 2480 1505 2542 per·

161 2554 307 2633 penderet
338 2551 500 2614 observata
528 2552 558 2614 in
580 2551 788 2634 quadraturis,
810 2553 925 2615 invenit
946 2552 1040 2615 totius
1062 2549 1287 2632 inaequalitatis
1308 2549 1506 2614 rationem‘in

163 2640 354 2724 quadraturis
377 2641 465 2721 longe
489 2640 597 2717 aliam,
622 2642 767 2722 majorem
789 2660 895 2721 nempe
914 2641 1122 2724 aequationem
1136 2640 1307 2715 mammam,
1331 2658 1377 2703 se.
1395 2634 1505 2712 vlo,

163 2751 218 2812 pro
249 2749 306 2810 quo
327 2730 465 2792 Brahens
497 2731 661 2795 correctius
683 2731 801 2810 reponit
824 2726 863 2793 7⁰
885 2726 948 2794 281.
999 2730 1097 2811 Igitur
1125 2729 1196 2811 quia
1218 2729 1361 2810 aequatio
1385 2729 1504 2792 edoctus

164 2829 213 2883 est
235 2819 467 2883 ecoeutricitatis
491 2839 597 2895 cansa,
623 2821 747 2883 effectus
772 2838 842 2882 vero
865 2820 943 2882 alius
967 2819 997 2882 iu
1020 2818 1228 2901 quadraturis,
1256 2817 1335 2881 alins
1359 2818 1392 2880 in
1414 2835 1504 2900 oppo-

162 2909 331 2985 sitionibus,
354 2908 565 2972 concluserunt
579 2911 720 2981 artifices,
743 2916 775 2971 et
796 2927 928 2984 causam,
952 2909 982 2971 id
1003 2918 1052 2973 est
1069 2907 1334 2981 ecceutricitatem,
1358 2906 1504 2970 direrssm

163 3019 232 3062 esse
256 2999 285 3060 iu
309 2998 548 3079 oppositionibus
571 2999 609 3061 ab
633 3020 680 3074 ea,
703 3017 778 3080 quae
802 3006 851 3060 est
874 2998 904 3060 iu
927 2997 1127 3080 quadraturis.
1174 2997 1370 3061 Ptolemaeus
1389 2996 1504 3078 quidem

162 3106 284 3150 cansam
316 3093 423 3149 auctae
455 3088 644 3168 aequationis
681 3095 866 3151 commentus
910 3095 960 3150 est
988 3085 1211 3149 diminutionem
1247 3085 1402 3148 intervalli
1432 3085 1505 3147 inter

163 3177 281 3241 Lunam
309 3185 340 3238 et
369 3178 493 3239 Terram
521 3184 607 3258 parte
638 3177 765 3258 amplius
795 3177 896 3239 tertia.
948 3174 1045 3248 Quem
1076 3175 1221 3239 refutarit
1248 3173 1504 3256 Regiolnoutauus

163 3286 209 3341 eo,
233 3265 312 3348 quod
335 3265 465 3328 Lunaris
488 3266 622 3348 corporis
646 3267 791 3329 diameter
814 3286 873 3329 non
897 3267 936 3328 ad
959 3266 1035 3329 huuc
1058 3264 1209 3328 modulum
1232 3273 1397 3346 augeatur,
1426 3264 1504 3327 rein·

161 3362 266 3418 taruut
294 3364 326 3417 et
349 3354 534 3435 Copemicus
562 3363 594 3419 et
614 3357 751 3420 Brahens
781 3363 956 3437 argmuento
978 3355 1191 3437 parallaxium,
1222 3372 1300 3435 quae
1323 3363 1429 3417 mutas
1451 3372 1504 3415 uon

164 3447 239 3510 fiunt
260 3444 291 3507 iu
314 3445 513 3525 quadraturis
1191 3502 1197 3513 .

250 3532 434 3616 Cuperuinus
466 3535 558 3617 igitur
586 3533 776 3619 etjrahens
803 3533 931 3599 diversis
954 3534 1032 3597 iuter
1055 3553 1088 3597 so
1109 3531 1208 3596 modis
1231 3532 1359 3595 eandem
1388 3550 1504 3594 musam

164 3624 304 3687 dmeruut
335 3643 371 3687 eo
401 3608 640 3777 “mpfflfflw
780 3632 828 3686 est
852 3623 991 3698 dividua,
1015 3624 1158 3703 majorem
1182 3641 1250 3684 esse
1273 3620 1358 3684 orbis
1380 3620 1504 3684 Lunaris

163 3713 213 3776 hic
236 3713 518 3795 ecceutricitatem,
600 3713 735 3803 epinyclu
823 3711 892 3784 Qua
914 3713 1030 3776 ratioue‘
1053 3711 1239 3791 Cupernicus
1262 3711 1291 3801 in
1315 3709 1504 3792 quadraturis

163 3802 262 3864 effecit
281 3800 454 3864 distantiam
471 3792 582 3887 [ιῇῘῖ
594 3792 727 3887 ultimate
740 3821 773 3863 se
804 3802 1025 3865 idiametrorum
1040 3794 1135 3884 52¹1„
1159 3799 1393 3863 remotissimam
1410 3792 1503 3880 68¹1„

166 3901 328 3970 vagantem
351 3909 405 3970 per
430 3886 470 3954 16
544 3884 554 3969 '¹
836 3892 1073 3973 oppositionibus
1103 3909 1124 3973 q
1199 3899 1230 3952 et
1248 3888 1504 3968 conjunctionum

162 4000 222 4044 uon
252 3979 437 4042 humiliorem
469 3977 528 4054 55,
644 4050 653 4057 ¹,
685 3976 714 3995 ''
800 3976 900 4063 65¹1„
934 3981 1119 4059 discursuru-
1208 3977 1503 4042 semidiametrornm.

164 4069 302 4133 Brahens
327 4070 364 4131 ob
388 4088 496 4131 causas
520 4050 743 4150 supi'wistss
766 4069 906 4132 breviora
929 4070 1001 4133 iacit
1024 4060 1205 4157 sppthpni

163 4158 332 4223 humillima
353 4166 402 4219 est
425 4153 531 4240 527„
555 4155 704 4220 altissima
727 4153 807 4240 60³7,
832 4158 910 4235 alta,
934 4159 1035 4222 discur
1061 4146 1076 4161 '¹
1100 4152 1207 4245 ,ι’-ᾗ*

163 4249 244 4330 pulis
262 4266 333 4310 vero
350 4267 369 4308 a
388 4243 429 4309 55
440 4247 470 4308 iu
481 4245 524 4312 58
534 4249 633 4310 variat
647 4268 702 4310 sua
715 4248 884 4323 intervalla,
908 4250 1002 4312 multo
1016 4247 1058 4311 mi
1126 4244 1136 4257 ''
1170 4242 1174 4249 '

157 4337 305 4401 'diametri
332 4336 455 4409 Lunae,
485 4355 543 4417 qna
570 4336 600 4398 in
628 4337 791 4418 eclipsibus
820 4337 932 4413 utitur,
961 4338 1103 4418 postula¹
1154 4364 1162 4381 =

166 4427 289 4509 quadris
312 4426 429 4488 minora
451 4425 548 4489 adhuc
571 4427 679 4509 spatia,
704 4427 850 4505 nimiruum,
875 4435 910 4491 ut
927 4427 1003 4493 ,alibi
1026 4426 1142 4502 iuvem,
1173 4445 1231 4488 uon
1255 4425 1345 4506 plane
1369 4421 1390 4490 6
1413 4424 1502 4489 semi·

165 4517 328 4593 diametros
350 4514 482 4579 Telluris
506 4514 686 4607 Μ
708 4512 907 4607 paulimpium
930 4516 1017 4580 ellici.

252 4606 339 4667 Hunc
361 4606 391 4667 in
413 4605 516 4669 modu
546 4615 636 4686 4701
660 4650 666 4659 -
695 4605 885 4669 anitoasex
907 4604 1044 4688 iislquae
1069 4611 1232 4687 apparent,
1256 4602 1346 4669 Im
1365 4608 1501 4667 nasute

509 4661 709 4782 wlffino
731 4695 768 4759 do
782 4694 1007 4759 oncentrioitate
1022 4694 1087 4774 ejus
1133 4691 1256 4774 mporis.
1278 4708 1339 4779 qm
1358 4688 1500 4757 sethus

479 4748 640 4810 'im‘
1101 4703 1499 4867 germamenus

167 4781 197 4843 iu
220 4782 429 4865 quadraturis,
461 4805 488 4848 sn
508 4796 530 4835 ἕ
616 4807 634 4839 a
649 4801 652 4834 t
669 4803 719 4846 ea
748 4780 884 4865 apsidum
913 4783 1100 4848 coincidatc
