3374 5528
578 321 640 375 Pars
658 322 748 375 Pitana.
787 319 870 389 dapne
885 320 932 374 1v.
1061 399 1063 403 .
1371 314 1434 388 193

78 506 114 562 ut
135 519 203 562 cum
227 499 351 580 planete
371 507 476 581 partes
499 499 625 583 epicycli
640 499 796 561 inferiores
811 506 963 582 peragrat,
987 507 1089 563 centro
1107 499 1232 583 epicycli
1247 505 1387 562 versante
1398 498 1434 562 'in
1471 524 1473 530 ·

79 589 219 670 opposito
234 587 326 659 Solis,
351 589 565 669 compositione
590 599 720 651 motuum
740 609 771 651 re
796 609 867 651 vera
886 591 926 651 sit
940 591 1142 670 retrogradus.
1181 591 1228 651 Ita
1241 590 1434 652 Ptolemaeus

78 677 261 740 sententiam
272 696 356 739 suam
372 679 502 741 numeris
518 688 548 741 et
559 679 741 759 geometriae
753 680 969 748 accomodavit,
990 680 1217 740 admirationem
1232 698 1289 740 non
1300 678 1432 741 sustulit.

78 768 188 830 Adhuc
212 767 290 829 enim
309 788 402 829 causa
418 768 579 849 quaeritur,
604 787 678 848 quae
696 788 799 830 omnes
813 769 1000 848 planetarum
1021 768 1169 851 epicyclos
1184 767 1248 830 Soli
1266 775 1436 842 connectat,

78 866 111 919 ut
134 856 155 918 ii
180 876 298 937 semper
321 856 351 919 in
374 876 537 938 congressu
560 857 656 919 centri
679 858 725 919 sui
750 876 814 918 eum
838 857 910 919 Sole
932 858 1086 936 periodum
1110 877 1195 919 suam
1218 857 1388 919 absolvant.

169 944 408 1025 Cepernicus
448 966 514 1008 cum
546 946 762 1027 antiquissimis
795 947 993 1028 Pythagoreis
1024 954 1055 1007 et
1077 946 1272 1021 Aristarcho,
1308 965 1432 1027 cumque

79 1036 189 1098 iisdem
217 1053 277 1096 una
305 1054 379 1115 ego
411 1055 554 1116 negamus
585 1036 662 1096 hanc
693 1036 853 1096 secundam
877 1035 1122 1117 inaequalitatem
1146 1035 1175 1096 in
1199 1034 1264 1117 ipso
1289 1035 1433 1115 planetae

78 1132 163 1186 motu
186 1123 308 1204 proprio
331 1123 441 1197 inesse,
466 1126 520 1185 sed
543 1124 638 1186 videri
663 1132 788 1198 tantum,
815 1125 951 1186 accidere
967 1144 1038 1186 vero
1063 1144 1162 1186 annua
1185 1123 1343 1207 gyratione
1359 1123 1432 1184 Tel-

80 1214 155 1277 luris
179 1212 260 1274 circa
283 1211 386 1275 Solem
410 1214 601 1276 immobilem.
648 1214 765 1294 Itaque,
791 1214 1039 1295 quemadmodum
1064 1232 1119 1294 cap
1143 1214 1165 1274 l.
1190 1222 1289 1274 motus
1310 1212 1433 1275 diurnus

80 1324 100 1363 a
132 1301 262 1364 motibus
292 1301 481 1381 planetarum
506 1302 634 1384 propriis
659 1303 715 1364 fuit
738 1313 913 1383 separatus,
938 1303 981 1365 sic
1000 1304 1066 1384 jam
1089 1303 1221 1365 secunda
1242 1302 1432 1381 planetarum

78 1391 282 1472 inaequalitas
306 1391 409 1453 itidem
434 1393 572 1472 aprima
602 1401 760 1471 separatur
783 1413 802 1454 a
822 1389 987 1472 Cepernico
1013 1402 1044 1453 et
1068 1392 1186 1472 quidem
1212 1392 1316 1479 eodem
1331 1391 1430 1452 modo.

77 1482 157 1543 Nam
185 1480 313 1560 primum
343 1490 456 1542 motum
487 1481 538 1542 alii
574 1482 703 1543 artifices
733 1481 930 1543 adventitium
960 1480 1080 1562 'quidem
1108 1482 1139 1541 in
1162 1480 1292 1561 planetis
1317 1498 1445 1560 agnos,

77 1577 164 1645 cunt,
195 1570 248 1630 sed
279 1576 380 1631 tamen
406 1570 548 1645 credunt,
574 1571 657 1632 illum
681 1590 712 1632 re
746 1590 819 1632 vera
841 1570 972 1652 planetis
997 1571 1096 1632 inesse
1112 1579 1152 1647 ‚et
1180 1568 1281 1631 inferri
1309 1569 1369 1642 sic,
1397 1576 1433 1633 ut

78 1659 185 1720 eodem
209 1666 239 1719 et
261 1659 402 1738 planetae
426 1660 583 1721 vehantur.
633 1658 816 1740 Coperuicus
840 1680 934 1741 neque
959 1660 1057 1722 inesse
1081 1678 1135 1740 per
1158 1678 1305 1739 seneque
1327 1657 1431 1720 inferri

79 1747 221 1810 concedit
245 1748 441 1825 extrinsecus,
467 1749 520 1810 sed
545 1748 647 1830 affingi
672 1748 789 1810 tan'tum
813 1749 872 1811 illis
895 1769 949 1830 per
973 1749 1124 1810 fallaciam
1149 1748 1246 1810 visus:
1273 1747 1432 1810 dumenim

79 1839 176 1898 Terra
200 1837 339 1898 volvatur
363 1857 453 1917 super
476 1858 532 1899 axe
557 1858 610 1900 suo
636 1839 673 1899 ab
697 1858 806 1900 occasu
830 1839 859 1899 in
885 1847 990 1913 ortum,
1016 1839 1093 1900 visui
1113 1846 1215 1898 nostro
1230 1836 1324 1898 videri
1343 1856 1431 1900 mun-

79 1929 149 1988 dum
174 1926 319 2005 reliquum
342 1927 424 1988 volvi
448 1928 486 1988 ab
511 1937 577 1988 ortu
601 1928 628 1988 in
655 1947 803 1990 occasum.
838 1928 963 2002 Eodem,
988 1927 1118 2008 inquam,
1144 1927 1230 1987 modo
1247 1924 1431 2007 Oopemicus

79 2014 211 2088 asserit,
235 2015 377 2095 planetas
400 2036 459 2078 non
484 2036 514 2078 re
534 2036 607 2078 vera
630 2017 691 2078 fieri
716 2018 913 2079 stationarios
937 2026 969 2077 et
993 2016 1198 2096 retrogrados,
1237 2015 1291 2075 sed
1314 2014 1428 2077 videri:

79 2106 176 2165 Terra
203 2105 283 2164 enim
315 2105 375 2167 alio
406 2105 528 2185 insuper
560 2116 591 2167 et
624 2126 658 2167 eo
688 2127 784 2167 annuo
814 2114 896 2168 motu
926 2107 953 2166 in
983 2106 1092 2167 circulo
1117 2103 1301 2184 amplissimo
1326 2105 1431 2184 (quem

80 2193 186 2257 orbem
210 2212 351 2272 magnum
367 2196 516 2275 appellat)
537 2196 697 2269 translata,
719 2215 780 2269 eos;
802 2197 850 2274 qui
861 2197 985 2256 Terram
1001 2194 1126 2256 credunt
1136 2195 1297 2273 quiescere,
1323 2201 1430 2273 putare

79 2283 222 2362 planetas
246 2291 278 2342 et
302 2280 405 2345 Solem
429 2285 458 2347 in
483 2284 663 2346 contrarium
687 2284 853 2353 transferri,
878 2291 909 2346 et
932 2283 1003 2346 Sole
1027 2284 1106 2345 inter
1120 2285 1244 2345 Terraru
1267 2290 1298 2344 et
1320 2283 1430 2362 plane-

79 2384 142 2432 tam
171 2371 287 2450 posito,
323 2374 458 2452 componi
491 2373 521 2434 iu
550 2373 664 2435 visione
689 2384 787 2435 motus
811 2375 921 2436 Terrae
946 2381 977 2434 et
999 2374 1153 2452 planetae,
1191 2373 1267 2432 unde
1292 2371 1430 2457 videatur

79 2462 205 2539 planeta
236 2461 340 2534 velox,
369 2463 465 2524 Terra
496 2482 567 2523 vero
595 2464 673 2525 inter
697 2463 797 2525 Solem
823 2472 853 2524 et
877 2464 1030 2543 planetam
1053 2463 1162 2540 posita,
1187 2460 1280 2523 videri
1304 2460 1430 2544 relinqui

79 2551 235 2629 planetam
258 2557 291 2610 et
314 2548 359 2613 sic
382 2553 580 2624 retrocedere,
607 2573 641 2613 eo
659 2553 736 2632 quod
761 2553 854 2612 Terra
878 2551 1009 2614 velocior
1032 2552 1073 2613 sit
1095 2552 1227 2630 planeta.

170 2638 297 2719 Tycbo
326 2641 449 2702 Brahe
481 2641 577 2703 simile
610 2641 677 2721 quid
712 2640 804 2703 habet
836 2661 903 2702 cum
926 2642 1061 2715 Latinis,
1094 2661 1151 2701 non
1176 2640 1279 2702 Solem
1311 2639 1429 2719 quidem

80 2727 237 2788 attrahere
261 2728 403 2808 planetas
425 2749 479 2810 per
503 2739 676 2810 aspectum,
710 2731 763 2791 sed
787 2731 928 2809 planetas
953 2730 1068 2791 adulari
1092 2728 1174 2790 Soli:
1200 2730 1254 2790 niti
1278 2728 1369 2799 euim,
1394 2736 1430 2789 ut
1481 2727 1486 2737 ’

82 2817 165 2877 illmu
190 2819 341 2896 (querulis
367 2821 501 2892 euntem)
525 2820 555 2881 in
579 2820 675 2880 medio
700 2821 762 2880 fere
787 2840 907 2881 suarum
931 2818 1136 2881 circuitionum
1161 2819 1320 2891 retineant,
1344 2816 1429 2897 ipsos

79 2925 150 2966 vero
183 2906 342 2984 genuinam
380 2909 460 2969 viam
490 2909 570 2969 circa
593 2907 696 2970 Solem
727 2909 828 2989 (qnasi
861 2918 944 2970 esset
966 2908 1141 2980 immobilis)
1166 2907 1313 2968 ordinare.
1360 2903 1429 2977 Qua

78 2995 197 3057 ratione
222 2994 348 3075 quilibet
369 2998 493 3074 planeta
516 2999 546 3058 iu
569 3017 643 3059 aura
658 2998 802 3059 aetherea
819 3006 942 3077 praeter
959 2997 1037 3058 viam
1053 2997 1203 3077 propriam
1222 2997 1319 3077 ipsam
1335 2994 1428 3057 etiarn

79 3082 161 3145 Solis
196 3084 276 3144 viam
304 3086 438 3161 conficit,
471 3087 657 3168 efficiturque
687 3107 724 3148 ex
755 3094 837 3149 motu
865 3097 990 3168 utroque
1024 3085 1208 3166 compositus
1237 3086 1275 3147 ad
1298 3101 1428 3164 unguem

79 3173 161 3233 idem
196 3173 244 3252 qui
270 3175 348 3254 apud
363 3175 569 3238 Ptolemaeum
596 3176 732 3257 (spiselis
747 3181 879 3257 nempe),
903 3186 937 3237 ut
960 3195 1026 3257 cap.
1051 3177 1075 3237 I.
1093 3176 1215 3236 dictum.
1261 3173 1303 3235 Et
1326 3180 1429 3234 astro-

79 3262 197 3323 nomice
221 3262 415 3326 Ptolemaeus
444 3265 595 3346 epicyclos
626 3268 654 3327 in
679 3265 855 3329 eccentricis
874 3265 1000 3341 statuit,
1030 3266 1166 3328 Brahcus
1191 3263 1374 3326 eccentricos
1397 3261 1427 3324 in

81 3350 217 3433 epicyclo
242 3371 314 3427 uno,
339 3353 389 3434 qui
413 3363 461 3414 est
485 3354 548 3433 ipse
573 3355 654 3416 Solis
678 3354 768 3416 orbis.

169 3439 238 3519 Ego
266 3441 295 3502 in
327 3442 521 3523 sequentibus
551 3445 857 3506 demonstrationibus
894 3462 997 3505 omncs
1030 3452 1093 3504 tres
1127 3450 1280 3505 auctorum
1314 3441 1428 3502 formas

79 3530 268 3609 conjungam.
315 3531 393 3593 Nam
417 3543 448 3594 et
463 3534 575 3615 Tycho‚
601 3554 646 3595 me
671 3534 726 3594 hoc
752 3533 926 3614 quandoque
942 3532 1098 3607 suadente,
1118 3534 1149 3594 id
1168 3552 1200 3594 se
1220 3531 1297 3593 ultro
1317 3529 1365 3591 vel
1380 3547 1428 3590 me

81 3627 204 3680 tacente
229 3621 376 3683 facturum
401 3623 492 3683 fuisse
516 3624 671 3702 respoudit
695 3623 891 3703 (fecissetque
915 3622 941 3682 si
966 3621 1213 3702 supervixisset),
1243 3627 1275 3682 et
1296 3618 1427 3681 moriens

79 3732 96 3768 a
119 3728 178 3782 me,
205 3728 293 3788 quem
317 3710 345 3771 iu
362 3709 520 3792 (lopernici
544 3713 696 3775 sententia
719 3732 786 3774 esse
812 3712 938 3782 sciebat,
961 3712 1060 3791 petiit,
1085 3712 1129 3773 nti
1147 3711 1175 3772 in
1191 3730 1246 3773 sua
1266 3706 1428 3791 hypothesi

78 3799 180 3860 omnia
204 3799 451 3864 demonstrarem.
470 3796 511 3873 ³¹)

166 3888 262 3950 Porro
287 3888 376 3952 trium
399 3891 503 3952 harum
528 3893 689 3973 formarum
710 3889 962 3971 perfectissimam
982 3889 1246 3969 aequipollentiam
1265 3885 1429 3967 geometri-

76 3997 141 4038 cam
165 3983 198 4038 et
216 3978 283 4057 jam
304 3979 411 4041 statim
435 3990 467 4042 et
489 3999 542 4060 per
566 3990 662 4042 totum
674 3979 791 4054 librum,
809 3981 889 4042 aliud
909 3980 980 4041 licet
994 3989 1129 4056 agentes,
1145 3975 1427 4039 demonstrabimus.

76 4069 107 4129 lu
131 4084 280 4146 praeseus
299 4070 537 4151 persequendum
559 4079 607 4131 est
625 4069 794 4131 institutum
810 4079 842 4130 et
856 4069 1129 4144 demonstrandum,
1155 4068 1272 4129 omniuo
1288 4083 1428 4144 magnum

75 4153 188 4237 aliquid
209 4154 242 4219 iu
260 4154 395 4223 memte
414 4158 629 4242 inaequalitate
648 4160 776 4242 peccari,
805 4160 830 4220 si
854 4179 906 4239 pro
928 4157 1084 4239 apparenti
1109 4166 1190 4220 motu
1210 4157 1291 4219 Solis
1313 4153 1428 4216 medius

75 4252 236 4327 susceptu·
258 4244 363 4325 inerit,
393 4266 460 4311 oum
482 4270 538 4331 quo
557 4251 681 4330 planeta
704 4249 732 4309 in
750 4250 894 4329 principio
918 4248 1004 4328 hujus
1030 4247 1177 4308 secundae
1202 4244 1427 4327 inaequalitatis

75 4340 254 4416 opponatur.

161 4424 314 4511 Incipiam
335 4446 357 4491 ι
378 4423 635 4510 Cepernicana
658 4428 818 4489 sententia.
869 4427 982 4491 Certae
1003 4428 1023 4504 β
1050 4427 1207 4489 scribatur
1239 4425 1428 4490 eccerttricua

63 4519 200 4582 uer-raa
219 4538 278 4597 γυ,
300 4514 425 4600 qudem
449 4518 642 4600 Oopmim
657 4516 839 4580 Ptolemaeo
855 4518 962 4600 siderea
984 4523 1030 4579 est
1051 4516 1253 4596 imaginatas,
1275 4522 1312 4579 ut
1333 4515 1368 4577 iu
1390 4533 1426 4575 eo

74 4610 115 4671 at
135 4604 284 4695 yffi-*linco
308 4607 472 4689 apsidum,
498 4631 513 4670 κ
536 4607 623 4670 locus
647 4606 733 4669 Solia
759 4605 929 4670 immobilia
950 4613 981 4670 ct
1002 4608 1022 4683 β
1041 4613 1193 4688 punctum
1221 4601 1427 4687 aequalitatis

75 4694 361 4769 metiti-Telluris.
415 4700 569 4762 Docotm
592 4718 654 4779 per
684 4699 703 4773 β
732 4698 797 4779 ipsi
825 4697 864 4775 βγ
893 4692 1170 4780 perpendicularis
1198 4692 1285 4770 νβσ,
1313 4710 1426 4755 ucoca

75 4788 366 4872 circumferentiam
386 4789 422 4852 io
439 4788 567 4871 ponetis
590 4811 617 4862 o,
642 4805 680 4860 σ;
704 4794 732 4849 et
754 4794 977 4850 connectentur
999 4809 1028 4860 c,
1050 4807 1070 4845 o
1092 4803 1163 4844 cum
1185 4805 1209 4842 κ.
1423 4812 1427 4819 -

165 4874 353 4958 Copernicus
382 4876 483 4958 igitur,
506 4876 708 4940 Ptolemaicos
742 4895 879 4939 numeros
903 4877 932 4938 in
957 4894 1042 4938 suam
1066 4872 1190 4934 formam
1223 4868 1423 4956 hypotheseos

129 4983 216 5035 ιηιοιι
231 4982 307 5033 oport.
329 4983 364 5024 ιιι.
1178 4975 1210 5030 13
