3368 5534
568 324 599 378 a·
618 323 806 379 moe-uu
824 326 856 379 ss
873 317 941 378 nou
958 328 1047 380 reu„
1064 328 1161 379 reuss
1474 326 1537 396 115

173 522 245 567 curn
271 502 326 578 sit,
350 502 480 585 ideoque
502 504 596 566 etiam
620 505 803 578 cavendum,
834 524 871 567 ne
895 505 924 567 in
949 506 1001 566 FE
1024 524 1211 568 numeremus
1241 516 1375 587 tempus,
1407 525 1481 569 sane
1504 515 1549 571 et*

173 594 233 655 hoc
258 599 350 655 esset
370 592 554 656 contrarium
577 592 743 655 verissimis
767 603 898 656 motuum
922 595 1031 657 causis.
1078 594 1161 676 Ergo
1189 597 1307 676 quando
1339 595 1465 677 planeta
1487 606 1537 659 est

173 682 206 745 in
229 679 275 758 O,
297 689 373 745 tons
396 700 453 763 ego
478 681 567 743 ex'D
590 701 692 745 verum
716 683 782 763 ejus
810 683 906 745 locum
939 703 1124 764 nequaquam
1156 684 1322 764 investigo;
1352 685 1453 763 itaque
1477 704 1536 747 non

174 770 387 833 moussrium
418 771 516 850 petis,
548 779 582 832 nt
608 771 664 833 hoc
693 780 724 833 te
755 773 889 833 doceam.
941 772 1072 834 Rursum
1104 781 1136 834 tu
1166 774 1256 848 dicis,
1285 773 1337 836 FE
1369 771 1535 852 simplicem

178 854 325 935 (voluisti
349 858 449 922 dicere
476 859 656 934 „mediam“,
680 880 768 940 quam
793 859 902 924 Graeci
928 858 1129 940 dpalomrgcre
1152 870 1275 934 vocant,
1304 862 1433 943 simplex
1456 861 1536 925 enim

178 957 283 1012 motus
305 949 337 1011 iu
360 947 531 1012 Prntenicis
553 948 605 1011 ille
629 947 750 1023 dicitur,
775 950 824 1030 qui
848 959 896 1012 est
919 972 937 1011 a
959 951 1054 1030 prima
1076 950 1121 1027 Υ,
1150 952 1197 1013 cui
1230 952 1349 1013 ablatus
1373 960 1422 1012 est
1443 947 1559 1030 prae-T

176 1037 330 1101 sessionis
348 1038 474 1113 motus),
498 1037 574 1100 dicis
594 1036 685 1119 igitur
699 1038 753 1101 Fla
775 1039 904 1101 mediam
928 1050 959 1101 et
982 1041 1019 1101 ad
1044 1060 1111 1102 eam
1135 1041 1344 1105 accommodas
1365 1040 1418 1103 ΕΙ)
1441 1049 1534 1114 recte,

181 1127 235 1190 sed
260 1126 344 1189 hanc
366 1134 401 1191 tn
422 1126 553 1190 mediam
577 1127 660 1200 dicis,
686 1137 760 1206 puta
783 1130 967 1210 quantitate,
992 1139 1023 1188 et
1045 1140 1135 1210 putas
1160 1149 1226 1190 esse
1250 1131 1341 1199 hanc,
1366 1148 1454 1209 quam
1478 1148 1535 1209 ego

181 1216 248 1279 dico
273 1216 420 1291 οιιιειιιῐὶ,
444 1216 528 1297 eujus
550 1216 636 1279 Dar
659 1227 836 1298 coaequata.
882 1219 917 1281 In
948 1217 995 1279 his
1025 1218 1225 1281 contunderis.
1273 1218 1423 1297 Repetam
1446 1218 1535 1292 enim,

181 1304 258 1387 quod
284 1324 325 1366 ex
349 1304 551 1386 superioribus
575 1305 639 1387 ipse
663 1307 824 1385 potuisses.
871 1306 954 1368 Data
984 1308 1134 1370 anomalia
1162 1308 1292 1369 eccentri
1321 1307 1445 1386 elliptici
1467 1307 1533 1383 I'D,

181 1395 265 1475 cujas
288 1412 402 1456 nornen
425 1403 474 1456 est
496 1392 599 1457 in'FE
622 1413 694 1456 arcu
717 1396 828 1464 circuli,
853 1397 910 1459 erit
933 1416 1005 1457 area
1022 1397 1106 1458 EAF
1119 1416 1260 1458 mensura
1275 1396 1443 1457 anomaliae
1466 1416 1532 1457 me-

181 1483 245 1544 diae
278 1493 314 1544 et
347 1484 475 1563 angulus
497 1482 584 1546 DAF
610 1482 668 1545 erit
695 1494 871 1564 coaequata.
916 1486 1030 1546 Datum
1053 1504 1124 1564 ergo
1157 1496 1285 1564 tempus,
1315 1484 1470 1546 redactum
1502 1486 1533 1546 iu

181 1571 362 1634 anomaliarn
393 1571 539 1646 mediam,
573 1575 776 1653 quaerendum
810 1583 858 1636 est
885 1573 913 1634 in
943 1594 1014 1636 area
1045 1575 1171 1655 perlecti
1200 1573 1321 1635 circuli:
1355 1573 1434 1653 quod
1462 1574 1533 1652 quia

182 1660 364 1742 geometriae
387 1661 506 1744 nequit,
536 1661 715 1726 tabulariter
742 1663 833 1741 igitur
861 1663 1040 1726 iaciendum.
1086 1665 1165 1725 Nam
1200 1663 1321 1724 tabulae
1346 1662 1434 1723 facile
1458 1681 1532 1722 con-

183 1757 337 1813 struuntur
358 1750 399 1812 ad
422 1750 557 1829 singulos
580 1750 692 1830 gradus
716 1752 884 1814 anomaliae
908 1753 1039 1814 eccentri
1063 1751 1114 1814 FB
1139 1752 1202 1825 (vel
1226 1752 1305 1825 FD).
1352 1750 1433 1828 Ergo
1457 1751 1530 1813 dato

182 1846 314 1920 ternpore
340 1858 396 1901 sen
418 1839 567 1901 anomalia
589 1841 697 1916 media,
723 1841 749 1902 si
773 1841 894 1903 tabulae
924 1842 1023 1903 iactae
1047 1860 1104 1902 non
1130 1849 1213 1914 suut,
1243 1839 1460 1918 conjiciendum
1484 1847 1534 1901 est

184 1928 213 1989 ds
235 1946 313 1989 nau
327 1927 392 2001 Fa,
415 1928 502 2008 cujus
523 1928 607 1990 sinus
629 1926 684 1991 Ec
700 1930 917 2011 multiplicatus
940 1930 969 1992 in
984 1932 1116 1992 valorem
1140 1929 1281 2008 trianguli
1305 1929 1427 1989 maximi
1441 1927 1532 1991 BGA

183 2017 309 2097 abjectis
333 2016 447 2080 ultimis
471 2017 606 2080 ostendit
634 2019 765 2081 valorem
788 2024 824 2088 Δ
847 2019 947 2091 ΒΕΑ,
976 2039 1033 2099 quo
1062 2019 1182 2082 excedit
1212 2018 1331 2097 planum
1355 2016 1439 2080 ΓΑΕ
1461 2036 1532 2078 sec-

182 2116 271 2169 ιιιιιιιι
301 2105 397 2169 FBE.
447 2106 558 2185 Igitur,
589 2107 659 2188 quia
690 2118 792 2170 sector
820 2107 899 2170 ΓΒΕ
927 2118 959 2169 et
985 2128 1072 2170 arcus
1101 2107 1153 2169 FE
1182 2107 1386 2186 exprimuntur
1413 2106 1442 2166 in
1474 2106 1531 2168 heo

180 2195 351 2276 minatis
373 2194 513 2257 numeris
533 2194 657 2270 iisdem,
686 2197 808 2259 additur
831 2216 901 2274 ergo
926 2199 973 2258 hic
996 2198 1136 2259 inventus
1166 2196 1251 2257 valor
1278 2194 1421 2274 trianguli
1443 2193 1531 2257 ΒΕΑ

180 2284 212 2347 sd
231 2276 290 2347 FB
314 2302 427 2346 arcum·
443 2282 515 2356 (hoc
537 2293 587 2347 est
609 2285 648 2346 ad
671 2295 818 2348 sectorem
834 2287 857 2347 F
858 2285 938 2361 BE),
963 2296 997 2348 ut
1019 2286 1168 2347 habeatur
1192 2304 1264 2346 areu
1286 2282 1378 2357 ΒΑΕ,
1403 2303 1479 2363 quae
1503 2284 1531 2346 si

178 2383 287 2456 aequat
308 2373 416 2434 datam
441 2376 511 2451 (per
533 2376 666 2453 tempus)
683 2375 870 2441 -anomaliam
903 2384 1113 2455 coaequatam,
1148 2384 1218 2435 tunc
1242 2373 1318 2434 bene
1346 2372 1529 2452 conjecimus

177 2461 223 2523 m
248 2462 387 2524 eccentri
405 2461 596 2526 anomaliam.
635 2463 732 2544 Igitur
754 2465 877 2525 inventa
891 2465 1021 2525 eoceotri
1037 2463 1187 2525 anomalia
1202 2463 1255 2523 FD
1270 2462 1318 2522 vel
1333 2461 1396 2540 ejus
1412 2461 1529 2522 nomine

176 2551 232 2621 rs,
251 2551 322 2632 jam
347 2551 464 2613 duabus
487 2551 544 2612 viis
567 2554 740 2633 pervenitur
763 2553 801 2613 ad
825 2554 921 2627 linem,
946 2554 995 2614 vel
1013 2572 1067 2634 per
1080 2553 1147 2624 ΕΙ),
1172 2570 1248 2634 quae
1273 2551 1401 2612 habetur
1423 2550 1529 2611 multi·

174 2639 285 2719 plicato
307 2637 365 2702 Ec
388 2639 419 2701 in
444 2639 633 2703 latitudinem
666 2643 784 2704 lunulae
807 2637 882 2717 432,
908 2643 957 2703 vel
980 2643 1084 2703 melius
1117 2659 1169 2720 per
1191 2641 1272 2714 DA,
1296 2658 1373 2719 quae
1401 2639 1530 2701 habetur

173 2728 376 2809 antdpticato
391 2726 446 2791 OB
470 2728 536 2790 sinu
559 2731 768 2811 complementi
782 2730 836 2792 EF
853 2731 884 2791 in
898 2730 956 2792 BA
979 2730 1247 2803 eccentricitatem,
1272 2738 1304 2789 et
1328 2728 1405 2808 quod
1428 2727 1530 2806 prodit

173 2818 320 2899 (abjectis
343 2816 364 2880 5
388 2817 518 2891 ultimis)
542 2819 644 2881 additu
668 2821 707 2882 ad
731 2820 857 2882 radium.
903 2820 960 2882 lllo
984 2821 1072 2881 modo
1099 2839 1154 2899 per
1177 2817 1243 2891 DC,
1267 2816 1325 2880 CA
1348 2824 1447 2892 notas,
1472 2816 1528 2878 hoc

172 2907 261 2970 ruodo
285 2925 343 2987 per
367 2905 433 2981 DA,
456 2904 515 2977 Ac
539 2916 628 2971 oetas
651 2909 806 2989 quaeritur
827 2918 995 2988 coaequata
1016 2907 1114 2971 DAO.

258 3009 395 3084 Quaeris
417 3012 476 3084 hic,
501 3032 552 3076 cur
566 3034 668 3078 aream
688 3013 776 3079 GBA
800 3015 829 3076 in
851 3013 906 3078 Ec
930 3015 1124 3094 multiplicem
1149 3023 1180 3076 et
1203 3031 1260 3074 uon
1285 3011 1419 3076 tnnc?
1455 3010 1528 3074 Dixi

170 3121 263 3184 snpra
285 3121 423 3164 musam.
469 3101 549 3164 Nam
572 3112 604 3165 et
618 3105 707 3168 BAG
721 3105 899 3167 terminatur
922 3105 961 3165 ad
984 3104 1087 3166 circuli
1110 3123 1168 3165 non
1193 3103 1231 3164 ad
1255 3101 1371 3181 ellipsis
1395 3101 1525 3163 circum-

170 3191 342 3254 ferentiam.
388 3191 467 3253 Nam
501 3210 574 3252 area
596 3192 711 3272 ellipsis
744 3211 802 3255 nen
833 3194 956 3256 metitur
979 3194 1191 3255 distantiarum
1223 3209 1369 3252 summam
1401 3191 1431 3252 in
1456 3209 1527 3251 arcu

169 3280 307 3361 ellipsis,
338 3288 373 3342 nt
394 3298 450 3341 nec
475 3299 547 3342 area
570 3280 671 3344 circuli
695 3283 818 3345 metitur
840 3302 987 3344 summam
1010 3282 1222 3344 distantiarum
1254 3281 1284 3342 in
1308 3300 1380 3342 arcu
1412 3279 1524 3342 circuli.

168 3372 213 3433 At
234 3369 320 3432 bona
343 3367 617 3448 quadam-lortuna
639 3372 823 3452 geometrica
845 3372 894 3447 lit,
926 3379 961 3434 ut
984 3374 1057 3433 ared
1080 3371 1181 3433 circuli
1213 3369 1355 3431 metiatur
1378 3387 1525 3455 summam

168 3458 385 3521 distantiarum
416 3458 446 3519 in
479 3477 549 3520 arcu
583 3460 708 3539 ellipsis.
767 3460 861 3540 Cujus
892 3461 936 3522 rei
969 3459 1183 3540 contemplatio
1216 3458 1351 3539 proiecto
1385 3456 1461 3519 mira
1493 3465 1525 3518 et

165 3547 388 3627 jocundissima
411 3555 467 3609 est.
513 3548 617 3610 Habes
640 3568 712 3628 ergo
736 3569 857 3611 causam
882 3550 1107 3630 triplicationis,
1138 3548 1199 3610 tria
1221 3547 1300 3609 enim
1324 3554 1522 3626 quaeruntur:

171 3635 203 3711 l)
225 3636 357 3719 physica
380 3636 560 3711 retardatio,
594 3636 630 3712 2)
655 3639 802 3701 distantia
823 3639 965 3719 planetae
994 3659 1012 3699 a
1036 3638 1107 3700 Sele
1132 3637 1195 3711 (vel
1218 3635 1247 3698 D
1271 3636 1309 3698 ab
1332 3636 1389 3698 FA
1412 3642 1444 3696 et
1470 3653 1525 3716 per

170 3726 246 3791 hanc
272 3727 352 3799 illa),
376 3722 414 3800 3)
438 3725 538 3805 optica
570 3726 735 3790 imminutio
768 3748 867 3790 arcus.
914 3728 987 3789 Tria
1020 3728 1093 3790 haec
1125 3727 1168 3789 sic
1192 3725 1370 3806 suppeditat
1403 3732 1521 3788 natura.

170 3816 248 3878 Nam
281 3824 315 3877 et
337 3813 392 3876 Sol
414 3824 498 3876 rotat
528 3817 681 3895 planetam
706 3827 737 3877 et
769 3818 892 3897 planeta
924 3819 1053 3880 adnatat
1076 3818 1116 3878 ad
1139 3815 1242 3878 Solem
1273 3823 1306 3876 et
1336 3814 1438 3893 auguli
1471 3814 1524 3877 alii

169 3914 240 3968 sant
264 3904 305 3966 sd
328 3913 464 3965 centrum
488 3904 656 3980 eccentrici,
683 3907 734 3968 alii
758 3906 797 3966 ad
821 3904 932 3968 Solem.
979 3907 1074 3967 Verte
1098 3915 1128 3967 te
1152 3906 1181 3966 in
1208 3924 1309 3966 omues
1334 3903 1462 3974 lormas,
1486 3922 1524 3965 ex

167 3992 266 4057 mbos
276 4010 434 4056 nnumnon
450 3993 571 4058 efficies.
595 3992 697 4056 Etiam
706 3994 899 4058 Ptolemaeus
913 3996 1014 4075 plnres
1029 3995 1219 4075 operationes
1230 3993 1375 4073 postulat.
1399 3991 1523 4054 Miraris

167 4102 285 4147 ιιιιιιιιιι
306 4090 341 4144 ιιι
354 4080 386 4144 in
400 4081 505 4158 literis,
521 4092 717 4164 coaequatam
732 4080 824 4146 statui
837 4086 877 4145 ad
891 4093 1033 4164 punctum
1048 4085 1086 4157 D,
1101 4085 1226 4164 planeta
1242 4083 1281 4144 ibi
1297 4100 1355 4143 non
1370 4089 1522 4157 versante,

166 4174 218 4237 rso
253 4172 285 4234 io
317 4168 358 4234 Ο.
390 4170 493 4250 Nego:
512 4171 565 4257 'ibi
589 4181 758 4252 coaequata
788 4174 965 4236 terminatur
998 4174 1046 4236 nbi
1077 4184 1125 4235 est
1156 4174 1288 4253 planeta.
1336 4171 1415 4232 Nam
1439 4167 1521 4231 ino

166 4267 232 4338 (ng.
251 4266 302 4331 82)
327 4259 483 4341 planetam
515 4260 600 4340 posui
629 4281 684 4342 per
715 4263 879 4336 fictionem,
914 4281 972 4323 non
1004 4263 1149 4327 calculum
1174 4261 1329 4341 explicans
1358 4260 1411 4321 sed
1440 4258 1520 4320 aliud

165 4349 331 4432 quippiam.
368 4348 476 4430 Itaque
494 4349 554 4413 DA
577 4359 625 4412 est
648 4351 803 4425 distantia,
826 4370 882 4413 uon
908 4350 975 4426 OA,
1002 4351 1147 4433 siquidem
1171 4352 1256 4412 DAF
1279 4349 1321 4411 sit
1343 4357 1519 4429 coaequata.

254 4466 443 4518 Fabricius:
464 4465 502 4515 Ex
520 4465 614 4517 calculo
634 4466 728 4532 colligis
745 4467 845 4532 quidem
862 4469 963 4519 tandem
982 4482 1064 4520 reram
1082 4467 1312 4532 prosthaphaererin
1325 4472 1351 4515 et
1367 4463 1520 4519 distantiam,

163 4539 239 4607 ispe
255 4539 450 4590 atloslaaflone
467 4538 562 4602 pedus,
580 4552 654 4602 qnam
673 4541 835 4605 geometrice;
865 4540 973 4590 debebas
995 4542 1060 4589 enim
1083 4541 1108 4589 in
1126 4539 1207 4604 figura
1224 4538 1374 4604 geometrice
1392 4535 1439 4587 lios
1456 4535 1520 4599 quod

163 4612 272 4664 m
288 4623 336 4675 per
352 4608 433 4660 mou
451 4615 479 4661 et
495 4609 622 4674 triangula
640 4611 776 4660 osmndere.
803 4612 891 4676 Agitur
908 4611 949 4661 hic
968 4626 1016 4660 non
1033 4611 1064 4662 de
1082 4611 1165 4660 valore
1184 4624 1267 4665 areae,
1286 4607 1330 4658 ssd
1347 4607 1378 4656 de
1397 4607 1523 4656 distantiis

164 4690 191 4734 α
204 4684 281 4735 ihds
297 4681 515 4749 geometricis
534 4681 572 4730 rsl
590 4682 722 4745 optisis.

250 4779 456 4860 Keplerus:
479 4780 625 4842 Irasceris
643 4780 741 4843 valeri
764 4800 863 4853 areae,
888 4800 953 4843 cum
982 4791 1090 4861 agatur
1104 4782 1141 4842 de
1165 4779 1262 4851 lineis,
1286 4796 1376 4841 caeco
1401 4777 1520 4861 quidem

162 4872 285 4956 iurpetn
323 4868 408 4935 Nam
429 4875 463 4932 et
483 4887 557 4930 area
573 4869 789 4949 geometricum
803 4869 873 4952 qnid
896 4879 954 4931 est.
989 4868 1077 4942 Quod
1100 4888 1171 4932 vero
1186 4867 1350 4930 astronomi
1373 4865 1519 4933 hactenus

1262 4971 1307 5025 8st
