3368 5534
565 244 571 259 ι
590 327 606 365 a
623 315 731 381 Keplero
749 314 889 367 emmim.
1347 315 1408 380 711

64 493 151 557 illam
179 492 317 554 incedere
344 492 460 571 lingas:
492 492 584 554 toties
612 493 778 555 intenditur
803 501 904 555 motus
934 492 999 571 ejns
1027 492 1177 555 celeritas.
1222 493 1327 575 Itaque
1350 493 1411 556 vim

66 580 215 662 quandam
237 580 376 643 movendi
400 580 515 643 obtinet
537 589 653 643 tractus
676 582 737 643 ille.
785 579 873 652 Quod
900 582 1006 643 mirum
1034 600 1102 643 esse
1126 581 1245 643 minime
1268 582 1358 644 debet
1380 585 1431 645 in.

66 670 241 749 corporibus
265 670 455 745 coelestibus,
480 690 556 752 quae
579 690 637 732 non
654 679 778 733 externa
793 671 822 731 vi
840 671 982 746 vectium,
1006 679 1159 733 ventorum
1184 679 1411 752 antequanm,

67 760 122 821 aad
155 759 273 823 nutibus
305 758 592 839 perfectissimarum
621 760 764 822 mentium
792 767 823 821 et
852 759 1035 839 geometriae
1066 760 1279 840 imaginatione
1311 761 1414 841 topica

51 849 192 911 cientur.
238 848 291 911 Sic
318 848 410 927 igitur
436 849 532 911 habe:
566 849 624 910 nisi
655 849 770 910 inesset
799 849 828 909 in
859 844 911 910 illo
941 856 1041 910 tractu
1069 849 1116 910 vis
1145 849 1221 910 haec
1244 849 1414 911 adventitia

66 938 259 1018 promovendi
282 940 390 1018 corpus
413 938 535 1012 Lunae,
566 946 682 998 tantum
711 938 842 999 futurum
865 939 928 1017 ejus
951 945 1062 999 motum
1092 937 1239 1012 medium,
1271 945 1413 1019 quantum

68 1045 138 1088 esse
161 1026 240 1089 solet
262 1025 293 1087 in
316 1027 506 1107 quadraturis
531 1027 655 1099 (ceteris
677 1027 836 1105 paribus):
866 1027 968 1107 plnres
991 1046 1062 1088 vero
1086 1028 1116 1089 in
1139 1047 1198 1089 una
1220 1027 1413 1090 restitutione

67 1115 159 1178 horas
183 1115 260 1189 fore,
292 1134 379 1196 qnam
407 1117 472 1194 jam
501 1115 625 1178 obtinet.
672 1117 717 1178 At
739 1115 890 1195 quiajam
914 1116 1031 1177 accedit
1053 1115 1107 1177 illa
1134 1116 1226 1178 motio
1250 1126 1416 1192 menstrua,

67 1204 171 1283 colligi
192 1204 276 1266 illam
298 1223 424 1267 necesse
448 1213 495 1266 est
519 1213 550 1266 et
571 1205 687 1267 intendi
710 1204 794 1266 initio
814 1204 912 1278 tarde,
938 1224 1004 1266 cum
1018 1205 1105 1267 Luna
1120 1205 1414 1287 circ-aquadraturas

64 1293 209 1355 brevibus
230 1294 371 1374 passibus
393 1294 432 1355 ad
456 1293 564 1356 lineam
581 1292 641 1356 ΑΚ
660 1295 897 1374 appropinquat;
920 1293 970 1356 uhi
991 1294 1125 1375 proxime
1148 1295 1275 1369 venerit,
1299 1295 1416 1375 majora

65 1382 155 1462 hujus
178 1382 363 1445 incitationis
386 1383 571 1445 incrementa
594 1390 679 1456 sunt,
710 1382 789 1463 qnod
810 1382 937 1444 Lunae
966 1383 1079 1445 directo
1102 1383 1134 1444 in
1157 1383 1267 1446 lineam
1290 1384 1414 1453 involet,

66 1491 127 1533 non
150 1478 185 1533 ιιι
205 1471 289 1551 prius
313 1491 351 1533 ex
380 1471 509 1552 obliquo.
555 1473 701 1551 Adeoque
730 1489 807 1552 qnae
839 1481 888 1534 est
919 1473 1071 1552 proportio
1104 1472 1221 1535 sinuum
1252 1472 1415 1537 distantiae

52 1560 174 1622 ¹Lunae
193 1581 213 1620 a
227 1559 302 1622 Sole
323 1561 371 1622 vel
396 1561 461 1640 ejus
484 1562 634 1640 opposito,
660 1561 733 1622 haec
757 1569 806 1621 est
826 1561 980 1641 proportio
1005 1562 1274 1647 incitamentorum.
1313 1559 1415 1632 Quare

67 1648 97 1711 si
119 1668 329 1728 usurparemus
352 1651 456 1712 Lunae
479 1658 591 1711 motum
613 1668 667 1731 pro
691 1649 797 1724 medio,
824 1659 952 1731 quantus
975 1652 1004 1712 in
1029 1651 1219 1730 quadraturis
1242 1662 1308 1712 est:
1333 1669 1415 1712 senr-

66 1757 123 1818 per
138 1738 314 1801 adderemus
331 1739 376 1801 illi
392 1736 575 1801 incitationis
595 1739 718 1819 aliquid,
741 1738 897 1801 minimum
919 1750 1020 1801 tamen
1043 1740 1073 1800 in
1097 1739 1296 1820 quadraturis,
1320 1740 1416 1822 pluri·

70 1847 150 1892 mum
173 1828 204 1889 in
228 1828 368 1910 syzygiis.
405 1830 450 1890 At
474 1829 543 1907 qnia
563 1827 733 1908 antiquitus
755 1828 833 1890 hunc
855 1847 909 1907 pro
932 1829 1031 1890 medio
1053 1837 1134 1890 motu
1157 1829 1342 1901 adhibemus,
1367 1829 1417 1909 qni

69 1916 176 1979 existit
198 1917 293 1980 diviso
316 1917 426 1979 circulo
449 1918 478 1978 in
502 1917 567 1978 dies
588 1918 672 1979 unius
693 1917 903 1992 restitutionis,
927 1918 1024 1979 ubivis
1042 1919 1095 1979 illa
1117 1918 1215 1980 altera
1237 1920 1413 1981 commisce-

70 2015 129 2080 tur,
154 2006 223 2067 hinc
246 2007 351 2068 existit
372 2015 477 2069 tantus
499 2015 608 2079 motus,
634 2015 761 2086 quantus
784 2014 833 2068 est
854 2006 964 2067 ceteris
986 2007 1106 2087 paribus
1129 2007 1227 2068 medio
1250 2008 1317 2068 loco
1340 2008 1418 2070 inter

71 2095 286 2176 quadraturam
311 2116 326 2155 e
329 2095 519 2175 t-copulam,
547 2095 597 2156 ubi
620 2096 748 2157 ethaeo
772 2096 860 2157 modo
883 2097 1035 2176 descripta
1057 2096 1237 2158 acceleratio
1258 2096 1416 2158 mediocris

18 2212 25 2223 ·
72 2194 130 2246 est.
177 2186 207 2246 le
230 2183 322 2264 igitur
345 2193 444 2246 motus
473 2183 544 2265 quia
573 2185 603 2245 in
633 2184 748 2265 copulis
776 2203 887 2263 parvus
918 2191 984 2256 est,
1016 2184 1046 2245 in
1078 2185 1267 2266 quadraturis
1297 2185 1415 2259 nimius,

73 2293 262 2354 consequens
286 2281 349 2349 est,
373 2281 407 2334 ut
429 2273 491 2335 illic
515 2281 661 2352 augeatur
683 2274 731 2334 hic
755 2274 922 2336 minuatur.
946 2274 1024 2337 unde
1048 2292 1136 2356 quam
1158 2274 1241 2353 prius
1265 2276 1416 2336 accelera-

69 2364 185 2425 tionem
213 2362 262 2424 vel
289 2362 494 2425 incitationem
527 2361 607 2436 dixi,
641 2349 818 2425 variationis
849 2380 955 2425 nomen
984 2362 1064 2443 apud
1092 2363 1262 2443 Tychcnem
1291 2364 1414 2426 obtinet.

71 2452 157 2525 Haec
180 2452 217 2512 de
240 2452 296 2513 hac
318 2450 484 2514 variatione
509 2452 607 2512 dicere
631 2451 728 2527 volui,
758 2452 868 2531 partim
891 2472 927 2513 ne
958 2452 1160 2523 circellume’
1134 2471 1199 2530 eyus
1221 2452 1339 2527 viderer
1362 2472 1417 2514 ne·
1509 2455 1511 2459 ’

72 2540 224 2622 glcxisse,
256 2540 306 2621 qni
329 2551 377 2602 est
398 2549 515 2602 tantum
539 2541 578 2601 ad
608 2559 777 2603 mensuram
805 2550 979 2622 susceptus,
1014 2562 1071 2603 non
1095 2542 1133 2602 ad
1147 2471 1256 2603 Jmotus
1280 2543 1414 2614 formam,

71 2631 185 2712 partim
206 2638 241 2690 ut
262 2626 405 2692 lectorem
424 2648 538 2690 mecum
554 2629 698 2709 paulatim
717 2630 746 2690 in
762 2630 1044 2711 contemplationem
1062 2630 1218 2711 physicam
1237 2628 1416 2692 inducerem.

72 2721 153 2782 Nam
177 2719 254 2781 idem
283 2720 371 2799 plane
402 2718 571 2799 (physicum
598 2722 719 2799 nempe)
746 2719 889 2799 judicium
917 2720 1071 2782 ferendum
1098 2720 1219 2782 tandem
1248 2721 1305 2781 erit
1327 2728 1358 2782 et
1380 2720 1417 2781 de

74 2809 133 2870 hoc
154 2809 275 2870 residuo
299 2807 430 2890 epicyclo
452 2807 519 2881 ΒΕ,
553 2824 639 2887 quem
667 2809 838 2887 parallaxes
862 2809 997 2870 Lunares
1027 2830 1046 2869 a
1068 2808 1207 2891 Tychone
1238 2810 1417 2870 observatae

74 2906 220 2977 respuunt
250 2915 305 2958 nec
332 2896 504 2976 patiuntur,
533 2897 650 2959 Lunam
677 2917 730 2978 per
760 2898 842 2959 illum
873 2897 964 2960 etiam
992 2898 1090 2959 attolli
1122 2898 1170 2958 vel
1203 2897 1335 2978 deprimi.
1382 2899 1417 2960 In

75 2987 213 3047 examine
237 2986 314 3047 eninr
337 2984 545 3065 parallarium,
570 3005 645 3066 quas
662 2987 749 3047 Luna
771 2987 801 3047 in
824 2987 1014 3066 quadraturis
1036 2994 1201 3064 pateretur,
1225 2988 1418 3049 discursitare

74 3075 281 3137 inveniebatur
303 3095 322 3135 a
346 3070 388 3137 tt
413 3074 642 3136 semidiametris
662 3077 773 3137 Terrae
796 3075 826 3136 in
850 3071 893 3137 60
916 3076 1042 3138 circiter.
1081 3075 1165 3147 Quos
1188 3076 1290 3157 Tycho
1313 3075 1417 3139 termi-

56 3184 130 3227 -nos
153 3165 313 3245 hypothesi
341 3164 474 3226 serviens
506 3162 682 3243 prorogavit
709 3184 728 3223 a
755 3161 797 3227 52
821 3164 851 3224 in
876 3161 937 3240 61,
969 3165 1047 3247 qnod
1078 3165 1141 3244 ipse
1168 3165 1200 3226 in
1227 3165 1357 3246 capitulo
1381 3166 1443 3226 de‘

27 3299 32 3317 .
74 3254 179 3317 Lunae
201 3253 408 3333 parallnxibus
433 3252 536 3313 innuit.
585 3252 715 3315 Dubium
737 3272 797 3314 non
821 3254 979 3335 est,¹qnin
1004 3253 1180 3334 simpliciter
1203 3262 1266 3316 tam
1289 3255 1318 3316 in
1343 3274 1418 3335 qua-

74 3343 206 3405 draturis
230 3362 318 3424 quam
342 3344 371 3403 in
401 3341 515 3422 copulis
545 3340 623 3402 idern
655 3341 784 3421 spatium
813 3337 833 3404 6
857 3343 977 3404 circiter
999 3343 1285 3405 semidiametrorum
1302 3345 1418 3405 Terrae

76 3452 204 3495 ascensu
227 3432 431 3511 descensuque
461 3438 602 3510 occupet,
633 3430 720 3511 idque
749 3449 802 3511 per
831 3431 1083 3494 eccentricitatem
1107 3432 1163 3494 AB
1193 3452 1245 3494 seu
1275 3433 1419 3494 latentem

77 3522 106 3583 in
132 3522 299 3584 eccentricc
322 3520 486 3601 epicyclcm
511 3527 616 3581 tantae
640 3518 865 3582 semidiametri.

116 3788 344 3870 ,Explicat-io
375 3794 412 3848 et
440 3784 977 3936 accommcdptiohtabularum
1006 3789 1367 3853 transformatarum

632 3894 650 3936 a
703 3895 743 3937 sc
776 3895 863 3938 ema.

165 4056 241 4119 'l'res
264 4053 335 4119 sunt
356 4053 543 4134 potissimum
564 4053 706 4127 tabulae;
731 4053 759 4114 in
784 4052 892 4133 prioris
910 4055 1007 4158 prima
1023 4055 1159 4118 columna
1177 4061 1320 4156 qotantnr
1341 4063 1419 4117 tem·

74 4158 162 4229 pora,
186 4145 309 4246 quihus
315 4155 386 4205 ante
409 4142 496 4205 finem
516 4142 691 4222 adscripti
683 4162 712 4204 ιιι
737 4143 869 4222 margine
897 4145 967 4227 anni
990 4152 1124 4207 centrum
1146 4129 1273 4224 epicycli
1296 4144 1419 4217 (ceteris

75 4235 269 4318 paribus)1n
291 4251 426 4314 apogaeo
458 4251 510 4294 seu
539 4241 651 4314 puncto
673 4233 704 4292 H
727 4232 817 4294 fuerit
839 4250 1002 4315 novamque
1026 4233 1180 4314 periodum
1203 4232 1294 4295 fuerit
1315 4233 1419 4316 auspi-

76 4332 188 4389 catmn.
233 4324 271 4385 In
301 4323 431 4385 secunda
461 4321 599 4384 columna
630 4328 752 4383 notatur
785 4322 867 4383 locus
897 4324 958 4386 ΑΗ
989 4323 1044 4385 sub
1077 4322 1276 4403 ecliptica,
1268 4343 1298 4384 1n
1329 4324 1421 4386 tertia

54 4414 164 4477 'locus
187 4412 268 4476 nodi.

134 4504 200 4565 ln
228 4501 376 4564 secundae
403 4500 524 4562 tabulae
553 4498 688 4577 margine
716 4497 836 4560 sinistro
870 4505 940 4559 sunt
970 4499 1082 4577 gradus
1114 4501 1224 4580 integri
1253 4500 1419 4564 anomaliae

78 4599 264 4694 coaeqpatae
287 4592 383 4653 centri
405 4588 529 4671 epicycli
553 4607 606 4649 seu
628 4585 717 4650 ΗΑΒ
743 4585 853 4672 anguli,
878 4586 915 4647 ab
934 4586 995 4649 ΑΗ
1016 4607 1109 4668 usque
1132 4589 1172 4651 ad
1187 4590 1233 4651 AI
1255 4590 1304 4652 vel
1330 4586 1417 4653 180⁰.

78 4685 115 4747 lu
137 4681 234 4761 prima
256 4681 393 4741 columna
416 4686 486 4740 sunt
507 4678 643 4755 tempora
664 4676 713 4737 his
742 4668 884 4754 gradibus
913 4677 1143 4757 respondentia,
1175 4696 1241 4739 cum
1271 4678 1420 4758 adjunctis

78 4768 255 4833 differentiis
289 4777 454 4848 temporum
487 4765 609 4828 cuilibet
641 4764 760 4844 integro
786 4765 890 4845 gradui
919 4766 1179 4846 respondentibus.
1224 4768 1260 4828 ln
1289 4767 1421 4829 secunda

80 4868 131 4925 est
150 4866 251 4925 motus
274 4857 401 4939 apogaei
423 4857 496 4932 All,
519 4854 703 4934 temporibus
726 4852 887 4934 adscriptis
911 4856 1103 4935 respondens.
1150 4856 1186 4918 ln
1208 4857 1300 4919 tertia
1321 4865 1420 4920 motus
