3368 5534
568 320 630 373 Pars
649 322 741 373 Prima.
779 321 861 389 caput
877 320 911 376 11.
1356 318 1420 390 179

61 499 184 575 motrix,
210 519 288 581 qnae
303 518 336 562 se
354 498 423 579 ipsa
437 500 507 563 sine
531 519 654 581 corpore
670 501 700 563 in
715 503 740 564 Β
760 503 948 564 concentrico
968 503 1087 582 aequali
1108 503 1214 565 virium
1227 503 1417 567 contentione

60 590 230 651 circumeat
252 591 333 651 circa
356 608 461 669 corpus
485 590 513 651 iu
539 592 584 664 A,
619 593 818 672 aequalesque
843 593 941 652 abeo
970 600 1090 655 tueatur
1113 592 1292 666 distantias;
1321 593 1419 655 altera

59 679 157 739 virtus
174 681 218 741 sit
232 679 344 759 inipso
360 677 384 740 G
401 692 523 758 corpore
539 681 689 759 planetae,
709 701 784 761 quae
800 681 944 742 virtutem
967 680 1173 762 incorpoream
1188 681 1217 743 in
1236 682 1262 744 Β
1277 681 1418 744 animad-

59 777 181 831 rertere
211 786 356 848 suamque
387 769 432 851 ad⁴
456 788 522 833 eam
552 770 805 849 propinquitatem
838 770 1000 831 aestimare
1034 779 1065 832 et
1095 771 1191 842 tueri,
1229 769 1356 850 deniqne
1386 778 1420 851 et

59 876 124 918 eam
155 857 315 919 circumire
347 857 544 936 aequabiliter
572 859 678 937 possit.
724 859 854 930 Rursum
879 859 979 937 itaque
1007 859 1082 921 haec
1111 861 1206 921 virtus
1230 859 1259 920 in
1284 859 1417 938 pluribus

59 946 271 1026 occupabitur.
319 944 380 1008 Sed
413 954 444 1006 et
473 966 526 1027 per
557 966 591 1008 se
620 948 814 1022 incredibile,
848 948 989 1010 virtutem
1022 949 1153 1029 aliquam
1184 948 1417 1011 immateriatam

59 1036 194 1098 residere
219 1035 249 1096 in
267 1054 482 1115 nonncorpore,
506 1036 617 1097 moveri
636 1037 670 1098 in
694 1038 759 1098 loco
784 1044 816 1097 et
838 1046 981 1116 ternpore,
1006 1057 1061 1099 neo
1084 1046 1185 1100 tamen
1208 1037 1320 1101 habere
1343 1039 1417 1101 sub·

56 1122 189 1205 jectum,
221 1133 255 1186 se
283 1125 381 1204 ipsam
412 1124 531 1206 inquam
565 1144 683 1196 movere
714 1126 751 1187 de
779 1126 844 1187 loco
876 1127 904 1187 in
923 1127 1045 1188 locum.
1098 1127 1200 1207 Atque
1229 1144 1285 1207 ego
1314 1127 1419 1207 horum

61 1213 263 1276 absurdarum
290 1215 474 1275 assumtione
500 1214 556 1283 hoe
585 1233 655 1292 ago,
686 1224 720 1276 ut
748 1215 868 1276 tandem
897 1214 1063 1290 obtineam,
1092 1234 1149 1287 non
1177 1233 1266 1295 posse
1294 1215 1358 1277 fleri
1386 1214 1420 1277 ut

61 1303 156 1365 ornuis
182 1313 318 1364 motuum
338 1307 430 1364 c'ausa
453 1303 531 1364 vel
524 1322 552 1364 rn
585 1322 707 1383 corpore
735 1307 875 1395 planetae
903 1304 950 1364 vel
980 1304 1088 1365 alias
1081 1310 1109 1367 n'r
1134 1305 1206 1367 orbe
1239 1305 1304 1383 eJos
1328 1295 1418 1366 inha-

63 1394 150 1466 bitet,
177 1394 320 1478 amnique
344 1400 458 1454 struem
482 1392 520 1453 ad
547 1390 657 1454 lormas
682 1404 813 1463 motuum
833 1388 914 1455 alias
939 1390 1090 1454 faciliores
1114 1394 1350 1479 persuadendas.

65 1497 68 1501 ’
147 1482 239 1543 Haec
272 1482 419 1560 explicari
449 1478 656 1556 inobsessae,-
684 1483 708 1543 si
742 1502 847 1562 nempe
876 1483 1060 1543 astronomia
1085 1483 1121 1544 de
1145 1482 1347 1543 schematibus
1370 1482 1431 1589 his'!

65 1580 206 1641 testetur,
231 1570 310 1650 quod
334 1571 392 1632 iter
414 1560 555 1650 planetae
579 1571 620 1632 sit
644 1573 714 1632 talis
737 1572 889 1652 perfectus
913 1558 1064 1635 circulus
1065 1572 1268 1645 eoeentrions;
1293 1591 1368 1653 quae
1393 1556 1431 1633 si'
1520 1588 1524 1596 ·

65 1660 127 1741 quid
152 1660 239 1721 aliud
263 1660 420 1733 invenerit,
443 1660 664 1739 speculationes
689 1680 803 1742 qnoque
827 1660 970 1743 physicae
987 1656 1196 1724 mutabuntur.
1514 1659 1521 1675 ”

147 1749 187 1810 In
212 1749 269 1810 hac
293 1749 385 1827 igitur
408 1749 617 1830 hypothesium
641 1750 873 1831 aequipollentia
896 1770 954 1811 non
974 1760 1093 1812 tantum
1115 1755 1295 1832 apparentes
1316 1742 1421 1835 anguli

66 1838 100 1899 ai
122 1841 166 1913 A,
192 1863 223 1911 a,
248 1839 336 1899 sed
328 1856 395 1916 ipsa
418 1840 509 1899 etiam
533 1839 691 1900 verissima
713 1841 901 1919 planetarum
924 1839 1032 1900 itinera
1054 1858 1225 1920 pernoram
1245 1827 1420 1919 aetheream
1495 1882 1501 1899 .
1602 1842 1606 1853 '

65 1936 187 1989 manent
211 1927 317 1989 eadem
342 1928 488 2009 utrinque
536 1925 669 1997 Qualem
688 1929 765 1989 eninr
790 1939 821 1990 et
844 1934 985 2010 quan'tnm
1010 1948 1110 1991 arcum
1142 1932 1269 2011 planeta
1298 1910 1447 1988 confloil'

64 2037 96 2079 ex
124 2014 187 2079 C
178 2037 209 2077 ra
232 2015 259 2077 E
284 2015 366 2078 circa
388 2018 527 2096 angulum
549 2015 650 2092 ΒΑΕ
680 2019 771 2081 talem
801 2027 832 2079 et
856 2027 973 2080 tantum
994 2019 1115 2081 conficit
1138 2021 1229 2082 etiam
1254 2035 1291 2078 ex
1312 2038 1328 2096 y
1350 2034 1419 2075 rna
1494 2058 1497 2065 ‚

62 2107 138 2170 mea
163 2106 339 2188 aequalem
347 2128 406 2184 yae
430 2107 580 2186 angulum
1495 2132 1498 2139 ·

648 2425 835 2436 α--ι--ιι-ι

594 2768 597 2775 ,
640 2693 760 2793 Caput
786 2653 852 2767 ΙΠ.

66 2857 119 2919 De
144 2851 396 2936 aequipollentia
423 2863 452 2918 a
479 2855 712 2936 eorupiratieae
744 2855 943 2918 diversarum
973 2845 1137 2918 siaonum'
1163 2864 1192 2920 et
1223 2809 1427 2919 chasarari-

104 2947 286 3043 qttqntt'tatt
308 2944 527 3027 hypothesium
548 2944 593 3006 ad
615 2945 843 3025 efformaudum
864 2965 961 3007 uuusn
983 2953 1013 3007 et
1030 2945 1115 3007 idem
1131 2942 1284 3043 planetae
1305 2946 1375 3008 iter.
1408 2980 1412 2989 ·
1471 3004 1475 3011 ,

149 3085 298 3166 Sequitur
321 3095 356 3148 ut
378 3086 544 3160 ostendam,
570 3086 716 3168 quomedo
740 3086 819 3149 idern
842 3086 890 3148 hio
913 3087 1054 3167 planetae
1070 3090 1178 3162 motus,
1193 3087 1229 3148 ‘in
1246 3105 1279 3149 ee
1297 3077 1423 3148 manens

64 3175 220 3255 aequalis,
251 3175 343 3238 aliam
372 3184 473 3236 tamen
505 3185 596 3254 atque
628 3176 719 3236 aliam
742 3177 874 3256 speciem
897 3195 969 3255 prae
994 3196 1027 3237 se
1052 3177 1129 3238 ferre
1152 3176 1265 3256 possit,
1289 3182 1322 3237 et
1343 3193 1420 3256 quo

65 3266 152 3333 modo
178 3265 230 3327 hic
253 3265 362 3326 ambae
387 3266 499 3326 formae
523 3263 755 3343 aequipolleant

152 3352 284 3417 cesum
298 3356 329 3417 A
343 3361 373 3417 et
387 3378 402 3435 y
415 3332 482 3426 'tria
495 3344 537 3411 5⁰.
553 3360 599 3422 51)
601 3354 800 3426 ‚interuallis
812 3373 884 3417 vero
898 3351 965 3427 AO,
984 3377 1018 3433 ys
1032 3351 1226 3434 aequalibus,
1242 3351 1424 3416 scribentes·

64 3442 181 3509 aemili
205 3442 284 3519 CD‚'
297 3440 341 3517 ιζ,
365 3444 478 3526 quibus
500 3451 638 3524 apansa·
661 3441 727 3514 CA,
745 3467 779 3522 ey
798 3465 856 3524 per
879 3451 987 3507 centra
1006 3440 1186 3524 parallelae
1208 3443 1289 3506 ad'
1274 3442 1420 3505 invicem:
1480 3451 1484 3460 ¹

65 3547 157 3620 atque
180 3534 228 3596 aa
251 3533 311 3596 baa
332 3532 524 3597 inclinentur
546 3533 659 3596 ductae
675 3554 737 3616 per
760 3541 867 3596 ceretro
889 3530 985 3606 aliae,
1000 3533 1068 3604 AB,
1087 3537 1132 3610 76,
1146 3534 1289 3613 itemque
1303 3529 1372 3605 AD,
1388 3516 1428 3607 γῒ

66 3626 176 3690 itidem
194 3620 387 3707 p.aralleiae
428 3622 598 3686 Scribatur
620 3624 719 3697 marro
739 3623 817 3685 eaB
841 3612 1001 3703 epicyelue
1022 3620 1189 3690 interuallo
1204 3621 1269 3694 ΒΒ,
1292 3619 1422 3682 &deno-
1477 3638 1480 3643 ·

65 3734 121 3798 que
142 3734 187 3783 ea
194 3646 239 3774 ΡΙ)
262 3710 429 3785 interualla
443 3709 581 3795 aequali
603 3710 674 3786 DG,
687 3721 727 3774 et
749 3709 918 3774 euocetur
937 3709 1104 3791 planeta
1090 3730 1125 3772 sn
1146 3708 1174 3770 Ε
1196 3718 1226 3772 et
1249 3707 1289 3782 G,
1312 3714 1349 3771 ut
1362 3705 1425 3771 DG

66 3805 164 3868 etAB
190 3804 258 3866 siat
273 3799 464 3907 parallelae.
501 3800 620 3862 Eidem
641 3800 804 3864 interuallo
821 3798 874 3861 ΒΕ
898 3799 1031 3882 aequale
1054 3799 1297 3875 cantitantes·
1282 3819 1318 3860 m
1335 3795 1424 3877 tinea

65 3901 113 3975 ty,
136 3891 228 3981 quod
250 3893 294 3954 sit
314 3892 369 3970 γβ,
399 3893 436 3953 ia
456 3898 569 3973 partes
599 3891 718 3972 ipsit
734 3890 930 3953 contrarias.-
960 3898 989 3951 et
1011 3895 1214 3952 connectatur
1237 3885 1266 3947 G
1290 3905 1361 3951 oum
1380 3880 1424 3961 A,

66 3983 173 4058 Casas
200 3968 233 4058 β.
287 3978 551 4064 Aequipollebunt
578 3980 678 4060 iqitar
707 3981 890 4063 hypotheses
914 3999 976 4060 per
1005 3977 1219 4061 praecissum
1248 3983 1364 4056 captet:
1395 3981 1425 4038 et

65 4073 192 4137 oculo
175 4093 214 4134 ea
237 4068 268 4131 A
289 4071 358 4147 etti
379 4070 554 4142 coratituta
579 4068 727 4150 aequales
749 4075 841 4132 aaut
855 4066 954 4140 EAG,
970 4065 1049 4145 δβζ;
1073 4064 1233 4148 aequales
1242 4067 1340 4128 mam
1354 4063 1424 4141 EA,

64 4166 111 4240 os,
134 4163 216 4224 item
240 4155 312 4233 GA,
335 4154 393 4236 ζβ;
416 4146 549 4238 darique
579 4179 674 4220 aresta
696 4157 754 4219 EG
778 4166 808 4220 et
831 4154 872 4229 ὅζ
897 4154 1053 4239 aequales.
1102 4154 1308 4219 Soribatetr
1286 4173 1363 4239 qam
1384 4175 1426 4220 ea

65 4256 97 4327 B,
114 4250 201 4327 c,1)
224 4247 388 4333 epicyolue
409 4248 524 4318 missor,
547 4246 711 4310 interuallo
730 4248 782 4314 ΒΙ,
801 4246 862 4320 ΟΒ,
879 4247 955 4308 DH:
979 4254 1007 4308 et
1030 4245 1229 4308 continuetur
1249 4243 1308 4307 AG
1332 4242 1422 4306 tan:

63 4348 231 4427 usuqroep
233 4336 366 4402 aeolidi
389 4335 450 4410 CF,
474 4336 527 4410 BI,
551 4336 628 4397 DH:
660 4345 689 4399 et
711 4335 880 4399 collocetur
908 4335 999 4396 eidem
1022 4335 1109 4400 inl,
1133 4333 1172 4407 Β,
1196 4333 1234 4394 Η.
1280 4335 1426 4397 Rursum
1548 4368 1551 4375 ,

64 4434 162 4515 ipitar·
182 4450 245 4511 per
267 4447 338 4510 cap
361 4427 413 4490 ΙΙ.
438 4424 577 4489 arada
599 4426 669 4487 ΙΒΗ
693 4425 837 4507 aequatis
860 4427 920 4488 erit
943 4421 1061 4486 circulo
1084 4416 1132 4492 ot.
1178 4424 1302 4486 Areum
1323 4421 1425 4503 ipisus

65 4519 413 4600 ffepterrdeempun
414 4521 512 4589 eoo,
535 4517 889 4587 utterminetarirea3
913 4510 1309 4592 etabspeeydaeay,
1332 4519 1425 4592 utey

17 4594 20 4601 ¹
65 4615 104 4679 sr't
122 4605 341 4692 paralleloe
326 4627 392 4689 epse
342 4537 487 4668 WCA:
511 4613 540 4666 et
561 4603 725 4669 interuallo
748 4602 800 4667 CF
823 4600 956 4684 aequate
980 4600 1224 4663 comtitaatur
1210 4621 1246 4662 ea
1269 4599 1358 4664 linea
1381 4625 1424 4681 ey,

47 4690 153 4782 ⁴queri
170 4700 214 4761 eit
235 4722 292 4778 γα,
317 4698 356 4760 ia
376 4703 488 4779 partes
518 4694 584 4775 ipsi
606 4717 622 4787 ⁸,
642 4694 839 4758 assatae
868 4699 899 4754 et
921 4695 1123 4753 connectatur
1145 4686 1161 4747 Ι
1185 4697 1215 4753 et
1237 4689 1267 4751 H
1290 4712 1362 4755 eam
1383 4694 1425 4770 A,

49 4792 153 4852 'sisa
173 4796 204 4851 et
227 4784 246 4862 ζ
269 4807 345 4851 cosm
367 4808 397 4846 α.
442 4786 587 4847 Rursum
615 4766 714 4867 iqimr
745 4779 997 4864 aequipolleburrt
1026 4773 1212 4861 tppomm

11 4856 333 5012 sariiererqeapat:
361 4871 911 5005 etoqutoiaAetaffpetituto,
940 4856 1246 4955 armatam

1151 4952 1239 5027 rt·

984 5076 1026 5159 ὸ
