3368 5534
173 305 240 382 528
740 354 742 358 »
763 312 930 383 Elorum

172 491 242 566 NR,
264 490 343 556 RK:
369 492 423 554 sed
446 493 524 575 qnod
547 491 602 555 sub
622 489 687 564 SR,
702 490 770 569 RH,
794 493 891 556 minus
914 497 966 554 est
985 509 1021 552 eo
1044 488 1121 570 qnod
1140 489 1199 552 sub
1214 486 1278 560 SN,
1301 489 1374 564 RH,
1397 489 1514 572 quanti·

172 589 237 643 tate
260 582 428 663 rectaugoli
451 583 530 665 qnod
553 581 607 643 sub
629 580 698 655 NR,
721 580 789 644 RH.
833 579 995 645 Commune
1018 579 1145 642 accedat
1168 578 1247 659 qnod
1268 577 1326 642 sub
1348 578 1428 651 NB.
1449 577 1513 644 RH.

173 668 262 740 Quod
290 689 363 750 ergo
391 671 446 733 snb
473 670 548 746 SN,
575 670 643 744 RH,
667 670 793 751 aequale
817 671 937 745 antei,
968 669 1048 752 qnod
1074 669 1130 731 sub
1153 667 1214 731 NR
1236 673 1268 730 et
1289 667 1460 750 composita
1481 687 1516 730 ex

171 759 248 833 RK,
275 760 348 834 RH,
382 760 411 822 h.
437 780 463 823 e.
487 761 556 824 ΚΗ.
601 760 733 822 Rursum
762 769 877 834 autem,
910 759 986 839 qnod
1011 758 1066 821 snb
1089 755 1154 832 SN,
1176 756 1251 831 RH,
1275 757 1377 838 majus
1401 765 1451 820 est
1472 775 1514 832 eo,

172 848 250 931 quod
272 848 328 911 sub
342 845 405 922 SN,
424 848 484 913 NH
507 850 535 912 in
556 848 757 929 propositione
772 850 933 924 nominato,
949 847 1118 931 quantitate
1133 845 1195 922 SN,
1219 845 1294 909 NB:
1320 856 1353 909 et
1367 843 1514 923 similitor,

172 938 251 1017 qnod
274 936 419 1012 saniR,
434 937 503 1014 ΚΗ,
526 938 624 1018 majus
646 946 696 999 ost
719 957 764 1011 eo,
789 938 867 1019 qnod
891 938 945 1000 snb
968 936 1038 1012 NR,
1057 936 1112 998 KZ
1135 936 1166 999 in
1188 935 1398 1017 propositione
1420 934 1515 998 nomi·

171 1035 252 1099 nato,
277 1024 446 1106 quantitate
469 1027 537 1103 NR,
561 1027 625 1101 ZH,
651 1025 678 1090 h.
703 1045 730 1088 e.
755 1025 807 1090 SN
829 1046 868 1089 ex
890 1026 1121 1091 constructione.
1167 1025 1320 1107 Aequalis
1346 1024 1443 1106 igitur
1464 1043 1514 1087 ae·

175 1114 254 1195 quali
280 1115 378 1197 aliquo
403 1117 518 1196 maiora
541 1123 620 1187 snut,
643 1116 778 1198 quodque
803 1134 855 1180 sno
879 1115 1074 1197 respondenti
1088 1117 1117 1178 in
1132 1114 1338 1197 propositione
1353 1115 1513 1179 nominato

173 1203 270 1284 Igitur
293 1212 325 1267 et
347 1205 499 1269 nominata
521 1206 601 1270 inter
624 1224 656 1268 se
680 1214 750 1269 sunt
773 1203 962 1288 aequalia.')

688 1366 887 1431 Problema
908 1365 995 1432 VIII.

174 1470 288 1534 Datis
338 1471 628 1537 semidiametris
677 1474 875 1538 luminaris
922 1484 960 1537 et
1001 1471 1171 1544 umbrae,
1215 1477 1257 1534 et
1292 1473 1512 1555 quantitate

171 1579 286 1624 arcus
318 1580 406 1623 orae
442 1561 643 1626 luminaris
674 1558 734 1626 iel
765 1565 912 1627 lucidae
945 1564 1002 1625 vel
1033 1560 1274 1636 obscuratae,
1317 1559 1512 1643 inquirere

170 1657 300 1730 partes
331 1648 508 1714 diametri
536 1651 599 1713 vel
630 1652 823 1717 luminaria
848 1653 909 1715 vel
935 1652 1085 1716 umbrae
1108 1649 1351 1713 constitutas
1375 1649 1513 1716 alloes

170 1756 237 1818 per
269 1739 476 1814 sectiones,
509 1760 656 1823 qnarum
689 1762 781 1824 qnae
813 1742 927 1804 minor
954 1751 1123 1821 apotome
1155 1739 1218 1801 vel
1240 1738 1389 1819 sagitta
1411 1738 1511 1803 lumi·

526 1829 629 1893 naris
660 1832 719 1894 vel
749 1833 901 1895 umbrae
923 1830 1000 1894 dici
1023 1836 1158 1911 potest.

258 1915 342 1980 Data
377 1915 455 1980 enim
482 1917 627 1982 diametro
655 1919 755 1983 circuli
785 1929 817 1984 et
844 1940 930 1995 aron,
967 1920 1058 1983 datur
1083 1925 1116 1980 et
1145 1917 1210 1998 ejna
1233 1935 1321 1980 arena
1344 1917 1510 1997 sagittain

127 2056 132 2067 .
171 2006 277 2070 eadem
303 2007 503 2082 dimensione,
541 2027 617 2090 quae
649 2009 848 2093 multiplicata
871 2010 901 2072 in
924 2010 1074 2074 residuum
1097 2006 1235 2070 diametri
1258 2005 1416 2069 luminaris
1440 2025 1525 2091 con·⁴

171 2096 273 2159 stituit
294 2095 471 2179 quadratum
496 2097 631 2160 semissis
654 2099 691 2160 de
715 2099 795 2161 linea
818 2099 992 2163 sectionum.
1025 2098 1060 2161 ld
1084 2115 1154 2161 vero
1176 2097 1355 2179 quadratum
1380 2096 1509 2161 ablatum

172 2206 191 2247 a
213 2185 360 2268 quadrato
384 2185 597 2249 semidiametri
620 2188 758 2265 umbrae,
789 2187 933 2271 relinquit
954 2187 1131 2269 quadratum
1154 2186 1239 2265 ejus,
1263 2185 1341 2268 quod
1364 2196 1438 2268 post
1460 2205 1509 2248 aa·

170 2273 277 2354 gittam
310 2274 442 2337 ablatam
475 2284 523 2337 eat
553 2276 704 2340 residuum
736 2298 830 2361 usqne
863 2278 902 2339 ad
925 2286 1057 2340 centmm
1080 2276 1213 2340 umbrae.
1259 2273 1362 2348 Quare
1386 2275 1510 2339 radixa

170 2361 392 2427 semidiametro
424 2364 547 2427 umbrae
582 2366 704 2442 ablata,
737 2367 871 2430 ostendit
903 2367 1047 2448 sagittam
1078 2365 1210 2428 umbrae.
1254 2362 1398 2429 Aliter:
1432 2364 1509 2427 Data

170 2452 391 2516 semidiametro
420 2451 572 2517 luminaris
604 2463 637 2518 et
666 2455 788 2519 dimidio
816 2475 903 2518 arcus
927 2455 1092 2520 deficientis
1114 2454 1163 2517 vel
1186 2453 1296 2530 lucidi,
1334 2453 1509 2535 manajos

170 2541 253 2606 sinus
262 2542 291 2605 in
302 2541 407 2604 eadem
417 2540 609 2619 dimensione,
619 2545 648 2608 iu
657 2564 716 2626 qua
725 2554 850 2628 utraque
860 2545 1093 2608 semidiameter.
1112 2542 1508 2608 Datoverosinnindimm·

170 2630 253 2693 sione
276 2631 507 2707 semidiametri,
531 2633 620 2696 datur
643 2634 734 2698 etiam
758 2634 841 2703 muns
864 2633 1084 2716 complementi,
1109 2633 1159 2715 qui
1181 2633 1302 2696 ablatus
1325 2652 1345 2694 a
1367 2632 1507 2697 umidis·

170 2729 267 2785 metro
290 2720 446 2786 constituit
468 2722 623 2804 sagittam.

698 2883 897 2947 Problema
918 2883 975 2946 IX.

169 2984 278 3049 Datis
309 2986 604 3051 semidiametris
635 2989 728 3052 disci
761 2990 898 3052 T'erras
931 2995 967 3051 et
986 2988 1216 3068 pennmbrae
1243 2996 1280 3050 et
1307 2987 1506 3052 latitudine

169 3074 324 3139 menisoi
353 3077 394 3138 de
417 3078 621 3158 pen'umbra
650 3087 757 3141 extra
788 3079 926 3141 discum
956 3078 1132 3159 porrecti,
1160 3076 1353 3158 inquirere
1381 3086 1506 3158 partas

312 3165 483 3231 diametri
505 3168 742 3250 pennmbrae,
773 3167 899 3229 iactas
922 3187 941 3228 a
963 3173 1064 3229 recta
1086 3184 1151 3247 per
1174 3165 1377 3231 sectiones.

257 3255 475 3335 Multiplioetur
497 3256 625 3318 latitudo
649 3257 771 3320 menisci
794 3257 824 3319 in
846 3256 998 3318 residuum
1022 3254 1158 3318 diametri
1180 3257 1372 3337 pennmbrae,
1396 3275 1507 3320 summa

170 3343 321 3407 dividatur
343 3361 397 3424 per
419 3345 597 3409 diametrum
619 3346 703 3421 disci,
728 3346 905 3409 diminutam
929 3345 1018 3427 duplo
1040 3345 1106 3425 ejus
1129 3345 1331 3421 differentiae,
1361 3364 1438 3427 quae
1460 3354 1506 3407 est

167 3432 246 3495 inter
278 3432 464 3497 latitudinem
497 3435 622 3498 menisci
653 3443 685 3497 et
711 3435 964 3498 semidiametmm
990 3435 1169 3516 pennmbrae
1192 3435 1352 3515 majorem:
1385 3436 1434 3498 vel
1455 3453 1506 3518 per
1544 3410 1551 3453 ¹

168 3522 344 3604 diametrum
368 3522 441 3586 disci
465 3534 584 3587 auctam
607 3525 698 3605 duplo
721 3526 787 3607 eJus
809 3524 1013 3601 differentiae,
1046 3544 1121 3606 quae
1148 3532 1197 3587 est
1218 3524 1296 3587 inter
1319 3524 1504 3588 latitudinem

168 3612 291 3676 moniaci
322 3620 353 3674 et
381 3613 636 3677 semidiametmm
672 3614 854 3693 pennmbrae
887 3613 1040 3676 minorem.
1086 3611 1136 3687 (Si
1158 3614 1307 3677 meniscns
1331 3623 1381 3677 eat
1403 3611 1503 3677 minori

170 3702 327 3766 latitudine
351 3721 441 3784 qnam
472 3702 694 3767 semidiameter
728 3703 929 3783 pennmbrae,
959 3703 1080 3782 duplum
1110 3704 1199 3784 hujus
1222 3703 1359 3766 delectus
1382 3703 1504 3766 autera

169 3790 319 3853 diametro
343 3790 432 3865 disci3
457 3793 503 3855 ain
526 3791 632 3872 major,
657 3792 779 3873 duplum
802 3810 944 3856 excessus
967 3791 1043 3854 adde
1066 3792 1213 3856 diametro
1236 3792 1327 3871 diaci3
1351 3791 1396 3854 ita
1416 3792 1503 3856 babes

166 3879 336 3942 divisorem.
382 3879 442 3942 Vel
465 3880 585 3962 duplica
607 3881 784 3945 distantiam
807 3889 985 3958 centromm,
1008 3881 1103 3947 babes
1125 3880 1311 3956 divisorem).

699 4034 902 4126 ProbIJema
923 4041 965 4106 X.

164 4143 277 4208 Datis
305 4142 514 4208 diametris
546 4146 748 4211 luminaris
777 4156 813 4212 et
840 4150 993 4213 umbrae
1017 4157 1054 4212 et
1075 4148 1296 4232 quantitate
1319 4148 1497 4221 deiectus,

207 4232 402 4315 inquirere
424 4242 561 4315 partes
584 4237 760 4302 diametri
783 4238 946 4314 umbrae,
975 4239 1210 4302 constitntas
1232 4259 1252 4300 a
1272 4237 1375 4303 linea
1396 4256 1460 4322 per

733 4329 937 4393 sectiones.

250 4409 422 4492 Multiplica
457 4410 645 4477 latitudinem
667 4416 765 4496 partis
788 4416 906 4480 lucidae
929 4418 959 4480 in
981 4415 1170 4480 latitudinem
1191 4415 1288 4496 partis
1312 4416 1495 4488 tenebrosae.

164 4498 270 4562 deinde
297 4507 329 4561 et
357 4501 501 4565 minorem
524 4523 543 4564 a
565 4504 676 4586 majore
706 4506 865 4577 subtrahe,
898 4506 1116 4579 differentiam,
1149 4506 1176 4569 si
1203 4504 1299 4586 major
1321 4513 1372 4567 eat
1393 4503 1495 4577 lueida

164 4588 241 4650 adde
264 4590 302 4651 ad
326 4589 504 4657 diametrum
526 4594 657 4669 umbrae,
681 4595 726 4658 sin
750 4596 847 4676 major
868 4596 1039 4669 tenebrosa,
1064 4594 1150 4658 aufer
1171 4595 1350 4658 adiametru
1364 4593 1494 4666 umbram

163 4686 195 4739 et
223 4697 276 4760 per
303 4678 359 4743 boc
385 4680 451 4744 sive
480 4694 675 4763 aggregatum
698 4684 763 4747 sive
785 4686 937 4750 residuum
960 4684 1058 4749 divide
1081 4685 1194 4748 Iactum
1216 4703 1255 4747 ex
1276 4683 1375 4766 prima
1395 4680 1491 4747 malti-

162 4767 333 4848 plicatione,
355 4771 458 4854 prodit
478 4781 665 4860 segmentum
688 4774 827 4841 diametri
850 4776 971 4843 umbrae
993 4775 1191 4839 constitutum
1212 4772 1331 4837 alinea
1347 4771 1491 4838 sectioni
