3368 5534
276 318 340 387 582
880 315 920 373 ne
941 308 1023 377 tuna

276 501 337 562 sint
367 499 554 561 incrementa
583 499 736 578 plrasium,
771 508 803 561 ut
835 518 892 580 quo
923 508 1057 578 ternpore
1081 500 1176 561 Terra
1205 499 1290 561 videt
1322 498 1438 561 Lunam
1474 500 1626 573 falcatam,

276 590 380 650 eodem
404 588 491 649 Luna
514 588 616 648 videat
634 590 758 650 Terram
782 589 903 668 gibbam
923 588 977 650 bc.
1016 587 1169 658 Quantam
1193 587 1286 668 igitur
1308 589 1480 667 portionem
1505 589 1542 651 de
1565 600 1627 651 toto

276 677 385 739 lumine
410 677 472 748 (vel
497 683 563 737 tota
584 687 672 756 parte
695 678 837 749 obscura)
861 676 998 755 possidet
1021 697 1079 739 nna
1110 676 1215 756 phasis
1238 677 1350 738 Terrae
1375 686 1407 737 et
1429 696 1492 738 uua
1515 679 1626 752 Lunae,

275 774 393 827 tantam
417 766 461 826 de‘
478 765 532 826 illa
555 766 641 843 phasi
664 767 832 847 portionem
856 767 950 827 Terra
978 766 1071 827 habet
1093 786 1148 846 pro
1171 766 1278 845 regula
1304 765 1521 827 admetieudae
1544 768 1626 846 hujus

276 857 444 935 superfluae
468 854 642 917 celeritatis.
680 856 730 916 Ita
747 856 849 917 valent
870 854 1019 935 quadrata
1043 855 1186 916 linearum
1203 854 1274 928 ΒΜ,
1299 855 1356 915 lroc
1370 868 1417 916 est
1442 855 1544 917 lineae
1560 854 1626 918 ΟΥ.

367 944 449 1004 llaec
473 961 545 1021 ego,
570 941 746 1005 clarissime
772 944 841 1019 Vir,
866 943 968 1023 potins
992 943 1151 1004 exercendi
1174 943 1233 1007 mei
1258 962 1348 1024 quarn
1372 944 1415 1004 tui
1440 944 1626 1023 defatigaudi

276 1051 369 1094 causa
391 1032 428 1093 de
442 1031 578 1092 theoriae
592 1032 697 1093 Lunae
720 1032 931 1095 reformatione
956 1032 1081 1111 scripsi:
1106 1033 1149 1094 tui
1169 1033 1227 1094 erit
1250 1031 1377 1106 arbitrii,
1402 1032 1475 1112 quid
1500 1034 1540 1094 ad
1555 1034 1625 1094 banc

274 1131 391 1201 partem
424 1121 578 1181 literamm
609 1122 793 1200 respondeas
802 1141 810 1195 ;
844 1121 917 1182 illud
950 1123 1046 1182 solum
1078 1139 1169 1199 rogo,
1199 1123 1236 1183 de
1265 1122 1335 1182 dxis
1363 1121 1445 1202 quod
1476 1122 1569 1201 petii,
1597 1136 1627 1182 ut

275 1228 364 1270 curae
389 1209 501 1270 habeas
524 1218 614 1289 utque
638 1211 681 1270 sic
703 1212 896 1291 respondeas,
921 1209 963 1271 uti
984 1209 1140 1272 existimas
1160 1229 1197 1270 ex
1212 1210 1344 1272 utilitate
1368 1209 1463 1273 studii
1487 1220 1625 1273 utrouo·

275 1298 344 1361 mici
367 1300 507 1361 futurum.
556 1298 643 1359 Vale.
675 1298 703 1359 d.
732 1298 780 1363 12.
805 1299 921 1381 Aprilis
948 1294 1041 1362 1620.

531 1384 534 1391 '
792 1389 874 1451 Tuae
898 1387 1106 1451 Excellentiae

1129 1474 1415 1538 observantissimus

1292 1566 1346 1628 Jo.
1369 1561 1542 1646 Keplerna.

362 1686 408 1738 His
433 1687 503 1738 addit
528 1685 685 1738 Hauaclrius:
714 1687 836 1737 Posterior
859 1687 985 1738 literamm
1010 1701 1067 1752 perr
1095 1687 1126 1738 da
1153 1701 1217 1737 nora
1242 1686 1331 1738 Lunae
1353 1686 1453 1739 theoda
1476 1686 1628 1738 nudabor

274 1766 300 1810 et
317 1761 415 1810 auctior
433 1760 510 1810 mlara
528 1758 561 1809 ad
579 1757 740 1808 Maestlluum
760 1760 784 1808 d.
803 1757 920 1823 xxylrr.
940 1758 1002 1821 Mali
1021 1756 1203 1809 extructa:

289 1826 303 1861 ·’
361 1830 448 1892 Luna
472 1832 563 1910 igitur
586 1843 726 1892 versante
751 1833 780 1892 iu
805 1829 885 1891 linea
907 1826 1044 1910 apsidum
1075 1831 1243 1892 anomaliae
1274 1830 1415 1904 solutae,
1445 1829 1505 1891 hoc
1529 1830 1627 1890 estin

273 1920 373 1984 Dvel
398 1920 424 1981 E
451 1927 516 1993 (lig.
538 1925 593 1992 lt),
618 1927 688 1980 tuuc
717 1922 774 1982 etsi
799 1919 882 1981 nulla
913 1929 1015 1998 potest
1043 1937 1111 1980 esse
1143 1919 1426 2000 prostbephaeresis
1460 1918 1627 1980 anomaliae

275 2010 410 2080 solutae,
444 2018 491 2069 est
520 2018 619 2069 tamen
649 2008 750 2090 aliqua
781 2007 1063 2089 prostbaplraeresis
1097 2009 1263 2071 anomaliae
1296 2019 1490 2082 menstruae,
1522 2009 1626 2088 quippe

273 2105 386 2178 puncta
409 2094 460 2171 D,
489 2098 516 2159 Ε
546 2106 705 2159 versantur
739 2106 825 2160 extra
854 2097 963 2159 lineam
996 2097 1133 2177 apsidum
1162 2097 1331 2159 anomaliae
1362 2106 1541 2159 menstruae
1563 2095 1625 2158 FG.

274 2188 360 2248 Hanc
384 2204 455 2247 vero
477 2186 764 2266 prosthaplraeresiu
790 2186 891 2266 prodit
904 2206 975 2247 area
995 2186 1137 2264 trianguli
1153 2185 1329 2267 aequaturii,
1353 2184 1435 2267 quod
1449 2193 1518 2247 stat
1541 2204 1627 2267 anper

275 2270 501 2337 ec'ceutricitats
524 2285 697 2336 menstruae
722 2275 911 2357 aequatiouis
936 2273 1004 2338 CA.
1039 2276 1117 2337 Nam
1141 2275 1227 2337 Luna
1250 2274 1280 2335 in
1302 2274 1330 2335 Ε
1353 2274 1519 2348 existente,
1544 2293 1626 2335 meu·

274 2377 360 2426 strue
383 2363 523 2445 aequatio
548 2373 595 2425 est
620 2363 703 2427 CEA
728 2386 810 2427 area.
857 2362 906 2426 Sit
929 2365 1008 2426 euim
1031 2383 1103 2426 vera
1131 2364 1278 2426 distantia
1300 2363 1405 2425 Lunae
1429 2364 1471 2425 ab
1495 2365 1523 2435 00
1549 2363 1625 2425 Solis

274 2454 402 2532 angulus
418 2453 508 2522 ΓΑΕ,
532 2462 651 2532 ternpus
675 2454 743 2516 huic
767 2455 876 2534 angulo
899 2455 1085 2533 respondeus
1108 2454 1166 2515 erit
1184 2453 1213 2515 iu
1233 2472 1290 2514 sua
1312 2453 1510 2533 proportione
1533 2453 1626 2532 majus

178 2573 180 2577 ¹
274 2543 330 2604 boc
353 2541 462 2621 angulo
487 2545 655 2623 quantitate
679 2562 769 2604 areae
794 2542 896 2606 OEA:
921 2561 973 2604 seu
998 2543 1075 2622 quod
1098 2551 1147 2604 est
1170 2541 1337 2615 dilucidius,
1361 2542 1404 2603 sit
1427 2551 1521 2605 notus
1547 2543 1626 2604 loeus

204 2701 210 2713 ⁸
275 2631 372 2694 lineae
396 2631 455 2693 AD
486 2633 541 2693 snb
564 2632 647 2700 fixis,
672 2632 759 2694 Luna
782 2633 872 2711 igitur
902 2631 1050 2693 existente
1075 2632 1102 2693 in
1131 2632 1196 2710 eius
1226 2630 1416 2710 oppositione
1440 2630 1487 2705 E,
1510 2640 1627 2712 tempus

274 2721 461 2801 respondens
482 2722 594 2801 ‘angulo
611 2720 698 2784 ΒΑΕ
723 2722 853 2794 (duobus
877 2721 984 2794 rectis)
1008 2740 1060 2782 seu
1085 2719 1271 2782 semicirculo
1294 2718 1411 2780 orbitae
1431 2719 1522 2781 DHE
1545 2738 1625 2782 com-

275 2817 402 2890 ponetur
425 2829 462 2870 ex
486 2829 557 2870 area
581 2810 757 2871 semicirculi
783 2810 867 2871 Dlll}
891 2818 922 2870 et
946 2829 983 2870 ex
1005 2809 1155 2889 triangulo
1175 2809 1268 2874 CBA.
1315 2809 1358 2870 Et
1382 2807 1521 2871 vicissim
1544 2809 1626 2871 Imus

275 2900 304 2961 iu
328 2899 357 2959 D
381 2917 515 2979 apogaeo
539 2910 689 2972 versante,
715 2899 833 2980 quaudo
857 2898 988 2960 debebat
1011 2899 1072 2959 lieri
1091 2897 1306 2960 numerationis
1330 2897 1479 2977 temporis
1503 2898 1625 2970 initium,

275 3007 328 3049 seu
352 2989 471 3069 quaudo
495 2987 644 3050 anomalia
677 2988 777 3049 media
805 2988 935 3050 debebat
959 3007 1026 3048 asse
1050 2984 1087 3061 0,
1112 2987 1138 3048 si
1162 2988 1244 3049 nulls
1267 2995 1352 3048 esset
1375 2987 1521 3066 aequatio
1545 3006 1625 3048 meu·

275 3085 376 3151 strue,
409 3087 478 3139 tunc
505 3077 570 3157 jam
603 3077 753 3139 existente
778 3078 834 3138 hac
859 3096 1047 3138 numeramus
1080 3084 1165 3137 tauto
1189 3075 1286 3137 minus
1310 3094 1398 3157 quam
1422 3074 1461 3150 0,
1485 3084 1625 3156 quantun

276 3167 358 3228 valet
381 3186 452 3228 area
467 3164 561 3229 DAO.
600 3167 649 3228 Ita
672 3167 847 3228 conciliatur
870 3167 979 3246 angulo
1005 3164 1128 3227 visionis
1153 3185 1205 3226 seu
1227 3183 1318 3226 verae
1337 3164 1506 3226 distantiae
1525 3164 1624 3227 Lunae

276 3277 294 3317 a
317 3255 389 3319 Sole
412 3254 497 3317 FAD
522 3258 569 3317 vel
592 3254 676 3318 ΓΑΕ
700 3275 785 3318 snum
804 3256 919 3335 justum
943 3263 1061 3335 tempus
1084 3274 1137 3315 seu
1161 3253 1314 3317 anomalia
1325 3253 1446 3324 ‚media
1483 3253 1624 3316 Vicissim

276 3345 317 3407 sit
350 3345 473 3425 planeta
505 3363 575 3406 vero
608 3354 690 3406 motu
721 3346 784 3418 (vel
817 3363 909 3425 prope
941 3363 1028 3416 vero,
1064 3344 1134 3422 qnia
1163 3343 1291 3405 noudum
1325 3352 1482 3405 correctus
1506 3351 1625 3423 estper

275 3434 481 3506 variationem,
506 3433 542 3493 de
566 3453 624 3514 qua
648 3435 764 3496 dicetur
788 3435 880 3505 iufra)
904 3434 945 3494 sit
974 3433 1096 3512 iuquam
1119 3433 1148 3494 iu
1171 3434 1197 3493 F
1220 3434 1246 3504 00
1273 3429 1312 3508 Θ
1337 3433 1386 3493 vel
1410 3430 1440 3493 iu
1467 3430 1497 3493 G
1522 3435 1555 3508 ό
1577 3429 1623 3510 Θ.

275 3523 333 3584 Hic
356 3522 426 3603 quia
440 3524 526 3584 Ituna
543 3523 707 3584 collocatur
725 3523 755 3584 iu
774 3522 928 3602 apsidibns
945 3521 1113 3584 anomaliae
1132 3531 1315 3594 menstruae,
1339 3521 1421 3582 nulla
1438 3530 1489 3583 est
1502 3523 1624 3602 prostla-

276 3610 450 3692 aphaeresis
482 3621 656 3686 menstrua,
691 3620 723 3673 at
757 3621 805 3672 est
843 3611 944 3691 aliqua
981 3610 1264 3690 prosthapbaeresis
1299 3608 1472 3671 anomaliae
1510 3611 1625 3672 solutae

274 3702 364 3783 plane
388 3700 494 3762 similis
517 3700 648 3780 planetis
663 3701 790 3775 ceteris;
815 3701 984 3762 ostenditur
1006 3700 1084 3760 euim
1100 3708 1133 3760 et
1146 3718 1200 3780 per
1218 3699 1357 3779 angulum
1372 3707 1405 3759 et
1418 3717 1476 3778 per
1493 3700 1624 3761 valorem

275 3810 365 3853 areae
390 3789 531 3870 trianguli
554 3789 647 3865 Bru,
671 3787 760 3852 BGA
784 3794 930 3869 per'snas
959 3787 1076 3850 scilicet
1102 3796 1220 3866 partes,
1252 3788 1410 3869 physicam
1438 3797 1473 3848 et
1495 3790 1624 3869 opticara

276 3882 306 3943 in
329 3899 417 3941 uuum
442 3879 633 3959 compositas.
681 3878 820 3957 Augnlns
849 3879 926 3940 enim
955 3896 1045 3939 verae
1074 3876 1277 3956 elongationis
1306 3876 1434 3957 apogaei
1458 3876 1567 3940 Lunae
1588 3880 1623 3938 ab

277 3965 369 4044 θῶ
403 3966 520 4029 scilicet
543 3967 628 4028 DAF
660 3967 754 4029 minor
788 3977 836 4029 est
866 3967 976 4047 angulo
1000 3966 1081 4026 DBF
1108 3975 1141 4027 et
1169 3984 1241 4027 arcu
1263 3965 1318 4027 Dr
1347 3964 1521 4047 quantitate
1544 3968 1621 4031 ΒΓΔ

276 4058 391 4138 auguli,
423 4057 517 4119 eidem
546 4076 616 4118 vero
649 4056 758 4134 angulo
782 4057 866 4118 ΒΑΕ
896 4055 1058 4135 respondet
1087 4054 1238 4116 anomalia
1270 4055 1385 4129 media,
1419 4055 1508 4117 valor
1537 4076 1623 4120 areae

276 4147 400 4208 DAFD.
446 4144 497 4206 Sic
521 4147 630 4224 angulo
654 4143 745 4206 DAG
774 4165 863 4207 areae
888 4144 1007 4207 DAGD
1041 4143 1125 4204 valor
1157 4143 1294 4224 assignat
1324 4164 1411 4206 snam
1444 4147 1622 4209 anomaliaru

277 4235 406 4296 mediam
428 4252 482 4294 seu
506 4236 754 4314 complementum
778 4234 842 4313 ejus
866 4235 904 4295 ad
928 4232 1154 4294 semicirculum.

364 4323 468 4385 Tertio
491 4342 599 4403 operae
628 4323 756 4403 pretinm
781 4331 829 4384 est
856 4324 957 4385 videre
990 4322 1277 4401 prosthapbaereses
1308 4322 1419 4383 mixtas
1442 4341 1483 4384 ex
1507 4323 1621 4386 solutae

277 4421 368 4474 etex
392 4424 563 4475 menstruae
588 4412 754 4474 anomaliae
777 4411 1108 4492 prosthaphaeresibns.
1146 4409 1196 4473 Sit
1218 4410 1311 4489 primo
1326 4411 1413 4472 Luna
1436 4413 1517 4474 iuter
1540 4414 1621 4475 nnius

277 4519 443 4583 apogaeum
467 4511 498 4564 et
513 4502 637 4565 alterius
660 4502 842 4581 pangaeum,
867 4509 900 4567 ut
915 4501 943 4560 iu
964 4499 1080 4578 punctis
1095 4498 1134 4573 Η,
1151 4500 1189 4574 Κ,
1214 4499 1300 4579 idque
1324 4509 1405 4561 motu
1425 4520 1520 4582 prope
1544 4520 1619 4561 cero.

276 4590 335 4652 Hic
358 4590 575 4652 consideranda
599 4600 668 4653 snut
692 4590 761 4651 bina
783 4609 837 4669 pro
861 4610 918 4651 uun
942 4588 1092 4668 triangula
1115 4588 1303 4669 aequatoria,
1334 4607 1388 4667 pro
1412 4590 1516 4652 soluta
1539 4591 1619 4653 ltus

279 4679 327 4741 rel
349 4680 455 4751 ΒΚΑ,
487 4698 541 4759 pro
574 4688 728 4741 menstrua
751 4678 836 4741 CHA
867 4681 913 4741 rel
939 4678 1034 4742 CKA.
1080 4676 1202 4757 Augulo
1231 4677 1322 4756 igitur
1344 4676 1433 4739 ΒΑΗ
1462 4680 1619 4761 respondet

278 4768 428 4831 anomalia
459 4766 558 4829 media
589 4769 757 4851 composita
788 4788 825 4830 ex
853 4787 924 4831 area
953 4766 1070 4829 DHAD
1103 4775 1135 4827 et
1157 4785 1194 4828 ex
1224 4783 1295 4827 area
1319 4765 1426 4829 CAH:
1458 4780 1491 4831 et
1513 4769 1619 4847 angulo

277 4855 369 4921 ΒΑΚ
390 4857 552 4939 respondet
573 4857 724 4922 monadia
745 4857 844 4920 media
866 4855 1034 4938 composita
1056 4874 1095 4916 ea
1117 4855 1199 4918 areis
1220 4854 1340 4919 DAKD
1362 4864 1396 4919 et
1418 4855 1517 4921 OAK.
