3368 5534
449 306 480 358 de
497 304 686 369 ὓιιιιιιιιιιίι
705 307 736 358 de
753 313 822 359 motu
839 305 927 359 atsdae
944 304 1042 361 Martia.
1177 336 1198 385 '-
1376 304 1419 374 83
1494 352 1497 359 .

64 483 181 559 mxu,
204 490 275 559 tots
296 485 448 551 anomalia
460 485 647 567 significaret
659 486 761 550 crrcnlr
775 504 886 562 aream,
911 504 990 589 quae
1000 486 1098 567 major
1111 493 1160 548 est
1174 504 1246 549 area
1259 485 1419 568 ellipoidis,

64 575 167 656 itaque
191 572 323 639 divisa
313 595 345 638 ιι
370 595 469 639 aream
493 574 596 639 circuli
619 574 776 639 constituit
793 574 857 639 ΡΟ.
904 575 981 639 At
968 595 1035 654 Jam
1056 593 1116 637 non
1139 582 1189 638 est
1211 573 1339 639 circulus
1363 579 1418 640 sed

64 663 233 742 ellipoides,
258 664 357 727 minus
380 665 500 729 conticit
521 674 554 725 ιι
576 663 700 727 metitur
718 672 814 728 totam
834 663 1024 741 anomaliam,
1049 683 1120 768 ergo
1133 665 1202 745 plue
1217 664 1254 725 de
1269 666 1420 731 anomalia
1454 730 1457 735 ⁴
1491 699 1494 705 ·

63 752 153 815 cedet
174 754 274 819 radia
311 753 437 825 Duobus
458 754 550 836 igitur
572 753 740 818 nominibus
764 752 974 820 eecentricitas
996 755 1031 816 fit
1058 754 1154 829 minor
1183 772 1271 837 quam
1294 754 1324 818 in
1346 775 1419 837 per-

64 843 143 903 lecto
166 842 295 914 circulo,
327 844 412 948 cnjus
442 844 612 907 dixeramus
643 863 710 907 ιιιι
740 843 892 908 dimidiam
916 843 1171 907 eecentricitatem
1201 843 1266 923 ejus
1289 863 1388 924 qnae
1383 846 1419 909 in

62 930 187 995 vicaria
235 932 317 995 Nam
339 933 432 1014 primo
456 933 526 1015 quia
549 952 587 995 ex
610 932 755 996 divisione
779 934 881 1017 prodit
903 932 1057 1013 quantitas
1080 932 1157 997 radii
1180 932 1242 1006 PL,
1260 932 1326 1009 Px,
1349 928 1417 996 ideb

27 1047 30 1051 ’
62 1021 113 1101 qui
133 1029 210 1087 aunt
232 1042 326 1104 snpra
337 1022 392 1085 PL
414 1029 453 1084 et
467 1022 547 1086 iufra
561 1022 618 1087 PX
635 1023 796 1104 longiores,
819 1024 887 1126 plus
910 1021 1065 1084 vindicant
1087 1022 1124 1083 de
1148 1010 1314 1085 anomalico
1337 1029 1418 1086 tem-

59 1128 144 1212 pore.
192 1110 344 1192 Tempore
365 1110 488 1193 igitm
479 1104 510 1175 ιι
532 1112 632 1174 medio
655 1112 813 1177 attenuato
837 1130 917 1176 crrca
939 1110 975 1187 L
1000 1110 1043 1186 M,
1068 1110 1278 1173 eecentricitas
1303 1130 1418 1194 qnoque

59 1199 89 1261 in
119 1200 321 1281 proportione
353 1201 577 1276 attenuabitur,
609 1202 788 1283 praesertim
820 1220 888 1265 cnm
919 1199 957 1262 ab
980 1201 996 1266 1
1019 1199 1112 1264 multo
1135 1200 1237 1281 plnres
1260 1209 1419 1264 occurrant

60 1284 218 1369 longiores
247 1308 337 1371 qnam
360 1311 379 1355 a
400 1289 440 1354 K.
485 1250 603 1354 Deinde
635 1291 670 1355 fit
701 1291 842 1373 aequatio
871 1289 974 1371 optica
1007 1286 1106 1362 POH,
1135 1296 1168 1351 et
1188 1287 1274 1352 HPO
1304 1299 1415 1367 rectus,

62 1376 198 1441 debebat
220 1377 314 1460 igitur
336 1379 364 1441 ei
387 1379 522 1460 nequalia
547 1399 614 1442 esse
638 1380 731 1455 PLH,
755 1381 803 1443 ubi
829 1381 938 1442 iterum
960 1378 1043 1441 HPL
1067 1386 1185 1453 rectus,
1218 1397 1284 1441 cum
1316 1387 1417 1443 autem

60 1464 113 1530 ΡΟ
136 1466 198 1530 boc
222 1475 272 1533 est
293 1467 349 1531 ΡΝ
372 1468 413 1531 sit
436 1468 556 1549 longior
575 1488 664 1551 quam
679 1469 742 1544 PL,
767 1470 826 1533 erit
847 1470 940 1551 igitur
962 1476 995 1529 et
1016 1467 1103 1530 PH
1094 1488 1124 1531 ιι
1147 1467 1283 1571 perlecto
1307 1468 1417 1531 circulo

61 1556 180 1651 longior
204 1575 296 1639 qnam
317 1556 404 1620 ΡΗ
396 1578 427 1620 ιι
450 1557 615 1622 deficiente.
661 1558 709 1621 Ex
731 1558 780 1622 his
803 1559 897 1622 etiam
918 1563 1015 1639 patet,
1040 1576 1092 1620 cnr
1118 1557 1201 1638 prins
1228 1555 1258 1618 in
1282 1558 1417 1638 perfeeto

61 1640 172 1711 arculo
207 1638 436 1710 obseruationes
468 1647 632 1710 nutantium
667 1647 826 1713 conciliare
859 1667 918 1711 non
949 1645 1107 1727 potuerim.
1155 1646 1305 1726 Tempora
1328 1647 1416 1710 enim

61 1735 291 1800 accumulantur
311 1754 416 1799 versus
439 1755 607 1818 apogaeum
631 1744 662 1799 et
684 1737 856 1819 perigaeum
885 1742 992 1800 contra
1022 1754 1140 1799 omnem
1169 1734 1272 1797 circuli
1304 1736 1412 1814 legem.

61 1824 190 1888 vicaria
213 1838 294 1889 vero¹
309 1825 493 1909 hypothesis
509 1845 545 1888 ιο
568 1826 634 1907 ipso
656 1828 687 1889 in
701 1826 768 1889 loco
784 1824 1011 1891 accommodata
1026 1825 1100 1897 fuit.
1116 1825 1165 1887 ubi
1179 1823 1310 1886 maxima
1325 1825 1414 1888 diffe-

60 1914 176 1990 tentia,
202 1933 247 1979 sc.
271 1912 301 1978 in
325 1915 511 1991 octantibus,
536 1934 628 1997 quare
651 1916 693 1978 nil
716 1916 836 1993 mirum,
869 1914 1013 1979 vicariam
1036 1912 1195 1985 officium
1187 1933 1217 1975 ιι
1242 1914 1417 1978 ιιιιιιιίιίι

60 2003 134 2067 beia
157 2003 274 2067 facere.
309 2003 396 2067 Haec
418 2004 518 2067 omnia
540 2023 576 2066 ιο
594 2012 748 2109 spectant,
769 2013 804 2068 nt
820 2004 937 2076 videas,
961 2023 1011 2086 qur
1002 2002 1078 2065 fiat
1092 2009 1126 2065 ut
1138 2001 1265 2085 physica
1280 2003 1434 2079 dimidiet·

61 2092 225 2175 aequantia
241 2092 509 2170 eccentncitatem,
534 2113 601 2157 cnm
616 2094 729 2157 vicaria
742 2094 811 2175 plns
830 2093 952 2158 dimidio
977 2101 1091 2157 sumat:
1117 2091 1226 2154 etenim
1242 2110 1281 2154 ne
1292 2092 1416 2156 dubium

64 2182 246 2246 exiamt'
236 2202 270 2245 ιι
291 2182 442 2264 ellipoide,
465 2183 548 2264 prius
572 2183 786 2257 demonstravi,
810 2184 865 2246 boc
883 2181 947 2246 tisri
966 2180 1119 2244 deberem
1138 2181 1273 2263 perlecto
1296 2181 1417 2259 circulo,

61 2281 92 2335 ut
104 2271 267 2335 dimidium
280 2280 434 2348 sumatur3
457 2273 589 2355 postea
580 2293 610 2335 rn
625 2272 767 2355 ellipoide
782 2273 879 2336 minus
895 2275 987 2336 etiam
1001 2269 1123 2333 dimidio
1139 2290 1213 2351 opus
1228 2289 1298 2337 esse
1309 2272 1417 2350 patuit

148 2359 235 2434 Quid
253 2361 320 2443 jam
341 2361 437 2425 habes
459 2361 589 2444 amplius
613 2363 692 2443 qnod
706 2369 738 2424 te
753 2363 905 2426 offendat?
940 2361 989 2423 An
1006 2361 1076 2441 qnia
1089 2360 1298 2440 compendiose
1314 2360 1438 2442 nequit·

59 2449 229 2514 calculari?
274 2449 360 2514 Nibil
381 2448 483 2526 nobis,
507 2451 547 2513 mi
569 2451 705 2525 Fabrici,
738 2458 860 2534 praeter
889 2449 1084 2533 geometriam
1118 2449 1215 2513 deest.
1262 2450 1346 2511 Doce
1369 2469 1417 2512 ms
1523 2452 1526 2457 '

59 2539 245 2623 geometrice
265 2539 458 2617 constituere,
483 2540 640 2620 quadrare,
664 2542 827 2604 secundnm
846 2542 950 2606 datam
966 2538 1113 2602 rationem
1128 2557 1233 2601 secare
1243 2538 1415 2621 ellipoides;

59 2630 165 2693 rtatim
190 2626 307 2693 docebo
331 2637 363 2692 te
386 2649 424 2692 ex
447 2629 577 2711 genuina
599 2629 760 2712 hypothesi
783 2631 943 2697 calculare.
993 2628 1142 2710 Adeoque
1164 2627 1265 2690 excita
1287 2627 1341 2690 illa
1363 2636 1418 2690 tna

57 2718 189 2801 Belgica
219 2717 362 2799 ingenia,
391 2727 425 2782 ιι
446 2718 494 2782 hic
517 2737 565 2781 me
584 2719 702 2801 juvent.
748 2718 794 2781 Εο
818 2740 912 2801 usque
942 2719 1082 2800 perveni,
1107 2724 1140 2781 ut
1164 2717 1278 2794 sciam,
1303 2717 1417 2780 circelli

57 2829 109 2875 rau
141 2807 275 2891 epioycli
305 2808 398 2888 plano
434 2827 583 2874 summam
620 2807 767 2871 contineri
803 2809 950 2874 deiectus.
998 2805 1155 2880 Quomodo
1185 2826 1256 2869 vero
1287 2807 1328 2883 sit
1359 2806 1417 2869 hoc

57 2897 229 2982 spatiolum
258 2897 494 2962 distribuendum
522 2896 646 2978 ignoro,
679 2906 713 2960 nt
735 2898 858 2962 cuilibet
888 2898 1019 2982 portioni
1051 2896 1211 2960 eecentrici
1238 2896 1321 2977 plani
1345 2916 1417 2958 suus

56 2989 200 3052 ιιιιιιιι
223 2985 422 3068 adjudicetur.
468 2988 534 3049 lloc
557 2987 620 3049 scio
642 2987 814 3051 mechanico
838 3008 892 3051 sen
915 3006 969 3074 per
998 2994 1187 3052 tentamenta
1214 3004 1413 3062 numerorum,

56 3076 178 3143 siexA
192 3084 297 3140 canus
311 3076 414 3140 mnndi
427 3076 524 3141 lineas
539 3077 673 3152 educam,
689 3084 720 3139 et
729 3078 756 3140 ai
766 3077 937 3144 BAGLFB

57 3166 190 3251 „quara
225 3173 274 3228 aa
302 3166 435 3246 sparum
469 3165 569 3250 spatio
602 3164 810 3243 unumne,
840 3169 937 3249 majas
1115 3149 1170 3215 ¹²¹⁸·
1193 3144 1237 3198 ²³·

55 3254 161 3321 tamen
185 3273 257 3319 ease
274 3254 358 3318 FAB
377 3256 476 3337 spatio
491 3253 585 3331 EGD,
610 3274 669 3317 non
689 3254 829 3319 obstante
848 3260 937 3339 quod,

53 3347 81 3410 ri
103 3343 199 3410 GAK
222 3351 335 3420 rectus,
359 3351 431 3409 tunc
449 3344 586 3407 BFLAB
611 3345 737 3425 aequale
758 3365 825 3408 esse
840 3349 939 3428 possit

53 3435 158 3519 spatio
181 3431 317 3498 KEGDI
339 3442 371 3497 ιι
393 3431 484 3517 LAG
506 3431 607 3515 spatio
630 3434 715 3508 KHI,
739 3434 840 3516 itaque
864 3436 935 3499 bre-

54 3527 122 3589 riua
141 3523 223 3587 KHI
244 3523 371 3605 aequale
390 3522 518 3604 longiori
537 3520 621 3600 KGI,
645 3523 716 3604 quia
737 3524 794 3588 hoc
816 3526 934 3603 exilius,

53 3615 131 3679 illud
154 3612 261 3677 latina.
308 3609 425 3684 Quodsi
448 3613 505 3675 boc
532 3612 630 3675 solnm
656 3613 797 3690 sciretur,
822 3623 936 3697 quanta
964 3584 991 3792 p

53 3710 141 3768 earet
160 3701 266 3786 portio
283 3699 381 3777 Eun,
399 3700 482 3777 101,
507 3702 690 3783 computatio
715 3703 830 3767 facilior
853 3713 936 3768 esset

56 3812 147 3879 quam
169 3792 205 3855 in
227 3789 335 3874 quavis
354 3790 417 3855 alia
437 3790 608 3875 hypothesi.
645 3792 809 3857 Possumus
832 3801 933 3858 tamen

56 3884 132 3948 inire
154 3880 308 3947 rationem
331 3878 455 3956 calculi,
488 3880 649 3958 distributa
672 3882 811 3964 ellipoide
835 3884 935 3948 orbita

57 3974 86 4036 in
107 3979 220 4055 partes
242 3965 310 4035 360
338 3970 500 4052 aequales,
537 3990 592 4034 seu
621 3971 723 4053 potius
746 3993 783 4036 ex
806 3975 932 4037 termino

56 4062 203 4146 cujusque
219 4078 309 4124 ιιιιι
332 4059 442 4125 educta
463 4059 544 4123 linea
565 4060 604 4122 ad
623 4069 757 4126 centrum
770 4064 811 4126 A.
849 4065 933 4127 Tunc
1169 4085 1195 4131 ι
1254 4138 1258 4145 ,

54 4152 135 4217 enim
157 4150 237 4214 fient
259 4144 327 4214 360
355 4146 537 4231 aequabasia
568 4149 735 4231 triangula,
769 4152 933 4217 verticibus

54 4242 84 4306 in
104 4242 139 4305 Δ
161 4238 239 4304 Sole
268 4237 420 4302 coeuntia
465 4237 626 4321 Sciturqus
656 4242 743 4324 primi
773 4242 902 4306 altitudo
923 4240 1001 4320 AO,
1031 4244 1154 4325 tingitur
1183 4246 1311 4310 alterum
1343 4263 1411 4310 orns

53 4330 267 4414 aequealtum,
300 4328 373 4409 quia
400 4347 506 4409 parum
529 4329 625 4393 deest.
671 4333 771 4396 Datur
793 4333 885 4413 igitur
908 4353 980 4396 area
1002 4333 1144 4416 trianguli
1173 4335 1261 4417 primi
1283 4336 1313 4399 in
1337 4354 1409 4416 pro-

52 4419 197 4504 portione
234 4436 326 4481 areae
357 4415 444 4481 GKH
475 4438 529 4480 seu
560 4417 632 4482 cffl
667 4422 822 4486 subtracto
860 4422 989 4486 deiectu.
1035 4423 1084 4486 Ex
1116 4426 1284 4505 quantitate
1321 4422 1409 4504 hujus

52 4507 201 4591 trianguli
224 4507 317 4571 datur
334 4512 453 4589 tempus
476 4527 529 4570 seu
544 4511 704 4588 anomalia,
728 4532 766 4576 ex
784 4513 938 4577 anomalia
960 4512 1089 4577 altitudo
1109 4516 1233 4578 secundi
1256 4512 1408 4594 trianguli,

53 4619 90 4663 ea
111 4596 278 4663 altitudine
293 4616 376 4672 area,
401 4616 523 4661 exarea
537 4607 657 4682 tempus
676 4609 708 4664 ιι
722 4601 882 4679 anomalia,
908 4620 983 4684 quae
1003 4603 1111 4683 juncta
1123 4602 1216 4686 priori
1240 4603 1408 4667 anomaliae

53 4688 190 4753 ostendit
219 4685 414 4751 altitudinem
445 4687 527 4751 tertii
558 4688 717 4771 trianguli,
749 4700 781 4755 et
810 4691 854 4754 sic
886 4700 1105 4772 consequenter
1137 4712 1231 4775 usqne
1261 4693 1301 4757 ad
1331 4687 1407 4759 360

53 4778 234 4863 Prmcrpere
258 4775 399 4859 equidem
420 4796 552 4858 possum,
576 4786 610 4842 tu
635 4801 808 4863 exsequere.
1425 4818 1428 4823 ·
1515 4794 1519 4821 ²

137 4865 301 4939 Describit
323 4864 399 4933 mibi
420 4873 452 4933 et
472 4874 557 4935 tuam
579 4869 759 4959 hypothesin
782 4878 815 4940 st
836 4868 927 4953 petis,
950 4875 986 4935 ut
999 4869 1114 4941 calculo
1128 4871 1308 4938 examinem.
1345 4868 1409 4937 Sed

1153 4973 1196 5031 μ
