3368 5534
166 323 231 395 ³10
651 327 695 381 Da
711 327 820 382 hictibus
838 327 932 381 Stellas
948 325 1038 381 uun·
1139 386 1145 403 Ι

165 507 207 571 sit
229 503 401 588 superficies
416 503 675 586 hemisphaerica3
698 528 768 570 narn
789 527 883 588 aeque
899 505 1106 586 multiplicium
1121 506 1226 567 eadem
1249 504 1350 566 estad
1365 523 1400 567 se
1415 511 1516 568 mutuo

164 594 329 678 proportio.
369 593 536 675 Sphaerica
549 613 620 656 vero
636 598 808 677 superficies
823 597 861 659 ab
881 595 1104 658 Archimede
1128 596 1336 657 demonstrata
1351 604 1401 657 est
1420 594 1516 677 quad·

164 687 253 767 rupla
283 704 351 747 esse
383 685 421 746 ad
451 684 571 764 planum
594 686 696 748 circuli
719 686 840 748 maximi
871 686 900 748 iu
933 685 1064 765 sphaera
1094 685 1208 766 scripti.
1255 682 1386 747 Omnino
1416 684 1515 765 itaque

166 792 273 855 corpus
304 773 394 854 duplo
425 772 541 834 distans
575 772 691 854 longius
722 776 750 836 iu
778 798 793 855 y
822 794 909 856 quam
939 775 967 836 in
1001 775 1036 850 β,
1061 773 1180 836 videtur
1208 773 1329 852 octuplo
1360 771 1516 836 obscurius

156 865 264 945 ,lucere
295 863 435 926 debuisse
466 862 495 923 in
518 887 533 943 γ
555 882 644 944 quem
676 864 705 927 in
728 866 757 943 β,
790 884 849 927 non
882 864 1087 925 tantummodo
1121 863 1221 944 duplo.
1266 861 1389 925 Etenim
1418 882 1455 923 ex
1483 879 1516 923 eo

165 952 232 1037 ipso
254 952 374 1014 videtur
396 950 511 1013 intendi
539 951 648 1014 debere
672 954 796 1017 claritas
826 953 993 1027 radiorum,
1027 952 1105 1032 quod
1132 971 1259 1033 corpora
1286 970 1325 1014 ex
1352 950 1516 1034 appropin-

167 1041 309 1127 quatione
335 1041 476 1117 videntur
505 1040 693 1122 amplificari,
727 1050 761 1105 ut
783 1043 888 1104 Venus
921 1042 949 1103 in
983 1042 1125 1121 perigaeo
1154 1041 1279 1124 epicyeli
1302 1038 1517 1104 evidentiorem

167 1131 342 1214 corporibus
366 1130 500 1191 umbram
524 1130 742 1194 circumscribit
765 1151 853 1213 quam
875 1131 906 1194 in
930 1150 1075 1212 apogaeo.
1114 1129 1230 1207 Eadem
1253 1130 1356 1211 igitur,
1380 1131 1413 1193 vi
1434 1148 1517 1192 com·

167 1219 335 1304 potationis
359 1240 379 1281 a
400 1218 487 1280 nobis
509 1218 668 1282 institutae
691 1222 770 1284 inter
794 1222 889 1283 lucem
912 1228 943 1282 et
971 1221 1030 1283 vim
1061 1220 1231 1296 motrieem,
1264 1219 1407 1283 videntur
1428 1230 1460 1283 et
1482 1219 1517 1280 de

162 1310 195 1373 vi
217 1304 341 1374 mo'trice
361 1307 477 1387 concipi
502 1308 621 1372 debere.

252 1400 304 1462 Ad
327 1399 404 1462 banc
419 1396 619 1477 objectionem
637 1398 732 1460 solide
754 1398 931 1477 respondeo,
956 1398 986 1461 in
1009 1398 1107 1478 prima
1119 1398 1221 1477 puncti
1240 1397 1393 1479 positione
1410 1397 1515 1460 falsum

167 1488 292 1553 assumi
338 1487 418 1550 Nam
441 1486 499 1548 etsi
523 1487 567 1549 sic
590 1506 646 1567 ego
677 1487 707 1549 in
731 1486 850 1565 Opticis
874 1506 989 1569 quoque
1013 1488 1131 1550 locutus
1154 1506 1238 1562 snm,
1261 1495 1295 1549 at
1318 1507 1386 1550 enm
1409 1486 1516 1568 opticis

165 1599 212 1642 me
235 1578 366 1641 locutum
380 1574 560 1652 memineris,
585 1595 708 1658 quorum
723 1586 835 1657 puncta
858 1572 890 1638 et'
912 1578 1008 1638 lineae
1023 1596 1080 1638 non
1105 1584 1176 1638 sunt
1198 1576 1286 1657 plane
1306 1575 1514 1639 indivisibiles.

165 1668 286 1731 Etenim
302 1667 380 1748 quod
402 1673 545 1746 punctum
569 1666 690 1735 attinet,
715 1685 780 1727 cnm
804 1665 833 1727 id
859 1666 970 1729 nnllam
990 1666 1127 1728 obtineat
1149 1666 1360 1746 quantitatem,
1386 1666 1514 1746 amplifi·

165 1765 272 1821 centur
285 1774 356 1818 vero
371 1754 557 1818 radiationes
576 1774 642 1818 curn
657 1754 876 1835 quantitatibus
892 1774 1063 1836 corporum:
1082 1756 1226 1837 seqnitur,
1248 1755 1354 1835 puncti
1368 1755 1515 1817 radiatio·

163 1865 233 1910 nem
254 1864 309 1927 per
331 1863 365 1906 se
395 1843 513 1906 nnllam·
531 1862 615 1920 esse,
648 1862 740 1925 quare
767 1844 876 1906 nullius
904 1844 1080 1907 radiationis
1113 1844 1195 1907 nulla
1224 1844 1316 1905 etiam
1344 1845 1444 1924 major
1471 1845 1516 1906 rel

164 1935 262 2000 minor
286 1932 433 1996 densitas.
479 1932 586 2012 Itaque
610 1933 763 2013 usurpatio
787 1933 882 2012 prima
906 1934 1106 2013 proportionis
1130 1933 1343 1995 distantiarum
1363 1937 1411 2014 αβ
1425 1933 1464 1995 ad
1479 1956 1517 2012 ay

166 2026 224 2089 boc
246 2033 337 2107 pacto
361 2020 523 2084 intercidit.
571 2020 652 2093 Quin
674 2022 775 2104 potins
803 2023 842 2084 ob
869 2022 899 2084 id
930 2023 1025 2103 ipsum
1054 2022 1192 2095 dicimus,
1224 2031 1365 2103 punctum
1398 2023 1516 2104 aliquod

164 2115 272 2178 fortius
287 2113 335 2175 vel
359 2111 538 2174 imbecillius
560 2113 669 2187 lucere,
696 2111 852 2192 quiaillud
877 2121 1018 2191 punctum
1031 2112 1117 2175 nobis
1140 2113 1283 2193 majorem
1308 2114 1353 2177 vel
1374 2114 1516 2175 minorem

162 2204 368 2287 quantitatem
391 2200 542 2280 designat.

252 2294 289 2356 In
318 2289 449 2354 secunda
478 2289 580 2352 circuli
610 2297 641 2350 et
670 2289 762 2351 tertia
785 2289 859 2351 disci
889 2289 1037 2370 positione
1062 2290 1119 2351 duo
1145 2289 1227 2351 falsa
1256 2289 1370 2352 insunt.
1417 2289 1515 2351 Primo

167 2383 246 2466 quod
270 2379 398 2443 circulus
421 2379 661 2453 mathematicus,
687 2397 792 2451 carens
816 2378 990 2454 latitudine,
1023 2379 1145 2459 fungitur
1168 2380 1280 2440 lucere:
1313 2399 1381 2441 cum
1405 2378 1432 2440 ie
1456 2389 1516 2441 tam

164 2491 222 2536 non
238 2472 339 2533 luceat
361 2489 393 2530 se
410 2468 485 2547 ipso,
511 2487 599 2549 quarn
622 2487 679 2528 nou
704 2474 806 2548 potest
824 2468 923 2530 lucere
946 2476 1099 2548 punctum,
1124 2487 1162 2530 ex
1176 2468 1260 2548 eujus
1276 2468 1367 2530 ductu
1387 2469 1515 2531 circulus

164 2560 248 2643 gigni
276 2557 465 2637 intelligitur.
512 2555 594 2619 Sane
622 2556 714 2619 nihilo
741 2557 838 2637 magis
867 2558 1050 2637 promoveris
1079 2559 1119 2620 ad
1146 2557 1347 2638 superficiem,
1381 2566 1516 2621 assumta

55 2672 60 2685 ·
165 2650 247 2715 linea
270 2648 361 2710 trium
384 2645 549 2708 stadiorum
573 2665 661 2727 qnam
684 2646 773 2707 trium
796 2646 914 2727 pedum.

252 2736 391 2802 Secundo
414 2735 536 2816 fingitur
558 2735 751 2816 amplificatio
771 2736 871 2815 optiea
893 2735 1033 2798 diametri
1051 2736 1099 2798 vel
1119 2735 1195 2799 disci
1211 2736 1322 2797 addere
1346 2736 1513 2799 fortitudini

163 2829 325 2902 radiorum,
357 2844 423 2887 cnm
447 2826 489 2887 sit
510 2832 626 2888 tantum
660 2824 797 2904 deceptio
826 2825 956 2886 visoriac
989 2824 1146 2888 facultatis
1169 2834 1200 2887 et
1222 2843 1260 2886 ex
1283 2843 1396 2905 genere
1419 2827 1513 2889 ratio·

164 2918 276 2982 nalium
299 2915 428 2989 entium,
460 2914 567 2997 quihus
597 2913 681 2975 nulla
704 2922 752 2975 est
782 2913 951 2975 efficientia.
1000 2914 1103 2995 Itaque
1133 2913 1212 2976 idem
1235 2933 1267 2976 re
1295 2915 1364 2995 ipsa
1386 2915 1514 2978 circulus

164 3014 218 3084 de,
250 3006 354 3069 eadem
385 3003 558 3085 superficies
581 3009 645 3065 dae
670 3002 714 3077 (in
738 3004 859 3081 negotio
883 3003 984 3077 lucis),
1018 3003 1096 3065 idem
1126 3024 1234 3084 corpus
1257 3009 1295 3065 br
1319 3005 1365 3077 (in
1395 3005 1513 3087 negotio

109 3146 112 3153 .
163 3098 300 3169 virtutis)
315 3102 451 3167 manens,
475 3094 539 3154 sive
556 3111 621 3172 exy
643 3091 838 3172 adspiciatur,
863 3092 926 3154 sive
944 3111 982 3153 ex
997 3094 1025 3170 β,
1050 3093 1129 3155 idem
1148 3093 1239 3155 etiam
1261 3102 1410 3174 perpetuo
1425 3112 1512 3175 prae·

164 3187 259 3251 stabit
276 3193 307 3246 et
322 3182 442 3257 efficiet,
467 3190 499 3243 et
513 3180 691 3244 tantundem
716 3189 839 3261 sparget
861 3182 982 3244 virtutis
998 3182 1046 3244 vel
1071 3182 1146 3244 lucis
1171 3183 1199 3245 in
1215 3181 1346 3262 orbemy
1369 3183 1513 3246 laxiorem

164 3284 306 3361 quantum
329 3273 402 3350 inti
434 3271 654 3350 angustiorem:
689 3270 762 3331 nihil
795 3271 872 3337 enim
904 3272 981 3350 perit
1014 3271 1044 3332 in
1074 3272 1180 3333 itinere
1188 3291 1197 3346 ;
1227 3272 1367 3352 pervenit
1399 3274 1512 3354 species

163 3369 281 3446 integra
312 3381 402 3444 quam
437 3361 519 3422 lubet
555 3358 775 3433 remotissime,
812 3360 1017 3423 tantummodo
1055 3362 1250 3441 sphaerarum
1287 3362 1512 3424 extensionibus

164 3462 347 3527 attenuatur,
371 3459 405 3512 ut
427 3450 457 3512 in
473 3449 593 3530 punctis
616 3448 810 3528 sphaerarum
834 3450 970 3528 singulis,
993 3458 1067 3528 puta
1086 3451 1115 3513 in
1129 3473 1144 3528 y
1159 3458 1189 3512 et
1204 3452 1234 3527 β,
1257 3450 1298 3512 sit
1322 3451 1385 3512 illic
1408 3453 1511 3522 rarior,

164 3545 213 3606 hic
236 3541 357 3605 densior
380 3540 410 3601 in
433 3538 625 3619 proportione
653 3555 799 3599 conversa
826 3537 1038 3600 distantiarum
1061 3541 1105 3617 αβ
1128 3540 1167 3601 ad
1190 3563 1237 3618 cy.
1283 3537 1326 3600 Et
1347 3539 1425 3603 baec
1450 3541 1512 3602 sola

164 3654 256 3695 causa
272 3639 320 3693 est
334 3627 560 3695 debilitationis,
585 3647 643 3688 nou
663 3629 875 3688 evanescentia
890 3628 983 3689 fontis
1003 3634 1049 3702 ds,
1073 3649 1149 3709 quae
1173 3648 1205 3690 re
1224 3646 1297 3690 vera
1316 3648 1374 3690 non
1395 3630 1512 3702 accidit,

165 3723 219 3785 sed
242 3741 296 3803 per
319 3719 402 3780 visus
420 3716 634 3798 deceptionem.
674 3718 737 3777 lmo
758 3717 783 3776 si
798 3716 847 3778 hic
870 3716 978 3778 liberet
999 3737 1036 3779 ex
1050 3718 1223 3781 Euclidis
1247 3716 1398 3798 Opticis
1422 3739 1511 3800 argu·

164 3811 233 3886 tari,
257 3809 355 3871 minus
379 3807 454 3868 lucis
478 3806 517 3866 ad
540 3806 707 3887 propinqua
729 3806 749 3882 β
771 3807 854 3868 venit
881 3827 970 3887 quam
993 3807 1031 3868 ad
1055 3816 1184 3875 remota,
1213 3827 1249 3868 eo
1272 3807 1406 3880 nomine,
1436 3808 1511 3891 qnod

165 3901 195 3963 in
218 3902 238 3978 β
259 3899 356 3960 minor
378 3895 507 3958 circulus
531 3894 676 3956 terminat
698 3893 795 3956 visum
819 3895 1088 3976 hemisphaericum
1111 3896 1240 3958 lucentis
1263 3902 1301 3957 oe
1325 3916 1414 3978 quam
1438 3898 1468 3958 in
1490 3920 1511 3976 χ.

166 3991 273 4070 Itaque
306 4005 364 4047 uon
397 3993 485 4046 tanta
515 3983 665 4064 particula
694 3983 731 4044 de
761 3983 831 4045 Sole
856 3991 891 4046 de
922 3985 1017 4046 rideri
1047 3995 1150 4065 potest
1182 3987 1263 4062 exli
1293 3995 1407 4067 quanta
1431 4006 1469 4048 es
1490 4011 1510 4066 7.

166 4077 228 4143 Sed
250 4078 307 4139 hoc
331 4073 505 4137 insensibile
529 4081 576 4134 est
600 4073 688 4150 plane
712 4079 743 4133 et
765 4073 816 4134 vix
838 4074 968 4136 numeris
993 4074 1369 4155 immanibusexpressite.

253 4166 320 4246 Ego
343 4183 416 4225 sane
440 4170 599 4243 postquam
623 4162 670 4224 hie
693 4161 763 4222 mihi
787 4162 844 4242 ipsi
867 4164 1020 4242 respondi,
1054 4165 1135 4226 rideo
1159 4165 1285 4227 miseras
1308 4184 1393 4228 meas
1417 4164 1510 4246 trepi-

166 4257 302 4320 dationes
327 4273 364 4315 ex
387 4253 443 4314 hac
467 4252 593 4331 caligine
617 4258 708 4314 ortas.

255 4344 316 4409 Sed
346 4341 489 4404 revibrari
521 4348 623 4420 potest
647 4339 775 4421 objectio
807 4340 836 4400 in
868 4349 985 4420 partem
1012 4343 1208 4417 contrariam,
1241 4343 1285 4404 sic
1315 4362 1433 4423 nempe.
1480 4342 1511 4405 Si

165 4434 342 4498 tantundem
366 4431 440 4492 lucis
464 4429 563 4492 estin
588 4430 689 4508 ampla
711 4429 841 4508 sphaera
864 4432 1003 4509 sparsim,
1027 4441 1167 4513 quantum
1192 4433 1221 4494 in
1246 4441 1377 4510 angusta
1400 4433 1510 4496 collec-

166 4525 235 4601 tim,
258 4543 317 4587 non
333 4520 390 4584 erit
413 4520 589 4581 tantundem
613 4518 733 4579 virtutis
758 4517 928 4601 utrobique,
954 4540 989 4581 eo
1005 4523 1083 4603 quod
1106 4522 1201 4584 virtus
1225 4521 1433 4584 consideratur
1456 4541 1511 4584 non

169 4613 198 4675 in
222 4613 351 4693 sphaera
374 4608 595 4681 orbiculariter,
626 4613 658 4667 nt
682 4607 746 4676 lux,
771 4607 825 4669 sed
849 4608 877 4669 in
901 4608 952 4670 illo
976 4610 1085 4673 circulo
1109 4611 1139 4673 in
1163 4631 1219 4692 quo
1243 4610 1356 4674 incedit
1379 4613 1509 4692 planeta

168 4700 248 4765 Nam
267 4710 299 4764 et
320 4700 472 4763 filamenta
494 4695 664 4777 magnetica
682 4694 762 4758 Solis
786 4715 878 4777 supra
898 4700 1085 4776 ponebantur
1109 4700 1139 4764 in
1162 4702 1282 4781 longum
1305 4702 1511 4766 tantummodo

169 4790 291 4869 porrigi,
316 4808 374 4851 uon
396 4787 489 4849 etiam
511 4804 616 4848 versus
639 4784 725 4863 polos
747 4794 799 4847 ant
823 4784 973 4852 aliorsum.

258 4874 484 4958 Respondetur,
509 4889 632 4938 mmam
653 4873 728 4937 ineis
751 4882 784 4937 et
804 4874 925 4940 antuus
948 4879 1081 4946 metricis
1103 4896 1173 4944 asse
1194 4877 1285 4961 plene
1308 4879 1451 4964 eandem,
1483 4889 1512 4944 et
